3206 5110
313 323 316 330 ’
342 369 409 440 eo

346 587 540 686 ternpore
568 578 669 660 illud
697 576 944 658 habebimus
973 579 1130 688 adicto
1143 581 1336 682 Mustela,
1353 607 1437 686 quo

345 700 489 780 habito
537 701 638 778 illud
680 697 1016 800 magnificentiae
1064 727 1166 784 suae
1208 704 1438 782 secundum
1553 744 1556 752 ·

345 821 433 899 eius
462 819 781 924 requisitionem
811 821 1149 910 transmittemus.

446 942 509 1024 Ad
538 945 708 1021 tertium
738 944 979 1048 capitulum,
1007 943 1059 1022 de
1086 947 1329 1026 renovando
1346 945 1441 1024 ami-

345 1062 1441 1172 citiameumdominoduceMediolaniete.

343 1181 661 1287 Respondemus
691 1185 806 1286 quod
837 1209 931 1263 cum
960 1184 1132 1286 domino
1155 1189 1263 1267 duce
1281 1187 1439 1266 Medio·
1586 1183 1587 1200 ³

207 1347 210 1364 ·
345 1303 427 1382 lani
456 1329 598 1382 sumus
625 1305 665 1381 in
695 1327 814 1406 pace,
842 1309 885 1382 et
913 1304 1013 1384 licet
1033 1308 1353 1387 consideremus
1369 1305 1439 1384 do·
1512 1405 1515 1412 .
1587 1339 1588 1342 ¹

344 1424 514 1502 minium
531 1422 631 1503 dicti
660 1423 767 1501 San
783 1423 810 1500 d
824 1451 847 1504 a
863 1425 902 1502 li
930 1427 1100 1505 multum
1119 1453 1212 1508 esse
1227 1433 1439 1508 remotum
1587 1443 1588 1456 ¹

346 1567 368 1620 a
395 1543 578 1623 dominio
594 1543 693 1625 dieti
708 1544 866 1622 domini
882 1535 1252 1637 ducisMediolani,
1280 1550 1441 1648 [tamen

345 1665 654 1771 magnificentia
682 1689 755 1742 sua
785 1669 927 1766 potest
954 1665 1192 1746 deliberare
1223 1669 1280 1746 de
1318 1691 1441 1746 reno·

346 1786 480 1864 vando
503 1785 568 1866 vel
596 1809 681 1862 non
710 1787 954 1864 renovando
971 1786 1193 1866 amicitiam
1213 1813 1308 1866 cum
1323 1788 1439 1866 dicto

290 1895 296 1908 ’
346 1908 515 2002 domino
545 1907 667 1994 duce,
696 1914 741 1986 ut
761 1901 846 1985 'sibi
872 1907 1037 2010 placet,
1077 1909 1172 2010 quia
1202 1909 1336 1986 omnis
1364 1931 1441 1984 sua

346 2027 595 2120 deliberatio
624 2025 812 2130 placebit
839 2035 986 2106 nostro
1016 2029 1220 2107 dominio.

447 2147 1441 2253 Aliivoluntsupraseriptnmcapitulumusqne[

301 2321 303 2326 -
347 2277 394 2366 etl
416 2277 564 2376 postea
594 2267 776 2348 dicatur:
806 2275 848 2346 et
876 2266 968 2348 talis
997 2269 1212 2348 innovatio
1228 2269 1438 2348 amicitiae

346 2417 429 2470 non
457 2397 606 2496 posset
646 2413 739 2466 esse
767 2387 845 2466 nisi
875 2414 970 2468 cum
999 2415 1189 2494 expensa
1218 2400 1260 2468 et
1286 2391 1438 2470 damno

346 2509 727 2600 suesconsulendo
755 2507 833 2587 sibi
863 2507 1156 2603 amicabiliter,
1180 2509 1346 2590 videtur
1369 2536 1439 2590 no·

347 2631 422 2724 bis,
438 2630 550 2734 quod
578 2631 704 2708 talem
733 2629 1045 2708 innovationem
1072 2655 1155 2709 non
1172 2629 1325 2710 debeat
1341 2657 1440 2734 que·

239 2756 245 2766 '
346 2775 454 2834 rere.

448 2874 509 2954 Ad
540 2876 732 2974 quartum
762 2869 1005 2971 capitulum,
1034 2895 1111 2974 per
1126 2873 1241 2974 qnod
1271 2895 1350 2949 nos
1374 2894 1440 2947 ro·

346 3003 452 3092 gat.
480 3045 491 3070 .
522 3047 533 3068 .
562 3051 572 3070 .
600 2999 645 3068 ut
671 2991 895 3091 dignemur
922 2990 1165 3094 providere,
1195 2990 1306 3091 quod
1347 2989 1441 3066 illos

347 3119 680 3192 sexcentos
710 3112 991 3201 ducatos,
1028 3137 1136 3214 quos
1163 3109 1290 3190 habet
1317 3135 1442 3189 annu·

347 3237 444 3316 atim
486 3236 539 3313 de
568 3229 808 3311 introitibus
849 3231 1080 3317 Catari,
1110 3277 1155 3289 -
1185 3229 1336 3312 hebeat
1362 3257 1444 3310 una

346 3356 441 3434 vice
471 3415 481 3434 .
510 3413 520 3434 .
548 3411 558 3433 .
587 3341 596 3432 .’
629 3413 636 3431 .
669 3351 997 3457 Respondemus,
1034 3356 1269 3432 scribemus
1299 3353 1444 3432 comiti

347 3483 495 3556 nostro
527 3475 680 3574 Catari,
710 3471 826 3576 quod
852 3497 899 3549 se
927 3472 1133 3576 intelligat
1159 3497 1253 3551 eum
1269 3473 1443 3552 domino

283 3671 286 3678 .
348 3597 592 3680 Sandali
622 3653 633 3674 .
660 3653 668 3672 .
696 3651 746 3674 ..
785 3618 868 3694 quo
898 3599 1095 3700 tempore
1124 3593 1303 3676 habilius
1346 3619 1444 3674 eon·

337 3740 529 3820 ,gregare
557 3714 714 3820 poterit
741 3711 894 3792 dictam
922 3712 1164 3817 pecuniam,
1193 3707 1237 3792 et
1264 3711 1375 3816 quod
1403 3713 1444 3790 in

348 3863 427 3918 una
453 3837 520 3916 vel
549 3833 708 3914 duabus
728 3831 844 3934 pagis
861 3831 1031 3909 omnino
1048 3832 1204 3911 debeat
1218 3855 1310 3910 eam
1327 3832 1443 3910 dioto

347 3961 521 4039 domino
549 3981 624 4034 seu
653 3951 806 4033 nuntiis
835 3951 920 4029 suis
949 3951 1221 4051 consignare3
1261 3960 1305 4030 et
1343 3951 1443 4032 scri-

348 4081 494 4160 bemus
522 4079 759 4159 ellicaeitcr
787 4073 930 4154 comiti
959 4081 1121 4165 nostro,
1150 4073 1262 4176 quod
1293 4073 1347 4152 ita
1378 4074 1444 4151 de·

349 4204 446 4282 beat
473 4201 713 4282 observare.
