3224 5110
335 271 400 339 38⁴

334 487 477 581 potest
516 478 742 580 disponere
789 475 1030 556 deliberare
1066 487 1109 556 et
1142 477 1299 566 lacere,
1330 481 1431 557 ulei

233 659 236 670 .
341 601 455 679 libet.

443 721 506 798 Ad
536 721 782 799 tertium
812 721 864 797 de
894 729 1037 802 castro
1068 721 1332 822 lieudoapud
1360 722 1440 798 No·

340 849 592 931 reniam,
634 843 969 943 respondeatur:
1000 841 1112 942 quod
1155 840 1210 915 ob
1248 843 1331 920 hoo
1369 868 1438 920 co·

341 962 584 1063 gnoseimus
614 961 737 1040 etiam
760 961 1029 1040 allectionem
1045 985 1160 1038 saram
1178 962 1227 1037 ad
1245 971 1438 1040 nostrum

340 1082 580 1174 dominium,
609 1083 658 1159 de
690 1110 775 1184 qrro
807 1083 930 1161 etiam
961 1083 999 1158 ei
1030 1081 1318 1181 regratiamur.
1347 1084 1437 1158 Sed

342 1199 538 1304 quoniam
582 1203 708 1280 multa
750 1202 955 1280 habemus
997 1209 1134 1280 eastra
1176 1207 1218 1276 et
1260 1203 1355 1280 loca
1396 1209 1441 1278 et

342 1322 530 1400 contenti
560 1347 703 1398 sumus
731 1323 783 1398 de
813 1323 877 1400 his
907 1347 1015 1423 qtrae
1053 1322 1282 1414 habemus,
1318 1343 1440 1419 roga-

345 1465 435 1518 mus
466 1441 555 1518 eius
586 1441 871 1526 serenitatem,
903 1451 945 1519 ut
973 1467 1053 1520 nos
1081 1441 1234 1520 habeat
1267 1465 1444 1520 exeusa-

343 1569 423 1650 tos,
453 1564 648 1665 quoniam
677 1589 761 1640 non
792 1561 958 1641 videtur
984 1561 1106 1640 nobis
1133 1566 1173 1642 iu
1202 1563 1444 1640 huiusmodi

344 1707 391 1763 re
432 1709 509 1760 nos
550 1683 770 1786 impedire.
827 1683 1115 1785 Similiterque
1167 1683 1206 1759 ei
1245 1683 1444 1762 habunde

347 1805 623 1904 regratiamur
658 1805 710 1880 de
754 1804 901 1882 eastris
948 1805 1034 1881 suis
1075 1804 1445 1883 circumstantibus

344 1925 513 2014 Pollae,
553 1949 660 2027 (puae
689 1923 809 2004 nobis
846 1925 997 2015 offert,
1027 1926 1259 2002 rationibus
1285 1927 1447 2027 praeal-

346 2047 508 2147 legatis.
1181 2128 1184 2137 ,

450 2167 512 2244 Ad
557 2174 829 2268 quartum
872 2170 925 2246 de
969 2169 1065 2246 loco
1105 2191 1232 2267 quem
1271 2169 1378 2269 petit
1404 2167 1446 2242 in

347 2289 447 2367 Dal
465 2312 503 2364 m
521 2309 543 2362 a
561 2287 653 2374 tia,
682 2287 1003 2392 respondeatur:
1031 2289 1147 2390 qarod
1165 2311 1228 2363 xeu
1244 2288 1448 2387 singulari

328 2401 637 2489 ‘beniuolentia
665 2418 707 2486 et
735 2433 881 2487 amore
909 2433 1034 2511 qoem
1063 2408 1266 2487 habemus
1288 2408 1448 2485 adeius

349 2531 635 2628 serenitatem,
666 2539 910 2632 optaremus
946 2553 1115 2632 semper
1144 2531 1287 2609 iacere
1315 2555 1448 2633 posse

314 2645 320 2658 '
350 2676 398 2729 ea
429 2650 594 2741 omnia,
623 2675 731 2751 quae
768 2661 885 2751 grata
914 2664 953 2730 et
982 2656 1157 2754 accepta
1195 2655 1341 2730 essent
1367 2653 1450 2753 ipsi

348 2771 622 2850 serenissimo
664 2771 837 2850 domino
881 2773 994 2872 regi.
1031 2775 1107 2850 sed
1144 2776 1189 2847 ut
1218 2771 1318 2848 alias
1344 2769 1448 2848 dixt-

349 2915 451 2981 mus,
478 2896 649 2971 nostrae
665 2893 854 2972 civitates
882 2901 925 2973 et
954 2895 1048 2973 loca
1064 2891 1297 2970 Dalmatiae
1322 2915 1345 2966 a
1375 2915 1446 2968 no·

349 3013 413 3092 bis
443 3011 767 3115 promissionem
798 3019 840 3090 et
868 3013 1133 3116 privilegium
1161 3012 1331 3106 habent,
1364 3033 1449 3111 quo

351 3133 432 3210 illis
461 3132 537 3209 sub
564 3131 649 3209 lide
676 3137 822 3210 nostra
850 3131 1134 3236 promisimus,
1164 3153 1373 3231 uunquam
1401 3130 1448 3206 il·

351 3256 414 3331 los
442 3255 509 3329 vel
539 3251 609 3329 illa
637 3253 737 3330 dare
766 3251 903 3337 alieni,
934 3252 999 3330 vel
1027 3250 1214 3329 alienare
1243 3248 1331 3327 ullo
1361 3273 1447 3325 mo·

351 3378 421 3462 do;
450 3395 581 3473 quare
609 3393 805 3469 rogamus
832 3371 1105 3450 serenitatem
1134 3391 1264 3460 suam,
1292 3373 1337 3442 ut
1368 3391 1446 3444 nos

352 3495 507 3572 lrabeat
533 3501 785 3576 excusatos,
814 3494 1019 3592 quianon
1049 3493 1236 3570 videmus
1265 3491 1448 3574 modum,

353 3615 467 3718 quod
510 3637 604 3692 eum
645 3613 812 3691 honore
853 3619 1001 3690 nostro
1043 3611 1254 3712 possimus
1297 3612 1336 3686 iu
1365 3610 1451 3686 hoc

353 3739 442 3816 eius
471 3735 682 3814 serenitati
714 3735 995 3836 complacere.
1030 3730 1114 3809 Sed
1144 3735 1276 3834 parati
1305 3755 1450 3808 sumus

353 3857 545 3936 seribere
587 3863 629 3932 et
669 3855 867 3933 mandare
910 3851 1242 3956 quibuscumque
1273 3851 1448 3930 rectori·

355 3983 431 4056 bus
458 3979 631 4066 nostris,
660 3973 731 4077 qui
759 3976 797 4054 ei
826 3975 1059 4060 videantur,
1079 3973 1195 4074 quod
1211 3974 1262 4050 ad
1279 3991 1447 4049 omnem

354 4101 444 4177 eius
473 4097 804 4199 requisitionem,
831 4094 1046 4174 serenitati
1082 4117 1182 4172 suae
1211 4099 1251 4170 et
1278 4093 1369 4170 eius
1397 4089 1450 4164 ia·
