3206 5110
1206 400 1274 477 tta

247 585 339 716 ,aa
367 601 600 702 secundum
629 617 869 725 capitulum,
897 575 975 724 per
1004 615 1117 720 quod
1150 565 1271 716 rogat

177 745 367 820 nastrum
405 741 659 832 dominium,
701 749 744 819 ut
784 739 1005 840 dignemur
1041 735 1273 841 providere

167 887 272 946 ,cum
303 847 422 941 Mus
440 863 560 941 tata
579 920 588 948 ,
631 861 742 962 quod
771 857 925 936 habeat
954 881 1079 936 unum
1109 859 1274 961 privile-

177 983 314 1081 gium,
353 1003 431 1088 per
460 981 571 1085 quod
601 973 738 1069 eidem
768 979 990 1060 confirmat
1018 998 1165 1086 omnes
1192 1004 1274 1060 me·

178 1109 241 1182 tas
270 1113 312 1182 et
340 1103 521 1183 confinia
549 1104 611 1181 sui
629 1103 786 1214 ‚paisii‚
827 1092 940 1204 quod
968 1107 1085 1180 tenet
1112 1109 1155 1178 et
1181 1126 1274 1205 pos·

178 1222 299 1312 sidet,
329 1223 411 1306 etc.
446 1223 780 1326 Respondemus,
810 1221 924 1325 quod
954 1219 1172 1324 diligentes
1201 1230 1276 1316 sta·
1388 1263 1394 1272 ·

178 1351 265 1424 tum
293 1337 414 1424 suum
442 1353 652 1448 tamquam
682 1345 805 1423 amici
821 1338 953 1422 nostri
976 1343 1197 1434 carissimi,
1211 1370 1274 1421 su·

43 1484 50 1492 ·
180 1490 272 1544 mus
293 1467 447 1570 parati,
476 1467 516 1546 in
545 1466 866 1568 quibuscunque
891 1461 1159 1566 possibilibus
1176 1489 1302 1542 suae·

180 1582 514 1686 magnificentiae
544 1584 844 1687 complacere,
887 1583 961 1659 sed
991 1574 1181 1661 tolentes
1217 1609 1277 1662 se·

181 1731 277 1786 cum
307 1707 437 1808 loqui,
464 1713 673 1808 tamquam
704 1729 797 1782 cum
827 1705 964 1783 amico
990 1712 1136 1782 nostro
1155 1697 1277 1818 caris·

181 1823 551 1919 simtt‚dicimus,
582 1827 696 1930 quod
725 1851 868 1906 sumus
897 1827 1135 1933 certissimi,
1164 1826 1276 1930 quoti

181 1939 386 2040 iiiitsial‘a,
415 1959 593 2052 propter
632 1940 805 2026 lavares
845 1974 953 2052 quos
995 1941 1074 2028 sibi
1116 1937 1278 2038 damus,

182 2075 267 2149 tam
295 2071 336 2147 in
364 2067 596 2174 praesenti,
626 2095 747 2172 quam
775 2072 809 2146 si
838 2069 1042 2174 succedet
1070 2073 1122 2162 ad¹
1150 2071 1280 2149 domi·

182 2191 323 2276 uiant,
365 2203 535 2290 semper
577 2189 866 2294 complaceret
906 2197 1056 2270 nostro
1094 2190 1280 2270 dominio

184 2309 236 2388 de
252 2307 448 2390 ia'clttndo
477 2300 750 2414 privilegium
778 2292 1065 2413 praedictum
1094 2310 1168 2390 sed
1186 2313 1281 2414 quia

184 2435 332 2534 piasset
368 2443 614 2524 occurrere,
655 2434 770 2536 quod
800 2433 936 2512 dictus
979 2421 1156 2523 Mustal'a
1197 2457 1280 2512 non

160 2557 462 2656 ¹prosperaret
489 2553 528 2628 in
558 2537 758 2636 dominis,
787 2559 829 2628 et
857 2553 982 2630 etiarn
1006 2579 1076 2632 res
1090 2553 1282 2632 Turcho·

186 2670 279 2748 runt
307 2677 392 2750 non
420 2675 531 2749 stant
557 2668 665 2748 bene
681 2677 862 2756 secrete,
879 2679 971 2749 esse
994 2679 1151 2776 posset,
1167 2671 1281 2776 quod

186 2794 273 2874 hoc
309 2790 552 2898 perveniret
593 2793 644 2867 ad
685 2793 881 2896 notitiam·
916 2793 1282 2896 Morathbey,

188 2921 231 2991 et
258 2915 502 2990 tellianente
529 2899 571 2988 in
601 2910 787 2988 duminio
817 2900 931 2988 dic'to
966 2897 1282 3014 Morathbey,

184 3035 336 3134 'posset
363 3054 460 3109 esse
488 3029 685 3108 nocivum
714 3027 827 3107 dic'lo
857 3015 1077 3128 magnifico
1110 3028 1283 3108 domino

50 3137 56 3154 ’
189 3141 298 3228 San
314 3151 339 3228 d
356 3175 377 3228 a
393 3153 405 3228 l
422 3151 434 3228 i
452 3211 462 3248 ,
497 3147 767 3252 requisivisse
797 3173 818 3225 a
848 3149 962 3230 dicto
990 3137 1172 3229 Mustela
1201 3147 1284 3254 pri·

186 3261 387 3386 tilegium
408 3256 706 3378 praedictum,
734 3279 777 3349 et
804 3279 1036 3375 propterea
1065 3268 1283 3389 consulen-

189 3393 368 3473 dosibt
403 3394 619 3494 'tamquam
672 3391 808 3471 amico
857 3399 1007 3470 nostro
1051 3391 1285 3482 carissimo,

190 3513 285 3616 qula
312 3503 467 3589 statum
495 3535 615 3588 suum
645 3525 835 3591 nostrum
865 3517 1132 3614 reputamus,
1162 3509 1304 3601 nobis

189 3635 358 3712 t’ldetur
398 3622 539 3712 utilius
580 3631 676 3708 lore
719 3639 761 3708 et
801 3633 993 3712 securius
1047 3653 1125 3734 pro
1164 3615 1285 3710 'licto

190 3751 363 3832 tlolninu
398 3739 671 3836 Sandaii,
709 3759 938 3856 expectare
967 3751 1149 3855 qualiter
1170 3735 1286 3830 iacta
1410 3807 1413 3820 .

192 3873 292 3954 dic'tl
314 3859 523 3951 Mustelae
549 3857 792 3952 succedent.
839 3857 1113 3952 Nihilominus
1143 3881 1286 3951 su'u‘r'us

190 3995 327 4097 p‘a'r'ati
354 3999 396 4074 et
422 3992 703 4096 inpraesenti
730 3997 772 4068 e't
798 3993 1007 4083 infutu'ro,
1033 3984 1162 4096 prout
1189 3991 1286 4072 deli·

191 4107 381 4206 iterabit,
409 4115 641 4194 sollicitare
669 4115 722 4194 de
751 4099 947 4194 habentis
977 4117 1133 4195 dictum
1161 4101 1315 4223 privis

193 4237 362 4338 legium,
391 4237 487 4341 quia
514 4263 658 4318 sumus
687 4235 931 4326 certissimi,
954 4223 1073 4341 'quad
1096 4235 1143 4314 'in
1172 4236 1287 4315 amni
