<?xml version="1.0" encoding="UTF-8"?>
<!DOCTYPE html PUBLIC "-//W3C//DTD XHTML 1.0 Transitional//EN"
    "http://www.w3.org/TR/xhtml1/DTD/xhtml1-transitional.dtd">
<html xmlns="http://www.w3.org/1999/xhtml" xml:lang="en" lang="en">
 <head>
  <title>
</title>
<meta http-equiv="Content-Type" content="text/html;charset=utf-8" />
  <meta name='ocr-system' content='tesseract 3.04.00' />
  <meta name='ocr-capabilities' content='ocr_page ocr_carea ocr_par ocr_line ocrx_word'/>
</head>
<body>
  <div class='ocr_page' id='page_1' title='image "./actaarchivivene00sergoog_0238.png"; bbox 0 0 3212 5116; ppageno 0'>
   <div class='ocr_carea' id='block_1_1' title="bbox 342 311 410 381">
    <p class='ocr_par' dir='ltr' id='par_1_1' title="bbox 342 311 410 381">
     <span class='ocr_line' id='line_1_1' title="bbox 342 311 410 381; baseline -0.044 0"><span class='ocrx_word' id='word_1_1' title='bbox 342 311 410 381; x_wconf 68' lang='lat'>218</span> 
     </span>
    </p>
   </div>
   <div class='ocr_carea' id='block_1_2' title="bbox 253 517 1435 1102">
    <p class='ocr_par' dir='ltr' id='par_1_2' title="bbox 253 517 1435 628">
     <span class='ocr_line' id='line_1_2' title="bbox 253 517 1435 628; baseline -0.004 -23"><span class='ocrx_word' id='word_1_2' title='bbox 253 595 256 605; x_wconf 78' lang='grc'><strong>,</strong></span> <span class='ocrx_word' id='word_1_3' title='bbox 343 528 445 614; x_wconf 84' lang='lat' dir='ltr'>test,</span> <span class='ocrx_word' id='word_1_4' title='bbox 484 545 565 624; x_wconf 89' lang='lat' dir='ltr'>pro</span> <span class='ocrx_word' id='word_1_5' title='bbox 593 542 675 622; x_wconf 79' lang='lat' dir='ltr'>qua</span> <span class='ocrx_word' id='word_1_6' title='bbox 703 517 872 620; x_wconf 84' lang='lat' dir='ltr'>quidem</span> <span class='ocrx_word' id='word_1_7' title='bbox 900 518 1187 600; x_wconf 75' lang='lat' dir='ltr'><strong>satisfactione</strong></span> <span class='ocrx_word' id='word_1_8' title='bbox 1213 523 1435 628; x_wconf 78' lang='lat' dir='ltr'>propingri</span> 
     </span>
    </p>

    <p class='ocr_par' dir='ltr' id='par_1_3' title="bbox 317 641 1435 1102">
     <span class='ocr_line' id='line_1_3' title="bbox 317 641 1435 746; baseline 0.002 -28"><span class='ocrx_word' id='word_1_9' title='bbox 317 641 503 724; x_wconf 75' lang='lat' dir='ltr'>‘Nicolai</span> <span class='ocrx_word' id='word_1_10' title='bbox 530 665 659 744; x_wconf 88' lang='lat' dir='ltr'>saepe</span> <span class='ocrx_word' id='word_1_11' title='bbox 688 647 933 744; x_wconf 78' lang='lat' dir='ltr'>comparent</span> <span class='ocrx_word' id='word_1_12' title='bbox 975 665 1120 720; x_wconf 90' lang='lat' dir='ltr'>coram</span> <span class='ocrx_word' id='word_1_13' title='bbox 1155 642 1276 720; x_wconf 91' lang='lat' dir='ltr'>nobis</span> <span class='ocrx_word' id='word_1_14' title='bbox 1311 643 1435 746; x_wconf 86' lang='lat' dir='ltr'>supli-</span> 
     </span>
     <span class='ocr_line' id='line_1_4' title="bbox 344 759 1433 867; baseline 0.004 -29"><span class='ocrx_word' id='word_1_15' title='bbox 344 770 502 854; x_wconf 88' lang='lat' dir='ltr'>cantes,</span> <span class='ocrx_word' id='word_1_16' title='bbox 530 768 576 838; x_wconf 90' lang='lat' dir='ltr'>nt</span> <span class='ocrx_word' id='word_1_17' title='bbox 601 759 871 863; x_wconf 78' lang='lat' dir='ltr'>provideatur</span> <span class='ocrx_word' id='word_1_18' title='bbox 899 760 950 838; x_wconf 91' lang='lat' dir='ltr'>de</span> <span class='ocrx_word' id='word_1_19' title='bbox 979 762 1168 841; x_wconf 89' lang='lat' dir='ltr'>remedio</span> <span class='ocrx_word' id='word_1_20' title='bbox 1204 769 1433 867; x_wconf 85' lang='lat' dir='ltr'>oportuno,</span> 
     </span>
     <span class='ocr_line' id='line_1_5' title="bbox 342 879 1434 986; baseline 0 -26"><span class='ocrx_word' id='word_1_21' title='bbox 342 889 388 960; x_wconf 86' lang='lat' dir='ltr'>ut</span> <span class='ocrx_word' id='word_1_22' title='bbox 414 885 537 960; x_wconf 81' lang='lat' dir='ltr'>exeat</span> <span class='ocrx_word' id='word_1_23' title='bbox 564 883 617 958; x_wconf 89' lang='lat' dir='ltr'>de</span> <span class='ocrx_word' id='word_1_24' title='bbox 647 883 710 957; x_wconf 84' lang='lat' dir='ltr'>tol</span> <span class='ocrx_word' id='word_1_25' title='bbox 736 879 964 974; x_wconf 78' lang='lat' dir='ltr'>laboribus,</span> <span class='ocrx_word' id='word_1_26' title='bbox 993 889 1034 958; x_wconf 87' lang='lat' dir='ltr'>et</span> <span class='ocrx_word' id='word_1_27' title='bbox 1061 887 1105 958; x_wconf 90' lang='lat' dir='ltr'>ut</span> <span class='ocrx_word' id='word_1_28' title='bbox 1132 883 1188 960; x_wconf 90' lang='lat' dir='ltr'>illi</span> <span class='ocrx_word' id='word_1_29' title='bbox 1213 881 1284 986; x_wconf 92' lang='lat' dir='ltr'>qui</span> <span class='ocrx_word' id='word_1_30' title='bbox 1311 881 1434 960; x_wconf 89' lang='lat' dir='ltr'>babe-</span> 
     </span>
     <span class='ocr_line' id='line_1_6' title="bbox 343 999 1432 1102; baseline 0.002 -26"><span class='ocrx_word' id='word_1_31' title='bbox 343 1025 391 1080; x_wconf 92' lang='lat' dir='ltr'>re</span> <span class='ocrx_word' id='word_1_32' title='bbox 406 999 752 1102; x_wconf 88' lang='lat' dir='ltr'>debent,possint</span> <span class='ocrx_word' id='word_1_33' title='bbox 779 1002 982 1101; x_wconf 80' lang='lat' dir='ltr'>consequi</span> <span class='ocrx_word' id='word_1_34' title='bbox 1011 1001 1243 1080; x_wconf 81' lang='lat' dir='ltr'>solutiones</span> <span class='ocrx_word' id='word_1_35' title='bbox 1272 1026 1432 1080; x_wconf 90' lang='lat' dir='ltr'>eorum.</span> 
     </span>
    </p>
   </div>
   <div class='ocr_carea' id='block_1_3' title="bbox 189 1119 1432 1224">
    <p class='ocr_par' dir='ltr' id='par_1_4' title="bbox 189 1119 1432 1224">
     <span class='ocr_line' id='line_1_7' title="bbox 189 1119 1432 1224; baseline 0.002 -30"><span class='ocrx_word' id='word_1_36' title='bbox 189 1147 191 1156; x_wconf 69' lang='grc'>’</span> <span class='ocrx_word' id='word_1_37' title='bbox 343 1120 572 1198; x_wconf 69' lang='lat' dir='ltr'>substinuit</span> <span class='ocrx_word' id='word_1_38' title='bbox 605 1143 795 1224; x_wconf 75' lang='lat' dir='ltr'>¹quoque</span> <span class='ocrx_word' id='word_1_39' title='bbox 831 1119 942 1197; x_wconf 91' lang='lat' dir='ltr'>idem</span> <span class='ocrx_word' id='word_1_40' title='bbox 971 1120 1073 1200; x_wconf 89' lang='lat' dir='ltr'>civis</span> <span class='ocrx_word' id='word_1_41' title='bbox 1109 1131 1255 1202; x_wconf 88' lang='lat' dir='ltr'>noster</span> <span class='ocrx_word' id='word_1_42' title='bbox 1281 1145 1432 1222; x_wconf 83' lang='lat' dir='ltr'>graves</span> 
     </span>
    </p>
   </div>
   <div class='ocr_carea' id='block_1_4' title="bbox 331 1239 1468 3394">
    <p class='ocr_par' dir='ltr' id='par_1_5' title="bbox 331 1239 1468 3394">
     <span class='ocr_line' id='line_1_8' title="bbox 343 1239 1430 1348; baseline 0.002 -32"><span class='ocrx_word' id='word_1_43' title='bbox 343 1264 549 1344; x_wconf 84' lang='lat' dir='ltr'>expensas</span> <span class='ocrx_word' id='word_1_44' title='bbox 577 1239 838 1318; x_wconf 91' lang='lat' dir='ltr'>inmittendo</span> <span class='ocrx_word' id='word_1_45' title='bbox 868 1240 1029 1320; x_wconf 81' lang='lat' dir='ltr'>litteras</span> <span class='ocrx_word' id='word_1_46' title='bbox 1058 1243 1286 1322; x_wconf 87' lang='lat' dir='ltr'>occasione</span> <span class='ocrx_word' id='word_1_47' title='bbox 1314 1266 1430 1348; x_wconf 90' lang='lat' dir='ltr'>prae·</span> 
     </span>
     <span class='ocr_line' id='line_1_9' title="bbox 342 1359 1433 1466; baseline -0.001 -25"><span class='ocrx_word' id='word_1_48' title='bbox 342 1364 464 1441; x_wconf 88' lang='lat' dir='ltr'>dicta.</span> <span class='ocrx_word' id='word_1_49' title='bbox 518 1359 801 1466; x_wconf 70' lang='lat' dir='ltr'>sperabamus</span> <span class='ocrx_word' id='word_1_50' title='bbox 837 1369 975 1442; x_wconf 90' lang='lat' dir='ltr'>autem</span> <span class='ocrx_word' id='word_1_51' title='bbox 1016 1371 1172 1444; x_wconf 89' lang='lat' dir='ltr'>attenta</span> <span class='ocrx_word' id='word_1_52' title='bbox 1193 1365 1350 1463; x_wconf 84' lang='lat' dir='ltr'>justitia</span> <span class='ocrx_word' id='word_1_53' title='bbox 1379 1364 1433 1443; x_wconf 90' lang='lat' dir='ltr'>ci-</span> 
     </span>
     <span class='ocr_line' id='line_1_10' title="bbox 341 1479 1432 1585; baseline 0.002 -25"><span class='ocrx_word' id='word_1_54' title='bbox 341 1483 401 1560; x_wconf 91' lang='lat' dir='ltr'>vis</span> <span class='ocrx_word' id='word_1_55' title='bbox 428 1482 576 1574; x_wconf 86' lang='lat' dir='ltr'>nostri,</span> <span class='ocrx_word' id='word_1_56' title='bbox 605 1479 718 1584; x_wconf 92' lang='lat' dir='ltr'>quod</span> <span class='ocrx_word' id='word_1_57' title='bbox 747 1480 907 1585; x_wconf 88' lang='lat' dir='ltr'>absque</span> <span class='ocrx_word' id='word_1_58' title='bbox 936 1489 999 1562; x_wconf 90' lang='lat' dir='ltr'>tot</span> <span class='ocrx_word' id='word_1_59' title='bbox 1027 1483 1243 1562; x_wconf 89' lang='lat' dir='ltr'>laboribus</span> <span class='ocrx_word' id='word_1_60' title='bbox 1272 1493 1315 1563; x_wconf 90' lang='lat' dir='ltr'>et</span> <span class='ocrx_word' id='word_1_61' title='bbox 1336 1484 1432 1562; x_wconf 92' lang='lat' dir='ltr'>dila·</span> 
     </span>
     <span class='ocr_line' id='line_1_11' title="bbox 341 1605 1430 1709; baseline 0.001 -26"><span class='ocrx_word' id='word_1_62' title='bbox 341 1605 525 1684; x_wconf 90' lang='lat' dir='ltr'>tionibus</span> <span class='ocrx_word' id='word_1_63' title='bbox 564 1606 759 1701; x_wconf 80' lang='lat' dir='ltr'>majestas</span> <span class='ocrx_word' id='word_1_64' title='bbox 786 1610 925 1682; x_wconf 83' lang='lat' dir='ltr'>vestra</span> <span class='ocrx_word' id='word_1_65' title='bbox 968 1611 1011 1683; x_wconf 84' lang='lat' dir='ltr'>at</span> <span class='ocrx_word' id='word_1_66' title='bbox 1037 1628 1116 1709; x_wconf 93' lang='lat' dir='ltr'>pro</span> <span class='ocrx_word' id='word_1_67' title='bbox 1156 1606 1430 1684; x_wconf 85' lang='lat' dir='ltr'>honoresue</span> 
     </span>
     <span class='ocr_line' id='line_1_12' title="bbox 339 1722 1431 1824; baseline 0 -22"><span class='ocrx_word' id='word_1_68' title='bbox 339 1722 612 1802; x_wconf 87' lang='lat' dir='ltr'>satisfecisset</span> <span class='ocrx_word' id='word_1_69' title='bbox 640 1722 791 1800; x_wconf 89' lang='lat' dir='ltr'>eidem.</span> <span class='ocrx_word' id='word_1_70' title='bbox 843 1722 1030 1801; x_wconf 86' lang='lat' dir='ltr'>Tandem</span> <span class='ocrx_word' id='word_1_71' title='bbox 1060 1727 1111 1803; x_wconf 89' lang='lat' dir='ltr'>ab</span> <span class='ocrx_word' id='word_1_72' title='bbox 1130 1723 1277 1807; x_wconf 89' lang='lat' dir='ltr'>eadem</span> <span class='ocrx_word' id='word_1_73' title='bbox 1305 1728 1431 1824; x_wconf 90' lang='lat' dir='ltr'>maje-</span> 
     </span>
     <span class='ocr_line' id='line_1_13' title="bbox 339 1839 1430 1947; baseline 0 -28"><span class='ocrx_word' id='word_1_74' title='bbox 339 1849 445 1920; x_wconf 90' lang='lat' dir='ltr'>state</span> <span class='ocrx_word' id='word_1_75' title='bbox 468 1842 633 1920; x_wconf 88' lang='lat' dir='ltr'>litteras</span> <span class='ocrx_word' id='word_1_76' title='bbox 662 1839 778 1918; x_wconf 89' lang='lat' dir='ltr'>datas</span> <span class='ocrx_word' id='word_1_77' title='bbox 808 1843 875 1922; x_wconf 91' lang='lat' dir='ltr'>die</span> <span class='ocrx_word' id='word_1_78' title='bbox 902 1849 940 1921; x_wconf 81' lang='lat'>2.</span> <span class='ocrx_word' id='word_1_79' title='bbox 968 1842 1123 1947; x_wconf 85' lang='lat' dir='ltr'>Aprilis</span> <span class='ocrx_word' id='word_1_80' title='bbox 1152 1867 1286 1946; x_wconf 87' lang='lat' dir='ltr'>nuper</span> <span class='ocrx_word' id='word_1_81' title='bbox 1322 1845 1430 1944; x_wconf 86' lang='lat' dir='ltr'>elop-</span> 
     </span>
     <span class='ocr_line' id='line_1_14' title="bbox 338 1948 1429 2067; baseline 0.002 -27"><span class='ocrx_word' id='word_1_82' title='bbox 338 1964 373 2042; x_wconf 86' lang='lat' dir='ltr'>ei</span> <span class='ocrx_word' id='word_1_83' title='bbox 401 1963 654 2066; x_wconf 86' lang='lat' dir='ltr'>recepimus,</span> <span class='ocrx_word' id='word_1_84' title='bbox 696 1965 966 2067; x_wconf 86' lang='lat' dir='ltr'>responsales</span> <span class='ocrx_word' id='word_1_85' title='bbox 1002 1948 1052 2042; x_wconf 90' lang='lat' dir='ltr'>ad</span> <span class='ocrx_word' id='word_1_86' title='bbox 1081 1972 1270 2054; x_wconf 90' lang='lat' dir='ltr'>nostras,</span> <span class='ocrx_word' id='word_1_87' title='bbox 1300 1966 1429 2043; x_wconf 89' lang='lat' dir='ltr'>conti-</span> 
     </span>
     <span class='ocr_line' id='line_1_15' title="bbox 337 2081 1426 2184; baseline -0.001 -24"><span class='ocrx_word' id='word_1_88' title='bbox 337 2090 485 2162; x_wconf 88' lang='lat' dir='ltr'>nentes</span> <span class='ocrx_word' id='word_1_89' title='bbox 513 2081 624 2184; x_wconf 92' lang='lat' dir='ltr'>qnod</span> <span class='ocrx_word' id='word_1_90' title='bbox 664 2084 704 2160; x_wconf 93' lang='lat' dir='ltr'>in</span> <span class='ocrx_word' id='word_1_91' title='bbox 732 2085 852 2168; x_wconf 22' lang='lat' dir='ltr'>,brevi</span> <span class='ocrx_word' id='word_1_92' title='bbox 893 2085 1086 2182; x_wconf 72' lang='lat' dir='ltr'>malestas</span> <span class='ocrx_word' id='word_1_93' title='bbox 1119 2094 1260 2163; x_wconf 87' lang='lat' dir='ltr'>vestra</span> <span class='ocrx_word' id='word_1_94' title='bbox 1295 2085 1426 2162; x_wconf 89' lang='lat' dir='ltr'>mitte·</span> 
     </span>
     <span class='ocr_line' id='line_1_16' title="bbox 340 2203 1429 2307; baseline 0.002 -25"><span class='ocrx_word' id='word_1_95' title='bbox 340 2212 405 2282; x_wconf 90' lang='lat' dir='ltr'>ret</span> <span class='ocrx_word' id='word_1_96' title='bbox 444 2229 544 2284; x_wconf 88' lang='lat' dir='ltr'>suos</span> <span class='ocrx_word' id='word_1_97' title='bbox 573 2203 909 2294; x_wconf 71' lang='lat' dir='ltr'>ambassiatores</span> <span class='ocrx_word' id='word_1_98' title='bbox 950 2207 1020 2307; x_wconf 93' lang='lat' dir='ltr'>qui</span> <span class='ocrx_word' id='word_1_99' title='bbox 1056 2205 1348 2285; x_wconf 85' lang='lat' dir='ltr'>satisfacerent</span> <span class='ocrx_word' id='word_1_100' title='bbox 1387 2205 1429 2284; x_wconf 91' lang='lat' dir='ltr'>in</span> 
     </span>
     <span class='ocr_line' id='line_1_17' title="bbox 337 2324 1430 2426; baseline 0.002 -26"><span class='ocrx_word' id='word_1_101' title='bbox 337 2324 529 2404; x_wconf 90' lang='lat' dir='ltr'>omnibus</span> <span class='ocrx_word' id='word_1_102' title='bbox 570 2324 648 2404; x_wconf 90' lang='lat' dir='ltr'>civi</span> <span class='ocrx_word' id='word_1_103' title='bbox 689 2328 861 2411; x_wconf 87' lang='lat' dir='ltr'>nostro,</span> <span class='ocrx_word' id='word_1_104' title='bbox 902 2327 972 2426; x_wconf 92' lang='lat' dir='ltr'>qni</span> <span class='ocrx_word' id='word_1_105' title='bbox 1010 2327 1306 2402; x_wconf 88' lang='lat' dir='ltr'>ambaxatores</span> <span class='ocrx_word' id='word_1_106' title='bbox 1344 2348 1430 2402; x_wconf 92' lang='lat' dir='ltr'>non</span> 
     </span>
     <span class='ocr_line' id='line_1_18' title="bbox 337 2442 1429 2548; baseline -0.002 -28"><span class='ocrx_word' id='word_1_107' title='bbox 337 2448 621 2547; x_wconf 85' lang='lat' dir='ltr'>apparuerunt</span> <span class='ocrx_word' id='word_1_108' title='bbox 649 2466 728 2522; x_wconf 92' lang='lat' dir='ltr'>nec</span> <span class='ocrx_word' id='word_1_109' title='bbox 756 2452 974 2548; x_wconf 88' lang='lat' dir='ltr'>apparent,</span> <span class='ocrx_word' id='word_1_110' title='bbox 991 2444 1043 2521; x_wconf 92' lang='lat' dir='ltr'>de</span> <span class='ocrx_word' id='word_1_111' title='bbox 1072 2469 1165 2547; x_wconf 63' lang='lat' dir='ltr'>quo,</span> <span class='ocrx_word' id='word_1_112' title='bbox 1186 2468 1269 2522; x_wconf 92' lang='lat' dir='ltr'>non</span> <span class='ocrx_word' id='word_1_113' title='bbox 1298 2442 1429 2522; x_wconf 93' lang='lat' dir='ltr'>modi·</span> 
     </span>
     <span class='ocr_line' id='line_1_19' title="bbox 337 2563 1429 2668; baseline -0.004 -24"><span class='ocrx_word' id='word_1_114' title='bbox 337 2589 431 2644; x_wconf 90' lang='lat' dir='ltr'>cum</span> <span class='ocrx_word' id='word_1_115' title='bbox 460 2564 654 2642; x_wconf 91' lang='lat' dir='ltr'>admirari</span> <span class='ocrx_word' id='word_1_116' title='bbox 694 2564 1002 2668; x_wconf 90' lang='lat' dir='ltr'>compellimur.</span> <span class='ocrx_word' id='word_1_117' title='bbox 1055 2565 1107 2643; x_wconf 80' lang='lat' dir='ltr'>nt</span> <span class='ocrx_word' id='word_1_118' title='bbox 1135 2563 1234 2642; x_wconf 89' lang='lat' dir='ltr'>licet</span> <span class='ocrx_word' id='word_1_119' title='bbox 1269 2565 1429 2666; x_wconf 87' lang='lat' dir='ltr'>absque</span> 
     </span>
     <span class='ocr_line' id='line_1_20' title="bbox 334 2685 1427 2788; baseline 0 -26"><span class='ocrx_word' id='word_1_120' title='bbox 334 2685 531 2765; x_wconf 90' lang='lat' dir='ltr'>ulteriori</span> <span class='ocrx_word' id='word_1_121' title='bbox 570 2685 844 2788; x_wconf 88' lang='lat' dir='ltr'>requisitione</span> <span class='ocrx_word' id='word_1_122' title='bbox 885 2693 1102 2764; x_wconf 87' lang='lat' dir='ltr'>teneamur</span> <span class='ocrx_word' id='word_1_123' title='bbox 1160 2686 1242 2765; x_wconf 91' lang='lat' dir='ltr'>civi</span> <span class='ocrx_word' id='word_1_124' title='bbox 1280 2691 1427 2763; x_wconf 89' lang='lat' dir='ltr'>nostro</span> 
     </span>
     <span class='ocr_line' id='line_1_21' title="bbox 334 2808 1427 2912; baseline -0.005 -23"><span class='ocrx_word' id='word_1_125' title='bbox 334 2809 564 2888; x_wconf 88' lang='lat' dir='ltr'>secundum</span> <span class='ocrx_word' id='word_1_126' title='bbox 586 2809 795 2907; x_wconf 89' lang='lat' dir='ltr'>justiciam</span> <span class='ocrx_word' id='word_1_127' title='bbox 817 2808 1059 2912; x_wconf 87' lang='lat' dir='ltr'>providere,</span> <span class='ocrx_word' id='word_1_128' title='bbox 1087 2815 1224 2887; x_wconf 86' lang='lat' dir='ltr'>tamen</span> <span class='ocrx_word' id='word_1_129' title='bbox 1253 2832 1339 2885; x_wconf 90' lang='lat' dir='ltr'>non</span> <span class='ocrx_word' id='word_1_130' title='bbox 1364 2831 1427 2884; x_wconf 89' lang='lat' dir='ltr'>va·</span> 
     </span>
     <span class='ocr_line' id='line_1_22' title="bbox 334 2927 1427 3029; baseline 0 -25"><span class='ocrx_word' id='word_1_131' title='bbox 334 2928 467 3008; x_wconf 89' lang='lat' dir='ltr'>lentes</span> <span class='ocrx_word' id='word_1_132' title='bbox 508 2928 629 3006; x_wconf 85' lang='lat' dir='ltr'>aliter</span> <span class='ocrx_word' id='word_1_133' title='bbox 655 2927 913 3029; x_wconf 87' lang='lat' dir='ltr'>pertransire</span> <span class='ocrx_word' id='word_1_134' title='bbox 968 2927 1257 3024; x_wconf 89' lang='lat' dir='ltr'>declaramus,</span> <span class='ocrx_word' id='word_1_135' title='bbox 1313 2928 1427 3028; x_wconf 91' lang='lat' dir='ltr'>quod</span> 
     </span>
     <span class='ocr_line' id='line_1_23' title="bbox 332 3047 1468 3162; baseline -0.006 -33"><span class='ocrx_word' id='word_1_136' title='bbox 332 3052 367 3130; x_wconf 91' lang='lat' dir='ltr'>si</span> <span class='ocrx_word' id='word_1_137' title='bbox 419 3049 460 3128; x_wconf 92' lang='lat' dir='ltr'>in</span> <span class='ocrx_word' id='word_1_138' title='bbox 515 3049 635 3162; x_wconf 75' lang='lat' dir='ltr'>brevi</span> <span class='ocrx_word' id='word_1_139' title='bbox 680 3049 791 3130; x_wconf 84' lang='lat' dir='ltr'>dicta</span> <span class='ocrx_word' id='word_1_140' title='bbox 843 3049 1072 3128; x_wconf 81' lang='lat' dir='ltr'>satisfactio</span> <span class='ocrx_word' id='word_1_141' title='bbox 1126 3049 1300 3126; x_wconf 89' lang='lat' dir='ltr'>realiter</span> <span class='ocrx_word' id='word_1_142' title='bbox 1345 3047 1426 3124; x_wconf 71' lang='lat' dir='ltr'>rao</span> <span class='ocrx_word' id='word_1_143' title='bbox 1465 3133 1468 3142; x_wconf 47' lang='lat'>,</span> 
     </span>
     <span class='ocr_line' id='line_1_24' title="bbox 331 3167 1425 3272; baseline -0.005 -24"><span class='ocrx_word' id='word_1_144' title='bbox 331 3177 374 3248; x_wconf 88' lang='lat' dir='ltr'>ta</span> <span class='ocrx_word' id='word_1_145' title='bbox 407 3195 494 3252; x_wconf 89' lang='lat' dir='ltr'>non</span> <span class='ocrx_word' id='word_1_146' title='bbox 531 3169 682 3259; x_wconf 87' lang='lat' dir='ltr'>fuerit,</span> <span class='ocrx_word' id='word_1_147' title='bbox 727 3169 941 3272; x_wconf 89' lang='lat' dir='ltr'>oportebit</span> <span class='ocrx_word' id='word_1_148' title='bbox 967 3195 1043 3248; x_wconf 87' lang='lat' dir='ltr'>seu</span> <span class='ocrx_word' id='word_1_149' title='bbox 1071 3169 1223 3260; x_wconf 84' lang='lat' dir='ltr'>invite,</span> <span class='ocrx_word' id='word_1_150' title='bbox 1263 3175 1308 3246; x_wconf 92' lang='lat' dir='ltr'>nt</span> <span class='ocrx_word' id='word_1_151' title='bbox 1335 3167 1425 3242; x_wconf 88' lang='lat' dir='ltr'>sine</span> 
     </span>
     <span class='ocr_line' id='line_1_25' title="bbox 331 3287 1422 3394; baseline -0.003 -29"><span class='ocrx_word' id='word_1_152' title='bbox 331 3289 524 3368; x_wconf 90' lang='lat' dir='ltr'>ulteriori</span> <span class='ocrx_word' id='word_1_153' title='bbox 562 3288 854 3370; x_wconf 85' lang='lat' dir='ltr'>notificatione</span> <span class='ocrx_word' id='word_1_154' title='bbox 890 3289 1189 3394; x_wconf 86' lang='lat' dir='ltr'>provideamus</span> <span class='ocrx_word' id='word_1_155' title='bbox 1224 3287 1422 3366; x_wconf 90' lang='lat' dir='ltr'>indemni·</span> 
     </span>
    </p>
   </div>
   <div class='ocr_carea' id='block_1_5' title="bbox 180 3411 1319 3530">
    <p class='ocr_par' dir='ltr' id='par_1_6' title="bbox 180 3411 1319 3530">
     <span class='ocr_line' id='line_1_26' title="bbox 180 3411 1319 3530; baseline 0 -40"><span class='ocrx_word' id='word_1_156' title='bbox 180 3519 187 3530; x_wconf 30' lang='grc' dir='ltr'>ι</span> <span class='ocrx_word' id='word_1_157' title='bbox 331 3413 404 3492; x_wconf 87' lang='lat' dir='ltr'>tati</span> <span class='ocrx_word' id='word_1_158' title='bbox 444 3413 545 3492; x_wconf 87' lang='lat' dir='ltr'>civis</span> <span class='ocrx_word' id='word_1_159' title='bbox 574 3412 712 3493; x_wconf 88' lang='lat' dir='ltr'>nostri</span> <span class='ocrx_word' id='word_1_160' title='bbox 749 3412 801 3490; x_wconf 91' lang='lat' dir='ltr'>de</span> <span class='ocrx_word' id='word_1_161' title='bbox 829 3415 1028 3494; x_wconf 90' lang='lat' dir='ltr'>remediis</span> <span class='ocrx_word' id='word_1_162' title='bbox 1056 3411 1319 3516; x_wconf 87' lang='lat' dir='ltr'>opportunis.</span> 
     </span>
    </p>
   </div>
   <div class='ocr_carea' id='block_1_6' title="bbox 692 3737 1377 3810">
    <p class='ocr_par' dir='ltr' id='par_1_7' title="bbox 692 3737 1377 3810">
     <span class='ocr_line' id='line_1_27' title="bbox 692 3737 1377 3810; baseline -0.009 -4"><span class='ocrx_word' id='word_1_163' title='bbox 692 3741 788 3809; x_wconf 86' lang='lat' dir='ltr'>Misti</span> <span class='ocrx_word' id='word_1_164' title='bbox 811 3741 870 3808; x_wconf 91' lang='lat' dir='ltr'>del</span> <span class='ocrx_word' id='word_1_165' title='bbox 894 3741 1037 3810; x_wconf 82' lang='lat' dir='ltr'>Senatu</span> <span class='ocrx_word' id='word_1_166' title='bbox 1061 3737 1222 3806; x_wconf 82' lang='lat' dir='ltr'>XXXlX.</span> <span class='ocrx_word' id='word_1_167' title='bbox 1248 3738 1303 3803; x_wconf 87' lang='lat' dir='ltr'>cb.</span> <span class='ocrx_word' id='word_1_168' title='bbox 1325 3737 1377 3802; x_wconf 82' lang='lat'>87.</span> 
     </span>
    </p>
   </div>
   <div class='ocr_carea' id='block_1_7' title="bbox 0 0 1610 5116">
    <p class='ocr_par' dir='ltr' id='par_1_8' title="bbox 0 0 1610 5116">
     <span class='ocr_line' id='line_1_28' title="bbox 0 0 1610 5116; baseline 0 5"><span class='ocrx_word' id='word_1_169' title='bbox 0 0 1610 5116; x_wconf 95' lang='lat' dir='ltr'> </span> 
     </span>
    </p>
   </div>
  </div>
 </body>
</html>
