3212 5116
161 579 213 656 ad
251 579 445 678 gaudium
491 585 533 656 et
562 577 884 664 exultationem,
911 585 955 656 ut
983 578 1128 680 stipsi
1168 578 1248 656 sint

161 696 393 800 participes
421 697 534 776 douo
551 695 688 776 divine
717 696 1016 800 dispositionis,
1046 696 1166 775 nobis
1184 723 1246 778 ce·

168 819 265 896 litus
295 843 515 900 concesso.
543 818 711 898 Idcirco
740 824 784 896 ut
810 819 1038 919 prefertur,
1067 819 1117 898 od
1145 821 1248 916 ejus-

162 941 257 1020 dem
296 939 453 1018 ducalis
493 938 668 1018 dominii
703 938 1028 1017 sincerissimam
1064 938 1248 1016 monitio·

160 1083 270 1148 nem,
297 1058 523 1134 universos
550 1058 823 1160 singulosque
850 1066 1115 1137 mercatores
1143 1060 1248 1158 ejus-

162 1178 256 1258 dem
298 1177 456 1262 ducalis
494 1178 818 1274 dominationis,
847 1178 1113 1281 presentibus
1141 1203 1248 1256 asse·

161 1321 381 1390 curamus,
423 1305 626 1400 quatenus
674 1297 798 1378 iidem
838 1305 1099 1378 mercatores
1141 1321 1249 1376 cum·

162 1418 351 1518 ipsorum
391 1418 674 1498 mercimoniis
705 1423 1005 1522 cujuscumque
1047 1416 1245 1496 conditio·

162 1541 224 1618 nis
247 1539 439 1629 existant,
467 1541 630 1643 possint
657 1567 827 1644 semper
856 1541 987 1620 libere
1017 1561 1244 1622 acsecure.

165 1671 206 1739 et
235 1662 395 1764 absque
424 1659 536 1736 omni
565 1683 738 1762 pavore,
766 1660 815 1738 ad
832 1661 1038 1764 prefatam
1065 1665 1248 1740 nostram

9 1799 10 1840 ῑ
160 1783 374 1860 civitatem
414 1779 610 1876 Cathari,
640 1789 681 1858 et
709 1782 868 1884 absque
907 1781 1016 1858 omni
1054 1780 1176 1860 dacio
1205 1784 1247 1854 et

9 1997 10 2002 Ν
159 1903 336 2000 gabella,
364 1902 509 1980 venire
549 1901 705 1979 intrare
733 1909 845 1980 stare
874 1909 917 1980 et
943 1903 1124 1990 morari,
1164 1905 1245 1976 tam

9 2015 11 2096 J
158 2046 240 2124 per
267 2033 422 2098 terram
452 2043 575 2124 quam
604 2021 729 2100 etiam
757 2046 835 2125 per
862 2045 992 2109 mare,
1020 2045 1113 2100 cum
1140 2019 1247 2122 ipso·

159 2165 252 2222 rum
280 2141 568 2222 mercimoniis
609 2141 883 2242 intelligendo
914 2141 1105 2222 etiamde
1135 2140 1248 2221 omni

159 2262 417 2362 inguedine‚
459 2286 552 2341 cram
592 2265 730 2340 alitem
771 2262 929 2340 eisdem
964 2259 1171 2366 placuerit
1198 2259 1248 2340 ad

9 2435 10 2480 3
157 2383 333 2488 propria
362 2381 559 2474 remeari,
581 2382 708 2460 salvis
723 2383 913 2484 ipsorum
941 2381 1067 2460 rebus
1089 2404 1245 2484 acper·

9 2505 10 2524 ¹
158 2502 290 2593 sonis,
319 2501 495 2582 liberam
526 2508 568 2580 et
595 2524 803 2586 securam,
830 2503 994 2603 plenam
1022 2500 1245 2604 etexpedi·

9 2611 11 2646 ¹
158 2628 241 2700 tam
270 2623 452 2702 habeant
476 2621 730 2700 facultatem.
759 2622 863 2699 ltem
892 2623 1068 2725 quodsi
1096 2623 1247 2724 aliquis

159 2743 264 2822 civis
291 2748 441 2820 nostre
470 2739 646 2828 civitatis
677 2740 847 2820 Cathari
875 2743 944 2819 vel
974 2741 1245 2844 quiscumque

160 2862 297 2942 fidelis
326 2869 474 2940 noster
513 2867 731 2940 teneretur
773 2860 895 2940 alicui
930 2863 1094 2940 Veneto
1136 2859 1248 2940 debi-

9 2999 11 3074 t
158 2991 246 3060 tum
277 2984 576 3084 cujuscumque
606 2981 858 3060 conditionis
875 2986 1108 3074 contracto,
1134 2981 1247 3083 quod

9 3099 10 3112 '
160 3102 365 3200 regimine
392 3101 503 3180 dicte
531 3105 676 3178 nostre
705 3099 881 3179 civitatis
907 3101 974 3178 vel
1003 3101 1069 3178 alii
1096 3099 1248 3178 subditi

160 3223 308 3312 nostri,
349 3223 500 3324 quibus
532 3221 641 3299 ratio
669 3218 904 3324 pertinebit,
933 3225 1153 3301 teneantur
1194 3221 1247 3300 ei·

9 3395 10 3430 ,
160 3341 257 3420 dem
287 3341 565 3420 omnimodam
593 3339 924 3420 satisfactionem
952 3340 1167 3430 adbibere,
1191 3339 1246 3416 vi·

162 3461 317 3542 delicet
370 3462 482 3566 quod
533 3461 714 3566 predicti
754 3455 968 3540 debitores
1010 3461 1180 3539 realiter
1208 3465 1250 3536 et

161 3584 443 3684 personaliter
459 3583 796 3682 constringantur
812 3580 1069 3672 carceribus,
1081 3577 1249 3658 mobilia

9 3703 11 3712 ’
163 3703 376 3806 ipsorum,
405 3707 447 3782 et
474 3703 700 3784 immobilia
738 3705 970 3784 vendantur
1010 3703 1059 3780 ad
1077 3695 1250 3779 'solven-

162 3824 258 3901 dum
287 3822 495 3914 debitum,
525 3831 568 3902 et
595 3824 647 3901 de
676 3849 851 3902 carcere
880 3845 964 3901 nou
992 3821 1249 3903 dimittantur

9 4011 11 4050 ,
163 3969 296 4049 usque
326 3971 409 4048 quo
438 3971 518 4025 non
548 3946 601 4025 sit
625 3947 787 4047 integra
816 3943 1055 4022 satisfactio.
1072 3987 1117 4000 -
1144 3943 1248 4020 ute

9 4055 10 4064 Ν
166 4089 389 4164 converso,
417 4067 453 4144 si
480 4064 629 4170 aliquis
656 4065 844 4144 Venetus
871 4063 1153 4142 velsubditus
1180 4063 1249 4139 du·

166 4188 268 4268 calis
290 4187 477 4276 dominii,
505 4185 606 4266 dare
634 4190 881 4264 tenerentur
908 4183 1032 4265 alicui
1055 4182 1249 4262 Cathare·
1297 4167 1300 4176 ’

1004 4306 1046 4372 15
