3154 5102
351 435 394 508 ὅθ

354 665 442 738 ram
470 651 834 745 nostram42qua1n
863 645 1197 745 praesentialiter
1235 641 1439 722 habemns

356 768 503 841 contra
541 761 568 836 J
585 766 802 854 adram,
833 773 875 844 et
902 773 1080 868 propter
1116 767 1242 844 marlia
1283 763 1440 865 agenda

354 885 405 960 ad
433 906 631 986 praesens
661 883 940 976 incumbentia
976 891 1121 964 nostro
1163 886 1372 975 dominio,
1400 895 1441 963 et

356 1003 478 1080 etiam
509 1001 845 1081 consideratione
874 1009 1141 1102 treuguarnm
1176 1005 1440 1082 existentium

356 1121 468 1200 inter
495 1123 716 1226 imperium
744 1121 969 1200 Romaniae
1003 1135 1043 1202 et
1070 1149 1160 1210 nos,
1188 1121 1443 1231 firmatarum

355 1263 449 1317 cum
484 1246 753 1340 juramento,
792 1268 893 1346 quas
934 1268 1017 1322 non
1047 1253 1158 1322 esset
1185 1243 1244 1321 ias
1270 1243 1444 1334 violare,

356 1363 513 1462 absque
561 1363 837 1462 derogatione
879 1363 1055 1442 honoris
1084 1375 1125 1444 et
1144 1361 1250 1452 ¹iidei
1277 1371 1444 1440 nostrae

357 1484 465 1582 apud
507 1479 630 1559 derum
672 1491 713 1559 et
753 1483 973 1582 mundum,
1019 1484 1069 1560 ad
1110 1484 1261 1561 iactum
1309 1483 1445 1562 dictae

357 1591 519 1678 unionis
560 1603 777 1681 intendere
805 1630 890 1683 non
918 1629 1162 1708 possemus;
1201 1601 1445 1682 recedendo

358 1746 380 1796 a
410 1721 521 1800 tacto
552 1747 646 1798 cum
675 1723 753 1800 hiis
783 1729 825 1800 e't
853 1723 942 1800 aliis
968 1723 1124 1828 pulcris
1162 1719 1302 1802 verbis
1339 1747 1447 1828 quae

317 1857 322 1866 “
360 1841 621 1920 videbuntur.

464 1963 528 2040 Ad
557 1961 597 2037 id
626 1965 738 2064 quod
767 1963 932 2065 petitur,
961 1965 1073 2067 quod
1112 1967 1450 2056 ambaxatorre·

360 2083 422 2184 gis
453 2082 651 2194 praedicti
680 2083 814 2186 possit
828 2083 984 2162 intrare
1013 2085 1223 2164 civitatem
1249 2081 1276 2159 J
1285 2085 1450 2172 adrae,

363 2229 441 2312 pro
469 2207 667 2283 tentando
698 2203 854 2282 bonum
883 2205 1139 2285 concordiae
1169 2206 1277 2284 inter
1305 2211 1452 2285 nosci

358 2323 621 2414 Jadratinos3
655 2326 982 2430 respondeatur,
1024 2327 1136 2430 quod
1175 2327 1452 2428 regratiamur

360 2443 531 2522 multllm
570 2447 622 2522 de
663 2445 900 2524 huiusmodi
942 2472 1016 2524 suo
1057 2447 1170 2524 bono
1212 2443 1451 2550 proposito,

361 2573 668 2666 cognoscentes
710 2567 811 2643 iliud
853 2569 1092 2670 procedere
1120 2593 1172 2644 ex
1203 2566 1313 2644 omni
1341 2565 1454 2644 bona

361 2712 483 2764 causa
512 2693 553 2763 et
580 2685 826 2774 affectione,
869 2712 989 2789 quam
1033 2687 1141 2786 gerit
1183 2687 1232 2764 ad
1260 2695 1453 2765 nostrum

361 2808 599 2886 dominium.
641 2807 964 2885 Verumtamen
993 2805 1307 2887 considerantes
1335 2805 1454 2910 quod

364 2927 556 3004 dominus
583 2925 825 3030 Delphynus
853 2926 1116 3028 Viennensis,
1145 2927 1352 3006 accedens
1371 2928 1457 3028 pri·

362 3045 429 3124 die
458 3049 507 3125 ad
535 3052 720 3124 sanctum
749 3048 971 3126 servicium
994 3053 1139 3125 eontra
1165 3045 1242 3122 Tu
1259 3071 1279 3123 r
1296 3045 1361 3125 ch
1378 3071 1403 3122 o
1419 3073 1457 3123 s-

362 3167 455 3244 zelo
498 3168 622 3245 etiam
650 3167 811 3246 virtutis
841 3174 989 3252 motus,
1019 3168 1128 3244 misit
1160 3165 1278 3244 nobis
1306 3163 1457 3244 insciis

363 3279 535 3366 ntrncios
562 3315 662 3367 siros
690 3290 728 3366 in
756 3289 955 3386 «ladrum,
986 3289 1195 3366 movendo
1224 3279 1458 3364 dadratinis

364 3409 516 3489 nostris
545 3409 775 3488 rebellibus
802 3407 931 3488 verba
959 3408 1332 3487 reconciliationis.
1376 3407 1460 3508 Qui

365 3531 571 3610 dadratini
599 3529 640 3606 in
669 3515 741 3607 sna
783 3529 1038 3630 malignitate
1068 3534 1110 3606 et
1136 3531 1321 3631 nequitia
1358 3555 1462 3632 per·

365 3662 620 3741 severantes,
650 3653 961 3756 responderunt
988 3677 1033 3729 se
1062 3651 1110 3726 ad
1134 3651 1217 3727 hoc
1233 3649 1466 3728 intendere

366 3797 446 3848 non
475 3774 628 3850 valere.
657 3773 813 3874 absque
842 3794 1046 3875 expresso
1075 3763 1267 3847 mandato
1295 3769 1469 3848 domini

369 3895 477 3994 regis
506 3893 757 3995 Hungariae.
794 3893 845 3970 Et
874 3893 975 3970 licet
997 3891 1105 3971 haec
1132 3891 1264 3969 verba
1290 3897 1473 3992 portata

369 4015 523 4098 luerint
563 4023 736 4116 praeter
775 4013 988 4092 seientiam
1017 4022 1232 4099 nostram,
1256 4009 1476 4111 suspicati

370 4137 539 4214 luerunt
565 4136 636 4211 illa
663 4132 904 4235 procedere
933 4130 983 4207 ad
1009 4135 1194 4208 nostram
1221 4131 1480 4208 instantiam

368 4266 430 4340 tet
457 4259 684 4336 inductum.
736 4253 825 4332 Non
854 4252 1079 4336 habemus,
1108 4251 1221 4352 quod
1247 4247 1336 4328 hoc
1364 4273 1479 4330 esse
