3186 5112
292 571 403 668 tori,
447 578 489 648 et
516 595 597 674 pro
626 569 764 648 ducali
793 569 981 660 dominio
1009 573 1285 654 Venetiarum
1314 575 1383 652 bo·

293 690 473 770 norebili
497 691 642 770 comiti
672 691 851 769 civitatis
867 690 1021 778 ,dedra
1050 719 1128 772 nec
1156 721 1239 774 non
1255 699 1383 774 domi·

291 835 346 888 no
363 811 489 889 Petro
518 809 751 890 Arimundo
779 809 1022 891 honorabili
1038 816 1259 918 capitaneo
1278 821 1384 916 eJus·
1479 842 1485 854 ·

292 931 399 1030 dem,
428 931 662 1010 ementibus
690 941 733 1012 et
761 933 1060 1038 recipientibus
1087 936 1382 1030 riceetuomi·

293 1078 346 1152 ne
373 1053 570 1154 prelibati
598 1055 867 1132 illustrissimi
904 1057 1065 1135 ducalis
1101 1057 1276 1135 dominii
1301 1057 1383 1134 'Ve-

291 1173 511 1265 netiarum,
540 1172 790 1252 habentibus
818 1173 977 1254 adhoc
1004 1177 1190 1278 speciale
1218 1179 1384 1256 manda-

291 1301 403 1388 tum,
446 1303 489 1372 ut
516 1294 644 1396 ipsius
671 1294 875 1394 prelibata
903 1295 1061 1374 ducalis
1090 1299 1384 1376 dominationis

290 1421 407 1520 patet
435 1417 565 1496 literis
594 1415 705 1492 bulla
734 1417 928 1517 plumbea
957 1418 1169 1519 pendente
1196 1421 1380 1520 signatis,

290 1539 396 1616 datis
409 1539 601 1618 Venetiis
616 1538 746 1639 ipsius
761 1539 920 1618 ducalis
936 1541 1108 1618 dominii
1125 1547 1237 1639 lale,
1253 1541 1380 1620 indic·

290 1660 408 1737 tione
435 1661 486 1745 V,
515 1657 794 1734 die8mensis
807 1657 1070 1746 Novembris,
1098 1665 1380 1764 presentibus,

135 1817 138 1831 ·
290 1777 605 1882 recipientibus,
635 1786 678 1854 et
704 1777 1000 1882 stipulantibus
1029 1780 1122 1858 vice
1151 1790 1193 1860 et
1210 1785 1378 1860 nomine

288 1899 443 2006 prefati
483 1899 641 1978 ducalis
671 1899 845 1978 dominii
885 1901 1064 1979 civitatis
1093 1889 1379 1992 venetiarum,

290 2026 550 2098 castrum
580 2017 886 2104 Ostrovice,
930 2021 1089 2098 situm
1118 2023 1166 2100 in
1196 2023 1376 2099 Crova·

289 2139 383 2228 cia,
410 2137 516 2216 iufra
543 2161 644 2214 suus
661 2162 788 2218 veros
804 2138 1004 2230 confines,
1020 2163 1126 2242 quos
1142 2141 1294 2241 longos
1310 2143 1378 2222 ha·

288 2259 371 2350 bat,
398 2267 442 2338 et
456 2257 927 2362 incomprehensibiles,
955 2283 1035 2338 nec
1050 2259 1179 2338 scribi
1205 2270 1378 2362 possent

288 2381 548 2480 longitudine
578 2382 752 2465 tatarum,
782 2385 825 2456 et
845 2379 1086 2459 iunctorum
1114 2405 1271 2460 nomen
1301 2381 1376 2460 cir·

290 2503 607 2591 cumstantium,
649 2527 743 2580 oum
787 2500 989 2581 omnibus
1017 2505 1103 2582 suis
1139 2501 1304 2601 juribus
1334 2511 1375 2582 et

287 2607 565 2728 pertinentiis,
587 2621 977 2720 jurisdictionilurs,
1017 2623 1305 2716 servitutibus,
1333 2629 1376 2700 et

288 2743 581 2822 emolumentis
596 2743 786 2821 villarum
817 2743 1098 2822 circumcirca
1112 2741 1190 2822 sibi
1206 2767 1376 2849 respon·

287 2866 485 2952 dentium,
515 2865 739 2952 montibus,
762 2862 967 2965 planiciis,
982 2864 1150 2964 spaciis,
1180 2866 1374 2958 collibus,

285 2985 473 3070 vallibus,
502 2983 643 3086 aequis
671 2991 714 3078 et
742 3007 943 3086 aquarum
972 2985 1235 3086 decursibus,
1265 2988 1373 3086 agris

288 3107 407 3184 cultis
434 3105 615 3190 incultis,
645 3105 838 3184 locorum
866 3105 1139 3184 ethominum
1167 3105 1373 3186 servituti·

287 3227 385 3320 bus,
412 3223 765 3328 respondentibus
793 3225 908 3303 dicto
940 3231 1080 3306 castro
1107 3227 1370 3308 honorantiis

286 3355 332 3426 et
356 3349 555 3448 omagiis,
596 3354 760 3426 etcum
790 3348 985 3426 omnibus
1013 3347 1289 3439 massariciis,
1329 3354 1372 3424 et

167 3521 171 3528 -
285 3465 594 3557 munitionibus,
622 3491 704 3570 que
734 3472 1042 3546 essentetsnnt
1070 3468 1111 3545 in
1139 3467 1253 3548 dicto
1284 3491 1369 3547 cas·

286 3600 368 3680 tro,
396 3588 585 3693 exceptis
612 3587 800 3664 villarum
828 3587 1186 3690 proprietatibus,
1213 3589 1369 3693 speoia²

285 3710 382 3788 lium
410 3731 711 3813 personarum,
749 3713 793 3784 et
819 3708 1011 3808 signatim
1041 3709 1206 3788 comitis
1234 3709 1368 3788 Alexii

283 3829 436 3936 prelati
462 3829 502 3909 d.
519 3830 708 3930 vayvode
735 3827 968 3921 servitoris,
984 3837 1025 3908 et
1040 3829 1202 3931 egregii
1230 3829 1370 3908 militis

232 3959 236 3965 ’
286 3952 443 4030 domini
470 3949 662 4050 Symonis
704 3949 755 4026 de
782 3949 957 4030 [tetrico
1000 3950 1100 4030 civis
1137 3949 1369 4036 Jadrensis,

286 4079 330 4153 et
363 4095 432 4152 ser
472 4069 676 4151 Gabrielis
702 4071 755 4149 de
782 4069 1049 4172 Nosdrogna,
1090 4069 1196 4150 villis
1235 4095 1368 4174 quea

285 4215 424 4292 rege
450 4191 832 4272 badislaosuo
862 4193 1083 4293 privilegio
1113 4190 1272 4270 eisdem
1300 4191 1369 4268 do-

285 4323 379 4396 nata
393 4315 705 4416 dignoscuntur,
719 4335 798 4416 per
812 4312 1141 4418 suprascriptum
1156 4311 1367 4391 dominum
