3154 5102
142 597 269 678 latins
309 597 642 678 maritimae
682 599 870 700 regionis
895 623 987 692 rem
1013 603 1235 708 spectabili

140 721 473 801 Franciseo
515 720 796 810 Dandulo,
822 723 1094 802 venetiarum
1123 727 1233 814 duel.

141 833 298 922 alileeta
340 843 462 920 nobis
503 851 546 920 nt
586 840 729 932 fratri,
768 843 943 922 salutem
984 869 1107 948 quam
1142 847 1234 930 sibi.

142 961 310 1042 Navitas
350 964 550 1064 gratuitas
586 961 827 1064 recepimus
866 973 1026 1045 vestras
1066 967 1235 1062 litteras,

14 1129 16 1180 t
139 1106 318 1186 quarum
347 1094 498 1164 tenore
524 1085 690 1187 plenius
717 1085 947 1173 intellecto,
964 1097 1143 1174 vestram
1159 1090 1233 1170 fra·

140 1207 379 1286 ternitatem
435 1207 544 1284 seire
588 1207 855 1290 affectamus.
899 1209 1031 1286 nostri
1080 1213 1251 1310 regalia·

139 1328 345 1422 nominis,
375 1349 426 1406 ae
453 1327 491 1403 in
519 1335 661 1404 nostra
695 1329 927 1430 propagine
964 1331 1234 1412 constitutum

140 1473 233 1526 esse
274 1447 327 1522 de
368 1445 655 1524 accidentibus
698 1447 923 1548 naufragiis
962 1451 1002 1527 in
1043 1452 1235 1554 partibus

138 1575 306 1646 nostrae
334 1564 541 1665 regionis,
578 1567 692 1667 qaod
721 1564 881 1665 singula
908 1591 957 1646 ae
985 1569 1234 1650 universalia

138 1685 273 1781 bana,
303 1711 378 1764 seu
406 1684 695 1782 mercimonia,
726 1687 932 1764 dictarum
974 1689 1234 1790 naufragran·

138 1809 259 1893 eiam,
297 1809 348 1884 ad
375 1813 560 1884 nostram
602 1806 866 1903 regalitatem
907 1807 1049 1889 debite
1089 1835 1233 1893 aracae-

138 1929 257 2018 dant,
300 1930 413 2030 quad
455 1951 602 2005 versus
644 1952 722 2002 vas
749 1936 791 2004 et
818 1937 1000 2007 vestram
1039 1931 1234 2014 ducalem

138 2047 449 2128 comunitatem.
479 2046 648 2123 minime
677 2065 882 2138 narramus,
909 2073 1005 2128 eum
1034 2052 1086 2129 de
1109 2053 1232 2130 simili

137 2170 189 2246 de
229 2177 371 2246 vestra
412 2167 613 2266 dignitate
654 2169 743 2246 sine
787 2170 913 2248 dubio
954 2175 1231 2274 postulamus.
1335 2263 1336 2266 Ἴ

136 2289 297 2365 Verum
319 2290 370 2365 ad
394 2312 470 2365 nos
496 2287 776 2366 transmittere
806 2289 962 2368 curetis
991 2291 1108 2369 vobis
1135 2289 1231 2372 lide·

138 2407 298 2508 dignos,
328 2407 478 2510 quibus
504 2407 712 2486 rationem
741 2407 921 2488 debitam
950 2411 1003 2487 de
1020 2421 1230 2515 perpetra·

138 2528 187 2608 lis
213 2532 253 2608 in
281 2529 499 2628 naufragio
527 2519 662 2630 nuper
704 2553 905 2618 accesso,
933 2531 972 2608 in
1000 2543 1142 2612 nostra
1170 2559 1233 2614 re·

137 2647 276 2750 gione,
307 2675 356 2728 ae
382 2650 493 2727 bona
521 2649 682 2734 ablata,
723 2651 812 2728 sine
841 2651 1042 2732 dilatione
1072 2657 1233 2734 restitui

137 2771 359 2860 iaciamus,
399 2779 528 2874 prout
555 2774 608 2849 de
635 2779 781 2850 nostra
818 2771 1038 2872 regalitate
1073 2785 1116 2854 ut
1145 2799 1231 2856 ere·

119 2891 270 2996 ,dimna
298 2889 528 2970 conlidetis.
558 2891 708 2970 Datum
724 2891 763 2968 in
779 2895 911 2992 regala
932 2907 1075 2975 nostra
1103 2899 1232 2985 curia,

136 3008 268 3092 XXII.
296 3014 451 3092 mensis
479 3011 615 3091 madii.

614 3145 920 3216 commemoriale
946 3144 1011 3216 ΙΙΙ.
1034 3153 1091 3218 cla.
1116 3151 1189 3220 les.

286 3271 306 3291 Ἀ
391 3321 567 3418 ΧΧΧ.
604 3346 717 3420 rara.
752 3347 803 3417 aa
838 3341 987 3422 maii.

142 3501 339 3576 tannasara
376 3515 414 3581 ee
448 3511 560 3576 :paam
595 3499 791 3572 Peraean,
823 3517 861 3572 aa
892 3517 985 3562 sarae
1017 3515 1142 3563 neaera
1167 3512 1230 3566 tan

530 3609 685 3667 Macran
711 3605 850 3684 opynla.

243 3741 384 3844 Capta:
421 3744 535 3843 quod
566 3743 826 3822 concedatur
864 3739 1134 3822 serenissimo
1164 3737 1231 3822 da·

142 3861 252 3939 mina
294 3862 424 3962 regi
451 3861 705 3948 llassia'e,
734 3863 806 3964 qul
835 3863 887 3938 de
916 3857 1001 3940 hoe
1028 3883 1107 3965 per
1133 3886 1231 3940 suos

143 3981 436 4060 ambaxatores
462 4005 540 4058 nos
565 3981 765 4062 instanter
790 3981 892 4061 leelt
925 3982 1090 4079 rogari,
1118 3982 1231 4083 quod

142 4102 271 4202 possit·
310 4101 475 4181 extrahi
516 4103 657 4182 lacere
685 4107 738 4182 de
765 4104 954 4180 Venetiis
981 4109 1023 4179 et
1051 4101 1231 4181 candaci

143 4221 191 4298 atl
219 4229 362 4325 parles
389 4225 598 4323 regalem,
627 4209 817 4306 cnraelas
845 4221 1230 4304 etallaarmanae·
