3186 5112
404 421 470 487 roo

600 606 1299 708 COLVssl.1mo.2o.sutit
1383 561 1386 577 ’

406 821 628 878 llacranrenls
659 838 693 878 aa
717 817 848 878 onitasirr
878 821 1313 890 lloncraurnnououscuorn,
1349 841 1407 882 son
1432 841 1494 880 nn

574 925 633 980 ullu
655 925 834 999 Typcnoun
857 941 996 999 cyurauy
1018 943 1038 1000 y
1060 943 1163 1001 nocay
1186 925 1325 985 Aaoanie

748 1045 766 1082 n
788 1029 920 1085 Baarne.
943 1023 1154 1108 (Orpanene.)
1273 1027 1279 1030 ’

510 1195 589 1272 Ser
617 1195 843 1273 Francisco
871 1193 1067 1281 Michael,
1083 1195 1222 1273 baiulo
1238 1197 1279 1274 in
1296 1195 1495 1276 Constan-

411 1314 612 1424 tinopoli,
654 1313 863 1391 scribatur
903 1314 943 1390 in
970 1313 1048 1392 hac
1090 1314 1249 1392 t'orma:
1294 1313 1427 1416 Capta
1454 1315 1497 1392 in

411 1433 605 1532 collegio.

512 1570 705 1649 Fecimus
750 1572 869 1650 vobis
914 1571 1126 1671 assignare
1167 1575 1343 1651 ducatos
1381 1571 1498 1652 mille

412 1689 632 1790 nonaginta
648 1717 800 1786 unum,
816 1715 990 1790 grossos
1019 1693 1169 1770 decem
1185 1696 1228 1767 et
1241 1697 1383 1792 partes
1399 1699 1502 1767 tres·

413 1811 575 1890 decimo
605 1811 828 1900 adaurum,
857 1835 935 1914 pro
966 1819 1081 1890 resto
1111 1821 1153 1888 et
1182 1811 1499 1913 complemento

411 1933 596 2012 annualis
615 1933 839 2011 solutionis
855 1933 1112 2036 promissae.
1130 1991 1136 2002 .
1154 1988 1162 2008 .
1179 1992 1186 2005 .
1202 1931 1349 2008 Musu
1364 1931 1427 2011 lm
1439 1957 1463 2006 a
1475 1956 1516 2008 n·

412 2051 618 2153 Calapi
645 2077 724 2155 pro
753 2056 877 2132 terris
915 2053 1186 2141 Albaniae,
1228 2076 1305 2155 pro
1335 2050 1502 2132 Patras·

416 2171 479 2249 sio
510 2179 552 2248 et
579 2196 656 2273 pro
683 2173 886 2280 Nepanto.

515 2313 566 2389 ut
593 2321 820 2416 propterea
851 2336 944 2392 cum
971 2312 1261 2419 applicueritis
1288 2314 1340 2388 in
1371 2309 1504 2388 Con-

415 2433 1110 2536 stantinopolim,debeatis
1138 2457 1231 2510 esse
1261 2455 1353 2509 cum
1382 2453 1504 2533 prae·

416 2575 588 2630 cessore
627 2559 772 2631 vestro
803 2563 844 2633 ct
872 2555 962 2632 aliis
1000 2551 1309 2632 mercatoribus
1345 2549 1507 2628 nostris

415 2673 468 2751 de
496 2672 616 2756 inde,
647 2675 715 2774 qui
751 2674 871 2751 vobis
898 2673 1170 2778 videbuntur,
1205 2681 1247 2750 et
1272 2671 1506 2749 informare

414 2819 492 2870 vos
529 2785 717 2871 veridice
746 2793 797 2868 de
825 2799 932 2870 statu
970 2793 1265 2870 lllusulman
1300 2791 1506 2896 Galapi.

415 2913 468 2990 Et
494 2915 534 2990 in
565 2937 664 2990 casu
695 2938 778 3014 quo
809 2915 1102 2992 illusulman
1132 2913 1319 3017 (Jalapi
1346 2913 1506 2992 habeat

418 3033 648 3111 dominium
677 3032 870 3119 Greciae,
900 3035 966 3109 vel
989 3035 1097 3112 sitin
1114 3040 1220 3111 statu
1250 3035 1363 3136 quod
1392 3033 1506 3111 vide-

294 3179 296 3184 ·
416 3161 508 3230 atur
545 3153 690 3238 uobis,
737 3153 849 3252 quod
882 3155 935 3229 sit
977 3161 1302 3255 recuperaturus
1350 3157 1507 3228 statum
1591 3219 1592 3228 l

414 3295 534 3349 suurn
571 3271 812 3358 tirocino,
848 3271 1035 3351 debeatis
1063 3273 1284 3351 notificare
1302 3293 1391 3374 ‘per
1417 3296 1506 3350 ves·

390 3435 393 3444 ·
417 3403 500 3471 tras
521 3391 680 3469 litteras
699 3391 813 3471 dicto
843 3395 1135 3470 Musulman
1164 3393 1360 3497 Calapi,
1389 3391 1503 3493 quod

415 3515 577 3594 habetis
608 3521 650 3592 et
677 3515 777 3591 estis
804 3525 972 3618 paratus
1000 3524 1146 3595 nostro
1174 3514 1363 3598 nomine,
1395 3513 1504 3592 lace·

415 3659 461 3712 re
482 3647 524 3712 ct
542 3636 642 3711 dare
662 3659 761 3710 suae
788 3636 1080 3732 excellentiae,
1100 3635 1313 3712 residuum
1331 3637 1374 3710 et
1394 3655 1504 3710 com·

414 3758 670 3859 plementum
707 3756 964 3835 solutionum
1002 3755 1209 3859 presentis
1247 3753 1361 3840 anni,
1401 3753 1502 3830 alias

416 3877 453 3954 ei
491 3877 790 3979 promissarum
836 3903 914 3983 pro
951 3876 1071 3957 lactis
1100 3875 1382 3959 Albaniae,
1419 3872 1502 3953 Pa·

417 3999 575 4074 trassi
603 4005 645 4074 et
680 3997 918 4102 Nepanti3
948 4005 989 4076 et
1016 3997 1177 4074 avisare
1207 4019 1322 4073 suam
1352 3997 1502 4096 magni·

417 4115 782 4194 licentiam'nostri
818 4125 957 4221 parte,
1000 4116 1111 4219 quod
1139 4141 1281 4193 sumus
1311 4117 1417 4193 certi
1446 4118 1502 4218 ip-

417 4261 506 4313 sum
535 4235 693 4314 habere
724 4237 971 4327 memoriae,
1010 4238 1121 4338 quod
1151 4262 1222 4312 sua
1252 4237 1503 4314 excellentia

419 4359 613 4463 promisit
659 4361 801 4438 lacere
846 4359 1054 4436 Balsam
1109 4355 1410 4436 Strazimiri
1455 4361 1505 4435 et
