3234 5116
1251 383 1303 452 'ss

316 567 657 670 cccxxxi.
698 589 810 668 rusa.
852 591 912 668 u.
948 591 1198 696 uprrrrs.

210 777 388 855 ynyrrrao
421 797 458 840 aa
482 779 658 840 ursarum
692 797 885 858 ronoape,
920 799 981 841 aon
1014 799 1053 842 oe
1085 783 1237 858 norabaro
1260 802 1299 844 oa

363 898 604 946 noma-non
626 885 802 963 cpomors
825 895 971 960 qeouora
993 889 1155 949 crossen.
1201 957 1204 972 ι

312 1071 416 1153 Cum
443 1072 580 1154 nostri
608 1033 800 1176 deputati
823 1071 979 1154 fuerint
1020 1097 1115 1158 oum
1143 1073 1298 1156 ambas·

207 1192 364 1273 siatore
392 1191 553 1276 domini
590 1191 834 1295 despoti
873 1193 1040 1273 duois
1066 1193 1299 1288 Bassiae,

207 1337 286 1416 pro
315 1311 526 1396 audiendo
556 1335 635 1405 ea,
674 1336 783 1414 quae
811 1313 958 1394 dioere
986 1315 1116 1394 vellet
1149 1323 1192 1396 et
1218 1339 1298 1420 pro

206 1434 451 1516 sustinendo
473 1437 571 1534 jura
598 1437 758 1514 nostra.
805 1433 858 1517 nt
883 1434 986 1518 dieti
1011 1436 1146 1516 nostri
1172 1437 1298 1542 depo*

207 1557 281 1636 tati
307 1552 575 1636 defenderim
602 1559 646 1632 et
658 1554 933 1636 sustinuerint
952 1558 1049 1656 Jura
1075 1562 1233 1645 nostra,
1256 1564 1299 1638 et

204 1675 389 1756 finaliter
427 1671 539 1752 idem
573 1672 860 1756 -amhassiator
897 1675 1077 1764 dixerit,
1118 1677 1299 1779 quodsi

205 1804 352 1876 nostra
391 1796 623 1876 dominatio
650 1794 826 1878 volebat
865 1796 1037 1880 domino
1077 1824 1154 1881 suo
1197 1797 1299 1876 dare

205 1916 518 1996 Scutarnm
560 1921 604 1994 et
631 1913 731 1994 alias
772 1920 910 1996 terras
937 1917 990 1997 de
1017 1919 1145 2019 inde,
1184 1919 1298 2000 vole·

205 2035 391 2118 batdare
420 2044 570 2118 nostro
598 2036 784 2124 dominio
800 2037 841 2118 in
863 2064 974 2120 anno
1002 2039 1178 2120 duratos
1192 2041 1299 2120 duos

205 2156 327 2238 mille.
347 2161 391 2236 et
419 2159 527 2237 ultra
555 2160 597 2238 in
624 2157 709 2238 vita
736 2185 830 2246 sua,
866 2185 945 2264 por
972 2162 1089 2243 iilum
1116 2163 1298 2249 modum,

203 2281 274 2384 qui
310 2286 461 2373 nostro
497 2279 684 2359 dominio
728 2281 946 2385 placeret,
989 2287 1032 2362 et
1057 2305 1187 2386 super
1213 2282 1322 2372 hoo,

201 2398 314 2478 idem
352 2399 632 2481 ambassiator
671 2399 771 2480 tecit
810 2426 927 2480 suam
966 2403 1297 2494 conclusionem

202 2527 244 2600 et
272 2522 511 2600 bonumsit
538 2519 652 2600 dioto
687 2519 980 2602 ambassiatori
1017 2523 1297 2626 respondere.

200 2639 314 2718 vadit
339 2665 465 2744 pars:
493 2641 607 2744 quod
633 2641 841 2743 praedicti
868 2643 1004 2722 nostri
1019 2641 1204 2747 deputati
1233 2643 1295 2720 ire

201 2763 468 2842 debeantad
496 2760 652 2841 dietum
680 2759 1027 2844 ambassiatorem
1069 2769 1111 2841 et
1138 2761 1180 2840 ei
1207 2786 1292 2842 res·
1365 2815 1372 2824 -

203 2881 394 2986 pondere
410 2941 422 2982 ,
465 2881 580 2984 quod
608 2889 954 2987 reportaverunt,
976 2887 1125 2964 nostro
1167 2881 1296 2962 domi..

201 3005 299 3094 nio,
327 3027 375 3084 ea
404 3027 512 3107 quae
539 3001 760 3108 requisivit
795 3028 850 3082 ex
877 3013 997 3108 parte
1025 3003 1198 3082 illustris
1226 3003 1298 3080 dos
1420 3026 1429 3037 ’

204 3125 303 3206 mini
328 3125 418 3214 sui,
436 3183 440 3188 -
460 3124 619 3206 domini
645 3123 841 3232 despoti,
881 3132 926 3204 et
951 3125 1092 3206 audita
1119 3123 1296 3228 requisi.

204 3247 320 3326 tione
348 3269 448 3336 sua,
489 3247 623 3328 ethis
652 3269 760 3350 quae
786 3248 893 3350 petit
920 3253 963 3326 et
989 3246 1186 3350 requirit,
1222 3269 1294 3324 no·

204 3373 289 3450 stra
337 3365 568 3448 dominatio
605 3367 828 3448 maximam
867 3367 1186 3448 admirationem
1225 3363 1295 3442 ha·

204 3487 315 3579 buit,
343 3488 553 3591 quianon
581 3495 750 3594 poterat
777 3491 984 3582 eredere,
1025 3489 1140 3590 quod
1168 3486 1295 3566 talem

202 3607 521 3712 requisitionem
550 3609 734 3708 iaceret,
777 3611 1056 3690 considerans
1090 3611 1186 3710 jura
1223 3630 1294 3686 no·

203 3739 290 3811 stra
306 3729 594 3810 *et-iusticiam
621 3737 824 3832 nostram,
854 3737 897 3810 et
917 3729 1033 3833 quod
1059 3729 1170 3810 diota
1198 3729 1295 3814 iord

202 3849 312 3928 iuste
340 3849 604 3950 possidemus
644 3860 688 3930 et
713 3875 794 3957 pro
824 3874 974 3930 eorum
1010 3848 1294 3930 conservatio·

201 3995 256 4050 ne
282 3971 484 4056 maximas
509 3995 719 4076 expensas
747 3972 933 4072 ferimus,
962 3972 1070 4052 siout
1098 3970 1294 4073 amploet

203 4094 319 4175 oiare
348 4091 461 4174 dioto
503 4094 794 4176 ambassiatori
821 4095 898 4174 ruit
924 4093 1210 4182 declaratum
1250 4099 1294 4170 et

204 4206 319 4319 quod
336 4213 528 4293 dominus
552 4239 651 4306 suus
677 4221 817 4297 teneat
843 4239 923 4320 pro
941 4209 1163 4400 oonstqnti,
1177 4213 1294 4316 quod
