3236 5108
161 291 168 302 fl

63 318 68 327 .

158 338 162 348 “
318 335 387 406 U

317 548 566 628 submittere
593 551 743 638 alicui,
774 553 937 653 quinio
966 555 1053 633 istis
1081 561 1269 642 terminis
1295 569 1426 640 stare

205 690 212 703 ·
318 693 402 746 nou
429 676 640 772 poterunt,
669 679 711 749 et
738 682 970 775 propterea
995 701 1078 754 non
1094 681 1410 761 attendentibus

319 789 441 868 nobis
459 791 530 868 ad
559 791 655 879 boo,
683 794 784 896 ipsis
813 803 903 873 eret
930 783 1215 876 necessarium
1243 827 1291 880 se
1318 807 1412 882 sub·

316 913 462 1010 iugero
491 911 1140 1009 autAlbuncnsibusaut
1169 921 1410 1016 Sclavis,

303 1041 387 1126 ,out
425 1033 699 1124 Turcbis;
739 1043 782 1112 et
822 1039 937 1138 quod
971 1039 1024 1114 si'
1048 1065 1094 1117 se
1134 1042 1411 1144 subiugarenl

316 1155 461 1256 primis
488 1153 679 1252 duobus,
712 1155 1031 1254 cognoscebant
1058 1183 1104 1235 se
1134 1187 1188 1238 ex
1217 1165 1308 1242 toto
1338 1167 1407 1242 de-

314 1283 477 1366 sertos,
506 1281 549 1350 ct
574 1281 807 1377 propteroa
834 1279 976 1376 potius
1004 1278 1206 1378 eligerent
1233 1281 1408 1375 adhere-

316 1417 364 1470 re
392 1392 583 1482 rl'urcho,
612 1393 810 1498 quianon
825 1394 1102 1476 habereutito
1129 1401 1405 1504 propingvam

315 1516 647 1596 destructionem
688 1541 825 1604 suom,
854 1517 907 1597 de
937 1545 1022 1622 quo
1052 1521 1193 1598 forent
1219 1526 1408 1602 excusati

316 1637 625 1716 rationabiliter
651 1639 733 1715 deo
757 1645 799 1714 et
812 1627 983 1738 mundo,
1013 1665 1108 1731 nom
1136 1642 1312 1743 quilibet
1340 1645 1406 1722 be·

313 1781 366 1834 ne
394 1763 565 1859 poterat
592 1755 877 1846 considerare,
906 1766 1102 1861 quantum
1139 1765 1249 1842 mole
1278 1766 1405 1842 liben-

316 1887 378 1953 tes
405 1877 514 1954 istud
557 1877 772 1966 feceruut;
812 1901 905 1956 nam
946 1880 1056 1958 inter
1096 1883 1200 1960 alios
1239 1909 1405 1961 suorum

314 1997 515 2102 partium,
541 1997 618 2102 ipsi
646 2021 818 2101 semper
856 1999 1001 2078 Coto
1018 2001 1058 2082 li
1076 2003 1125 2082 ci
1153 2003 1333 2094 fuerant,
1362 2015 1408 2086 et

315 2121 432 2198 ilasi
460 2119 542 2197 deo
584 2119 774 2220 placeret
817 2144 912 2199 esse
967 2124 1146 2210 vellent,
1189 2123 1406 2225 allegando

315 2239 598 2322 conditionem
625 2239 734 2316 illuis
763 2221 931 2326 terroe,
960 2265 1067 2344 quae
1099 2251 1191 2322 erat
1230 2253 1324 2347 apta
1354 2241 1403 2322 ad

284 2455 286 2458 Ι
313 2384 442 2449 mare,
469 2358 652 2438 habebat
678 2370 860 2464 portum,
880 2363 1070 2463 navigia,
1100 2365 1334 2464 lignamina,
1364 2373 1406 2440 et

314 2479 612 2582 magistralium
652 2505 732 2584 pro
775 2481 906 2579 galeis
949 2491 992 2559 et
1019 2481 1105 2560 aliis
1141 2485 1330 2586 navigiis,
1362 2495 1405 2563 et

234 2636 239 2650 ·
313 2603 426 2704 quod
455 2623 534 2704 pro
563 2601 644 2678 deo
675 2609 1015 2704 compateremus
1043 2601 1080 2680 X
1108 2602 1292 2682 millibus
1321 2605 1400 2682 ani·

313 2740 487 2814 murum,
516 2741 624 2820 quac
640 2719 850 2798 orantsub
881 2720 1086 2822 regimine
1102 2721 1242 2800 dictae.
1268 2723 1406 2800 civita·

314 2839 380 2928 lis,
407 2847 449 2916 et
477 2839 773 2922 concludendo
802 2843 919 2942 quod
947 2843 983 2920 si
1010 2841 1210 2922 sciverint
1238 2864 1406 2920 causum

311 2967 489 3063 propter
517 2985 640 3062 quium
669 2983 745 3036 nos
772 2959 1026 3038 nolumuset
1054 2975 1296 3042 recusamus
1325 2987 1404 3042 uos

312 3079 610 3166 intromittere,
639 3088 756 3158 certe
775 3105 871 3158 cum
898 3082 982 3159 suis
1011 3083 1206 3184 personis
1235 3091 1279 3160 et
1308 3107 1404 3162 cum

309 3203 396 3280 suis
425 3199 618 3282 cornibus
644 3202 723 3304 ipsi
751 3201 907 3278 vellent
948 3203 1146 3284 laborare
1171 3206 1221 3285 od
1250 3229 1401 3307 procu·

310 3323 497 3410 randum,
525 3323 639 3423 qood
655 3327 925 3400 removeatur
952 3321 1065 3402 dicta
1092 3347 1216 3402 causa
1245 3333 1288 3402 et
1314 3325 1396 3404 dic·

309 3453 396 3523 tum
424 3439 701 3529 obstaculum,
729 3467 825 3520 cum
852 3443 992 3520 multis
1006 3443 1097 3520 aliis
1118 3441 1261 3521 verbis
1288 3467 1395 3542 mag·

309 3587 387 3642 noe
427 3561 636 3664 passionis
659 3569 703 3639 et
741 3585 914 3660 magnae
955 3562 1179 3648 virilitatis,
1219 3573 1398 3664 propter

310 3709 416 3786 quoe
444 3683 589 3768 fuitei
616 3683 773 3763 dictum
801 3708 880 3787 per
904 3683 1149 3770 dominium,
1167 3684 1230 3762 'de
1258 3685 1399 3762 volen-

308 3805 364 3882 do
394 3803 553 3882 habore
591 3804 777 3904 aliquem*
813 3810 1055 3908 respectum
1098 3802 1329 3906 superinde
1357 3813 1401 3882 ot

153 3985 158 3992 -
289 3933 457 4027 postea
496 3923 578 4002 sibi
619 3924 791 4002 daretur
832 3929 1070 4028 responsio.
1125 3922 1248 4005 vadit
1287 3948 1398 4027 pers:

309 4045 421 4147 quud
448 4045 615 4122 dicatur
642 4043 779 4124 eidem
808 4043 1122 4136 subaemulari,
1151 4045 1266 4145 quod
1293 4045 1398 4123 sicut

309 4170 396 4270 ipse
423 4166 537 4264 dicit,
565 4168 622 4244 ito
651 4171 714 4244 est
743 4167 803 4244 rei
831 4168 1007 4260 veritos,
1045 4165 1163 4266 quod
1190 4190 1267 4242 nos
1294 4191 1398 4244 sem·

307 4313 383 4392 per
411 4289 635 4370 habuimus
664 4291 706 4362 et
719 4290 928 4369 tenuimus
954 4288 1065 4366 illem
1094 4290 1397 4370 comunitatem
1477 4286 1482 4295 “
