3234 5116
316 626 369 702 de
406 621 681 702 subventione
723 619 909 721 gentium
946 629 1209 716 nostrarum,
1252 633 1296 703 ut
1324 625 1408 702 boc

317 745 530 843 negotium
547 769 644 821 *non
674 737 913 830 differatur,
955 729 1204 844 scripsimus
1232 743 1409 823 rectori·

317 846 394 941 bus
423 859 845 948 nostris-ledros,
885 857 1173 950 Sibenioi
1201 863 1410 962 Tragu-

317 967 393 1059 rii
434 980 766 1085 stupuisti,
806 980 919 1082 quod
950 979 999 1056 ad
1029 1007 1198 1059 omnem
1226 989 1407 1060 vestram

317 1101 636 1206 requisitionem
665 1101 833 1179 mittere
865 1099 1050 1180 debeant
1069 1102 1121 1180 de
1138 1103 1315 1182 subditis
1332 1112 1409 1182 ter·

270 1225 460 1302 “rerum
489 1233 726 1300 nostrarum
755 1222 1095 1323 praedictarum,
1130 1224 1178 1300 od
1207 1225 1324 1301 illum
1352 1225 1406 1301 lo·

319 1367 413 1422 cum
443 1340 495 1421 ad
523 1365 647 1443 quem
679 1341 804 1418 luerit
831 1339 1131 1426 deliberatum,
1174 1369 1276 1444 ques
1306 1343 1407 1422 litte·

318 1488 386 1542 ras
413 1461 599 1539 misimus
629 1462 680 1540 ad
708 1483 852 1540 manus
884 1461 1048 1539 comitis
1074 1465 1205 1541 nost-ri
1234 1463 1411 1566 Spoleti,-

316 1608 396 1690 per
423 1607 518 1661 erum
560 1585 895 1670 conservandus,
937 1593 981 1664 ut
1010 1593 1265 1664 occurrente
1308 1610 1406 1664 casu

223 1793 226 1802 x
316 1705 448 1784 dictas
477 1705 638 1782 litteras
666 1711 832 1782 nostras
852 1703 978 1782 simul
997 1729 1092 1783 cum
1122 1707 1284 1794 restris,
1314 1731 1406 1810 pos·

316 1825 406 1904 sitis
433 1824 555 1905 dictis
584 1824 739 1904 nostris
777 1825 1015 1905 rectoribus
1044 1825 1282 1916 destinare,
1327 1853 1406 1932 pro

317 1945 439 2026 dictis
467 1947 709 2026 ballistariis
738 1948 992 2047 rigentibus
1021 1947 1347 2048 congregandis,
1365 1957 1407 2026 et

317 2069 566 2147 reducendis
606 2067 655 2146 ad
686 2071 848 2156 locum,
888 2067 1166 2148 deliberatum
1209 2093 1288 2174 per
1331 2095 1404 2144 vos

316 2213 411 2267 cum
441 2189 613 2267 domino
644 2211 744 2288 rege
773 2187 1006 2294 proedicto.

418 2359 480 2440 Ad
510 2361 588 2438 alia
615 2313 754 2439 eutem
783 2383 963 2462 parvos
989 2359 1148 2468 scriptu
1189 2363 1301 2442 nulla
1330 2360 1405 2439 alie

317 2479 427 2560 cadit
454 2480 692 2582 responsio,
722 2478 816 2582 quia
845 2488 1122 2584 expectamus
1150 2481 1294 2561 audire
1324 2503 1404 2556 res-

315 2596 591 2702 ponsionem,
628 2624 749 2700 quum
780 2623 801 2674 a
830 2599 945 2677 dicto
973 2595 1150 2678 domino
1194 2624 1296 2700 rege
1338 2599 1403 2676 ba·

158 2739 159 2743 ’
316 2709 482 2818 babilis.

415 2873 467 2952 at
494 2898 675 2953 exnunc
702 2874 755 2952 sit
775 2827 956 2977 captum,
987 2874 1099 2976 quod
1128 2873 1256 2956 scribi
1285 2873 1404 2954 debe·

315 2995 610 3074 atrocioribus
626 2996 781 3075 nostris
808 2995 832 3071 .l
843 3019 865 3071 u
877 2995 900 3074 d
914 3020 1015 3085 rae,
1043 2996 1155 3098 quod
1171 2997 1223 3076 ed
1239 3020 1406 3074 omnem

316 3113 634 3215 requisitionem
651 3115 752 3193 dicti
782 3140 852 3194 ser
878 3115 904 3190 d
917 3114 1143 3196 ohannis
1172 3115 1404 3216 Georgio

316 3233 609 3318 am‘bexiutoris
650 3235 782 3314 nostri
833 3235 1067 3338 praedicti,
1127 3235 1292 3314 mittere
1335 3237 1402 3314 de·

315 3357 657 3438 beantcontra
687 3356 1405 3436 comitemlobannemde

316 3474 379 3557 Ci
397 3477 579 3568 tinas,
610 3498 663 3553 ex
693 3475 886 3556 fidelibus
914 3476 1071 3554 uostris
1096 3473 1251 3554 dodras
1280 3485 1323 3552 et
1349 3477 1404 3554 di·

316 3597 517 3686 strictus,
545 3605 674 3701 prout
702 3598 762 3674 eis
791 3593 1004 3674 videbitur
1027 3595 1267 3695 'ducentum
1293 3595 1406 3678 inter

314 3741 420 3818 quos
437 3717 1047 3810 ducentos.sintXbV1ll.cum
1065 3717 1255 3808 ballistis,
1281 3725 1403 3822 aptos

319 3837 369 3914 ad
398 3837 609 3932 ballistas,
650 3861 736 3914 non
777 3838 980 3920 mittendo
1023 3861 1076 3914 ex
1118 3837 1404 3939 stipendiariis

315 3955 471 4034 nostris
500 3957 584 4034 ullo
613 3956 753 4034 modo.

354 4115 368 4156 ’·
420 4109 573 4190 Comiti
602 4123 742 4192 autem
788 4111 1060 4192 Sibcnici
1104 4111 1403 4196 committatur,

317 4229 429 4325 quod
457 4233 626 4314 mittere
664 4236 819 4314 debeat
845 4233 897 4313 e'x
926 4235 1124 4316 fidelibus
1165 4234 1317 4314 nostris
1344 4233 1404 4313 Si·
