3206 5110
305 276 405 365 ἰω

339 506 519 596 Sandaii,
546 527 724 608 presens
753 501 1021 607 privitegium
1051 503 1144 582 fleri
1165 504 1367 602 iussimus
1397 509 1439 580 et

341 630 454 707 bullo
483 633 630 705 nostra
673 648 801 704 auree
828 625 1039 727 pendente
1069 628 1232 704 muniri.
1287 625 1438 704 Datum
1569 679 1570 732 3

341 750 382 825 in
420 755 567 825 nostro
598 745 802 824 ducati
842 745 1087 847 potatio,
1127 769 1236 824 atino
1266 741 1440 822 domini·
1569 749 1570 798 t

332 893 391 947 ce
432 865 730 946 incarnationis
772 863 997 942 millesimo
1026 864 1441 964 quadringentesimo

304 989 550 1089 „vigesimo
581 984 731 1071 tertio,
770 981 838 1060 die
879 982 1177 1063 sextodecimo
1207 984 1441 1086 Februarii,
1540 1011 1544 1020 ·

343 1109 576 1189 indictione
616 1103 810 1184 secunda.

879 1204 1156 1272 Comemoriale
1182 1205 1242 1271 ΧΙ.
1266 1208 1322 1272 ch.
1343 1208 1397 1272 97.

181 1319 187 1331 ¹
307 1358 310 1364 ’
448 1359 835 1463 CCCLXVHI.
865 1381 975 1456 tres.
1022 1385 1081 1456 16.
1111 1379 1337 1459 Marcii.

343 1575 564 1634 Hammeum
588 1577 706 1648 Mapsy
730 1571 924 1646 Bapdapssy
947 1588 1183 1648 nponeprropy
1207 1577 1445 1654 Koropcson,
1569 1619 1570 1624 1

370 1695 459 1749 ηομ,
485 1694 594 1734 conns
619 1673 799 1750 peropima
823 1675 1104 1752 concineratum
1127 1692 1165 1734 ce
1205 1695 1225 1736 o
1261 1696 1346 1756 napy
1383 1697 1422 1737 ca

553 1781 735 1856 Cpticanan
759 1780 976 1852 ltecnororsn.
1023 1774 1240 1860 (Cnpatseso.)

447 1931 551 2010 eum
580 1927 808 2008 intellectis
857 1937 900 2006 et
928 1929 1205 2008 consideratis
1233 1936 1444 2012 contentis

347 2054 386 2130 in
425 2052 576 2130 titteris
618 2047 743 2128 nobis
785 2048 922 2126 missis
966 2071 1045 2149 per
1083 2047 1266 2128 nobilem
1306 2055 1443 2134 virum

347 2173 429 2252 Ser
470 2172 725 2252 Marcum
767 2167 1135 2258 Borbadico,
1175 2175 1442 2272 provisorem

344 2299 535 2372 nostrum
566 2291 789 2377 Catari,
816 2289 1032 2368 videamus
1060 2298 1102 2368 ct
1128 2289 1356 2376 habeamus
1386 2299 1442 2375 in·

344 2421 411 2492 ter
430 2419 588 2509 cetera,
619 2409 777 2490 dictum
806 2419 994 2490 nostrum
1023 2409 1293 2512 provisorem
1318 2441 1371 2492 ex
1388 2417 1443 2518 ip·

345 2535 400 2611 sis
442 2534 596 2612 habitis
648 2533 921 2610 considerare
975 2541 1017 2610 et
1059 2533 1444 2638 comprehendere·
1569 2601 1570 2606 t

346 2652 1443 2759 qnoddominusdespotusadpacemcon·
1569 2723 1570 2736 ,

346 2774 593 2854 trahendam
623 2797 718 2852 cum
748 2773 883 2852 modis
924 2778 966 2856 et
995 2773 1310 2855 conditionibus
1338 2779 1443 2860 alias

344 2895 562 2999 praticstis
591 2917 687 2973 cum
716 2893 809 2996 ipso
837 2894 1224 2998 dominodespoto
1252 2920 1331 3000 per
1359 2899 1444 2980 dic·

319 3026 433 3094 tum
474 3015 554 3094 Ser
581 3015 771 3094 Marcum
798 3013 1050 3104 narnatino,
1091 3017 1441 3099 condescendere

352 3137 503 3224 veltet,
522 3137 635 3237 qnod
663 3135 699 3212 si
726 3139 874 3236 posset
899 3135 1062 3215 habere
1092 3138 1247 3228 locum,
1274 3137 1439 3218 iaceret

349 3255 484 3352 ratde,
514 3251 793 3334 consideratis
822 3256 1152 3348 considerandis,
1181 3265 1222 3336 et
1239 3257 1364 3337 etiam
1381 3283 1443 3336 es·

344 3381 409 3454 set
424 3375 537 3456 iuxta
554 3385 808 3479 conceptum
827 3383 870 3454 et
884 3375 1201 3479 dispositionem
1223 3379 1357 3458 nostri
1373 3380 1442 3457 do·

230 3510 237 3524 ·
345 3495 474 3596 minii,
502 3496 616 3575 vadit
641 3520 764 3599 pars,
804 3498 918 3600 qnod
946 3495 1155 3574 scribatur
1183 3497 1318 3576 eidem
1361 3495 1444 3576 Ser

346 3617 493 3698 Marco
522 3615 775 3715 Barbadico,
802 3621 845 3696 in
872 3619 954 3698 hac
983 3617 1133 3710 forma,
1159 3617 1382 3700 videlicet:

448 3753 671 3832 lniormati
711 3756 763 3833 ad
806 3754 977 3859 pienum
1017 3779 1097 3858 per
1149 3755 1292 3835 literas
1332 3765 1439 3837 rest·

349 3895 416 3948 ras
445 3895 582 3978 nuper
609 3875 797 3963 habitas,
835 3877 888 3952 de
916 3877 1165 3957 reversione
1203 3879 1440 3958 nuntiorum

242 4011 249 4030 ·
347 3999 587 4074 vestrorum
618 3997 956 4074 transmissorum
986 4021 1082 4077 cum
1110 3997 1261 4077 litteris
1288 3999 1338 4076 sd
1368 4000 1438 4079 do·

349 4111 553 4192 minum
594 4118 937 4219 despotum,
977 4113 1267 4195 etderolatis
1297 4117 1440 4196 acha·
