3206 5110
1188 421 1257 518 ,563

158 609 399 713 oxxlv.
443 635 556 708 1210.
600 627 744 708 inuret.
783 627 896 706 xlv·
942 653 1085 708 mense
1130 631 1259 736 sap-

401 758 509 826 tem
527 749 552 824 b
570 749 678 840 ris,
721 750 760 826 in
790 747 1000 827 Rivoalto.

79 977 82 984 ·
154 925 600 1024 nissepepeapxisnurrour»
614 947 743 1021 ,dpunss
767 944 871 1001 odeis
895 961 1002 1019 ,syrum
1027 945 1252 1004 Maeraasons

152 1053 414 1128 nupseram,
447 1067 485 1120 ua
509 1055 548 1108 ie
574 1051 653 1108 u'era
678 1067 696 1107 a
722 1051 849 1106 nerone
875 1064 1066 1106 uacuasuue
1100 1049 1252 1123 ydpasy

374 1171 490 1226 rearpa
522 1171 686 1228 reserare
711 1171 771 1212 rao
794 1166 877 1210 ceos
901 1151 1025 1230 crepis.

293 1307 525 1386 Promissio
556 1305 872 1410 archiepiscopi
901 1303 1103 1414 Dirachii.

247 1459 294 1539 ln
337 1459 505 1538 nomino
546 1461 706 1540 domini
735 1459 812 1539 Dei
855 1465 896 1538 et
924 1459 1147 1539 salvatoris
1182 1483 1252 1537 no·

148 1582 220 1660 stri
248 1581 343 1658 lesu
385 1579 561 1672 Christi,
591 1603 709 1657 anuo·
743 1579 1154 1658 dornini'mittasimo
1184 1578 1251 1655 du·

149 1701 379 1781 centesimo
409 1701 588 1786 decimo,
618 1722 759 1776 meuse
786 1699 1060 1802 Septembrio
1090 1699 1253 1777 indicti·

151 1847 230 1900 oue
261 1819 609 1924 quartadecima,
638 1819 828 1908 nivosus
858 1820 1066 1922 presentis
1103 1819 1250 1921 scripti

149 1939 402 2020 continentia
431 1939 523 2018 fieri
549 1940 741 2016 volumus
768 1939 1152 2042 manifestumquia
1169 1965 1248 2018 nos

147 2061 384 2138 Mauiredus
402 2059 477 2136 Dei
508 2060 638 2158 gratia
664 2059 1256 2163 archiepiscopus·Dyrachi·.

145 2203 221 2258 uus
261 2179 558 2280 promittentes
589 2177 874 2282 promittimus
911 2180 1036 2257 robis
1079 2180 1251 2260 domino
1302 2251 1305 2260 ,

143 2297 272 2376 Petro
288 2295 406 2377 Ziani
423 2296 569 2375 eadem
590 2295 723 2396 gratia
741 2298 1032 2385 Venetiaruru,
1049 2297 1250 2377 Dalmatio

144 2425 268 2520 atque
287 2419 485 2496 Chroatic
515 2417 616 2494 duci
645 2418 812 2516 inclito,
830 2428 868 2496 et
900 2419 1072 2497 domino
1102 2425 1251 2520 quarte

143 2539 274 2644 partis
292 2545 335 2614 et
350 2535 517 2616 dimidie
532 2535 662 2614 totius
682 2537 846 2640 imperii
859 2537 1073 2627 Romanie,
1084 2536 1249 2616 vestris·

143 2681 225 2758 que
265 2655 611 2745 successoribus,
652 2658 749 2755 quia
789 2655 823 2732 si
865 2655 1034 2756 quando
1071 2682 1149 2734 vos
1177 2659 1247 2733 ret

140 2797 413 2855 successores
442 2774 571 2851 vestri
602 2773 855 2874 Dyrachium
884 2777 1029 2856 venire
1059 2776 1247 2874 contige·

141 2895 208 2982 rit,
228 2894 351 2996 ¹quud
380 2895 502 2972 vobis
529 2893 728 2996 ipsisque,
760 2900 802 2970 et
829 2893 894 2970 his
924 2895 994 2996 qui
1023 2895 1246 2976 vobiscum

139 3014 192 3092 ad
222 3016 462 3116 expendurn
491 3021 680 3092 vestrum
709 3012 927 3115 proprium
957 3023 1091 3104 erunt,
1121 3020 1163 3090 et
1190 3013 1246 3116 ip·

138 3159 284 3214 sorum
314 3139 551 3214 vestrorum
578 3157 890 3226 successorum,
907 3159 1028 3214 unam
1057 3134 1247 3214 dabimus

128 3254 503 3358 procurationem,
532 3257 664 3336 duces
687 3279 791 3334 vero
820 3280 926 3358 qnos
956 3256 1057 3333 iiiuc
1084 3255 1248 3332 direxe-

143 3376 237 3454 ritis
267 3399 340 3452 uos
369 3377 433 3452 rei
462 3401 735 3458 successores
762 3379 909 3467 vestri,
930 3383 971 3453 et
1002 3375 1245 3479 capitaneos

142 3501 313 3575 vestros
343 3505 384 3574 et
412 3521 712 3577 successorum
740 3503 978 3575 vestrorum
1023 3497 1093 3599 qui
1122 3497 1246 3600 appii·

141 3621 322 3704 ruerunt
350 3615 421 3704 ibi,
450 3641 471 3694 a
499 3615 670 3696 clericis
699 3617 872 3695 maioris
900 3607 1083 3694 ecclesie
1112 3615 1246 3719 recipi
1368 3717 1371 3726 ‚

140 3734 352 3812 faciemus
368 3735 419 3814 ad
437 3735 624 3814 eiusdem
642 3737 828 3816 ecclesie
850 3743 1014 3838 portatu
1032 3761 1125 3816 cum
1143 3763 1248 3840 aqua

123 3865 288 3936 ‘sancta
316 3861 357 3934 et
385 3855 578 3948 incenso,
596 3866 638 3934 et
664 3881 742 3934 nos
774 3862 872 3936 tunc
901 3860 1058 3936 erimus
1088 3857 1126 3933 in
1158 3859 1248 3959 ipsa

136 3975 353 4062 ecclesia,
383 3981 424 4052 ot
453 3998 527 4052 <eos
558 3974 813 4077 recipiemus
842 3977 894 4056 ad
922 4002 1096 4079 pacem,
1133 3979 1167 4054 si
1197 3978 1247 4056 ad

135 4119 294 4200 pacem
322 4092 632 4197 suscipiendam
660 4093 874 4174 incudem
905 4099 1088 4178 ecetesia
1106 4099 1154 4174 ad
1171 4121 1249 4174 nos

134 4215 415 4294 accesserint.
471 4213 564 4293 Hec
606 4214 752 4294 eadem
796 4215 997 4296 faciamus
1041 4217 1162 4308 ficri,
1204 4223 1247 4294 et
