3224 5110
358 413 424 478 luo

362 621 453 724 ipse
484 620 678 697 dominus
706 618 816 696 maie
857 617 1105 695 informatus
1132 619 1185 696 de
1211 623 1360 696 uosiro
1389 621 1462 696 do-

363 741 524 830 minio,
561 737 702 815 veniat
741 761 835 814 cum
878 737 1066 840 potentia
1094 747 1135 815 et
1163 739 1353 815 exercitu
1381 763 1461 814 suo

366 867 515 938 contra
544 885 625 936 nos
653 864 695 938 ei
723 863 874 936 statum
888 863 1093 942 nostrum,
1121 860 1232 935 uuila
1259 858 1378 960 prius
1394 857 1462 936 ad·
1563 926 1567 932 .

362 979 568 1056 visatione
597 977 720 1065 facia,
764 987 807 1056 ut
833 977 967 1079 ipsum
1010 999 1152 1077 regem
1195 983 1238 1056 et
1278 980 1462 1057 amicum

364 1101 570 1190 decebat,
597 1097 717 1174 vaide
746 1097 934 1174 admirati
958 1121 1097 1174 sumus
1128 1105 1171 1176 ct
1196 1100 1465 1188 admiramur,

364 1245 496 1324 quare
539 1221 629 1323 ipse
666 1220 828 1296 amicus
857 1226 899 1296 et
926 1243 1004 1322 per
1045 1244 1193 1322 pacem
1237 1221 1463 1320 colligatus

363 1351 526 1434 noster,
557 1365 682 1444 quem
712 1341 883 1417 fratrem
913 1347 1180 1442 reputamus,
1219 1341 1343 1420 faciat
1379 1344 1463 1421 hec

240 1443 243 1461 ¹
365 1473 514 1543 contra
557 1467 708 1540 statum
750 1471 888 1539 terras
928 1471 971 1538 et
1001 1462 1094 1538 ioca
1136 1469 1309 1554 nostra,
1351 1489 1463 1567 quae

366 1584 465 1662 oiim
495 1584 535 1660 iu
565 1588 757 1684 tempore
786 1582 1084 1658 adversitatum
1112 1605 1282 1660 suarum
1310 1608 1464 1687 reppe-

366 1705 419 1782 rit
459 1705 537 1781 sibi
578 1705 633 1782 iia
676 1703 942 1794 obedientia,
972 1727 1019 1779 ac
1047 1704 1081 1780 si
1109 1703 1272 1780 iliarum
1314 1703 1465 1782 fuisset

367 1851 493 1904 verus
521 1826 725 1914 dominum
754 1831 796 1901 et
824 1825 938 1926 quod
966 1832 1195 1929 propterea
1218 1825 1363 1902 dicere
1379 1827 1464 1929 pia·

329 2049 330 2054 Ν
367 1955 474 2039 ceai,
503 1973 582 2049 qua
611 1969 734 2024 causa
762 1947 847 2024 hoc
877 1948 1023 2034 faciat,
1057 1947 1224 2047 etquid
1253 1949 1463 2047 estquod

366 2093 387 2146 a
416 2075 564 2146 nostro
594 2067 779 2144 dominio
809 2067 923 2154 velit,
952 2067 1047 2168 quia
1076 2067 1310 2145 libertatem
1326 2067 1465 2144 babes

366 2188 546 2266 erebus
577 2185 700 2263 iiciiis
727 2195 769 2264 et
796 2187 983 2266 honestis
1013 2211 1096 2264 uon
1125 2185 1367 2264 discedere.
1411 2185 1465 2265 Et

367 2307 402 2384 si
429 2305 595 2382 diceret
621 2305 674 2382 de
702 2306 827 2384 terris
857 2307 956 2393 suis,
984 2303 1203 2385 videiicet:
1232 2309 1308 2384 An
1326 2305 1467 2384 tiba-

365 2451 442 2516 ro‚
471 2426 760 2505 Drivasio
789 2426 1365 2530 etBudua‚respoudere
1395 2425 1465 2504 de·

369 2549 484 2637 beas,
515 2546 629 2648 quod
660 2569 730 2624 eas
759 2571 843 2624 non
872 2546 963 2636 sibi,
990 2549 1065 2626 sed
1103 2547 1308 2624 comiti
1346 2547 1466 2622 Ste-

366 2666 503 2745 fano
530 2665 755 2744 Vuzicb
787 2665 1043 2768 accepimus,
1072 2668 1269 2768 quoniam
1298 2669 1465 2746 easob·

365 2787 548 2873 sederat,
577 2789 736 2888 etipse
765 2789 958 2867 dominus
987 2789 1189 2890 despotus
1216 2787 1465 2891 tuncimpo·

366 2919 457 2988 teus
486 2915 578 2986 erat
606 2917 753 2987 {encre
795 2911 911 3000 ilias,
951 2933 1029 2988 nec
1070 2911 1154 2986 hoc
1188 2907 1266 2987 sibi
1309 2909 1465 3007 injurie

362 3037 505 3132 potest
533 3031 754 3129 imputare,
783 3031 877 3131 quia
906 3029 1038 3106 muito
1068 3027 1216 3104 meiius
1243 3027 1331 3115 fuit,
1347 3029 1465 3130 quod

362 3175 441 3229 nos
469 3150 593 3228 amici
620 3148 684 3226 sui
713 3148 804 3225 iiius
822 3135 1131 3251 acciperemus,
1162 3169 1284 3249 quam
1315 3171 1465 3228 comes

366 3269 564 3348 Stefauus
591 3270 723 3346 hostis
750 3293 847 3346 suus
875 3278 917 3347 et
945 3281 1117 3356 noster,
1156 3293 1252 3346 cum
1280 3268 1360 3345 iliis
1390 3293 1464 3372 po·

365 3392 512 3468 ruisset
551 3391 765 3492 potentius
806 3397 849 3468 et
889 3391 970 3468 sibi
998 3398 1040 3468 ei
1066 3388 1188 3469 uobis
1228 3389 1463 3478 offendere,

365 3521 407 3591 et
434 3514 545 3612 quod
587 3511 626 3588 in
664 3511 742 3588 iliis
784 3509 1019 3591 civitatibus
1065 3511 1213 3590 multas
1250 3533 1461 3612 expensas

363 3630 552 3719 fecimus
581 3631 672 3708 siue
702 3632 783 3708 ulla
811 3639 954 3711 nostra
983 3632 1174 3718 utilitate,
1202 3629 1462 3732 nihilquede

361 3751 443 3829 iliis
470 3750 687 3830 habuimus
714 3777 796 3832 uec
823 3751 1042 3842 babemus,
1066 3751 1147 3828 nisi
1177 3749 1461 3829 obedientiam

362 3881 544 3959 tantum,
586 3895 694 3974 quae
735 3871 859 3951 uobis
885 3875 1018 3952 multo
1048 3875 1181 3973 magis
1211 3871 1462 3949 damnosior

364 3998 454 4077 est,
497 4016 619 4094 quam
661 3993 796 4085 ιιῐίΙίε,
824 4002 867 4070 et
895 3995 1006 4095 quod
1047 4000 1228 4096 propter
1256 3993 1342 4071 hoc
1370 4015 1459 4070 noa

363 4113 461 4190 velit
501 4113 608 4190 heila
644 4137 822 4214 gerere,
861 4123 903 4193 et
944 4139 1037 4193 esse
1080 4139 1204 4195 causa
1245 4120 1488 4207 tantorum*

366 4234 583 4320 malorum,
612 4243 764 4337 quanta
791 4245 1024 4340 sequuntur
1050 4261 1103 4314 ex
1132 4235 1313 4336 guerris.
