3212 5116
174 609 282 664 esse.
323 583 373 662 ut
401 588 631 687 prepterea
657 580 922 660 notificamus
949 580 1121 672 eisdem,
1151 584 1264 685 quod

172 707 341 784 noviter
369 704 582 781 informati
609 703 906 804 luimus‚qu0d
935 705 1129 782 dominus
1159 704 1267 782 luo·

175 853 238 906 ce
255 852 280 902 n
296 829 333 904 ti
348 853 408 904 us
434 827 588 928 Papa
617 826 656 902 in
683 825 858 928 publico
888 825 1142 904 consistorio
1172 850 1265 929 pro·

174 947 385 1026 nunciavit
412 956 454 1026 et
482 943 708 1049 publicavit
734 948 775 1024 in
804 969 995 1046 regem
1022 948 1264 1050 Apuliae,

175 1069 304 1166 lilium
334 1069 545 1171 quondam
579 1066 737 1144 domini
779 1070 942 1166 regis
970 1067 1190 1166 llarcli,
1224 1075 1266 1148 et

174 1189 421 1270 deliberavit
448 1191 616 1268 mittere
645 1191 752 1266 duos
780 1190 833 1266 de
855 1187 1140 1268 Cardinclibus
1166 1191 1269 1281 suis‚·

176 1314 247 1414 qui
288 1318 384 1388 sunt
415 1309 468 1388 de
495 1309 693 1412 proximo
737 1311 954 1388 recessuri
982 1310 1031 1388 sd
1062 1335 1264 1391 coronan·
1414 1328 1418 1336 ’

175 1434 272 1511 dnm
302 1431 481 1510 eundem
509 1431 562 1510 de
591 1454 721 1532 regno
750 1430 987 1533 praedicto.

277 1552 386 1630 Item
425 1551 642 1630 sentimus
684 1550 799 1653 quod
852 1551 1119 1628 dominus
1163 1576 1271 1631 reu¹

175 1670 439 1749 Bossinae
469 1670 521 1747 de
550 1695 659 1750 novo
702 1669 898 1773 aquisivit
925 1679 967 1750 ct
994 1672 1139 1750 habuit
1168 1695 1268 1749 cas·

176 1802 324 1872 trum
379 1792 640 1884 (nissae,
681 1800 725 1870 et
764 1791 955 1870 similiter
1009 1797 1265 1872 castrum

12 1991 14 2026 ‚
172 1915 278 1990 Vra
290 1938 396 2005 nae,
423 1920 466 1992 ct
481 1915 654 1992 multum
679 1915 835 2015 vigilat,
852 1914 901 1992 ad
917 1913 1210 2016 aquisitionem
1226 1921 1268 1991 et

175 2036 504 2136 occupationem
534 2043 742 2114 terrarum
772 2045 813 2114 et
842 2036 1035 2114 locorum
1063 2035 1266 2111 Dalma-

160 2154 312 2243 tiae,
337 2153 380 2230 in
408 2162 564 2234 tantum
582 2213 595 2247 ,.
622 2158 736 2258 quod
764 2164 940 2259 apparet
967 2155 1098 2234 dictas
1127 2155 1267 2233 civita-

173 2281 238 2352 tes
267 2283 309 2352 et
336 2276 430 2355 loca
457 2301 553 2354 esse
580 2277 621 2355 in
648 2281 832 2374 maximo
870 2276 997 2354 dubio
1028 2277 1268 2378 attimaro,

174 2394 410 2472 dubitantes
478 2421 563 2473 non
617 2421 744 2498 posse
797 2396 998 2474 resistere
1050 2394 1268 2498 potentiae

174 2515 277 2592 dicti
306 2517 420 2616 regis
448 2523 491 2593 et
519 2523 728 2620 oportere
753 2520 980 2617 subiugare
1008 2515 1101 2594 sibi.

277 2634 331 2714 llt
357 2642 402 2713 ut
430 2635 619 2716 elidimus
659 2637 752 2741 ipse
780 2661 859 2714 rex
893 2637 994 2714 dicit
1034 2635 1177 2714 l'acerc
1204 2659 1267 2712 su·

174 2756 368 2860 predicta
407 2780 513 2860 pro
556 2757 699 2836 filiu
740 2757 948 2861 praedicti
990 2755 1151 2834 demini
1193 2779 1266 2834 re·

174 2876 265 2975 gis
291 2874 326 2954 lt
341 2898 363 2952 a
379 2901 441 2954 rc
459 2878 470 2954 1
486 2877 511 2965 i,
539 2887 583 2954 et
597 2879 712 2980 quod
735 2877 935 2980 quidquid
964 2879 1141 2978 aquirit.
1158 2935 1166 2951 .
1181 2933 1191 2954 .
1205 2901 1265 2972 -3

176 2994 335 3074 etlicet
363 2999 469 3076 certi
493 3023 636 3076 sumus
652 3000 765 3100 quod
781 2998 917 3076 dicius
947 2998 1268 3078 rexet'dcmina

178 3117 323 3215 regina
362 3116 578 3220 praedicta
618 3119 726 3196 haec
765 3143 846 3222 per
873 3119 972 3196 alies
1011 3119 1108 3196 vias·
1142 3117 1268 3196 etiam

177 3240 342 3316 habere
369 3241 603 3341 potuerint,
632 3246 769 3318 tamen
797 3241 901 3317 moti
927 3241 1093 3318 sincera
1123 3239 1267 3317 cerita-

177 3365 220 3436 te
248 3365 405 3450 nostra,
434 3381 558 3461 quam
585 3358 801 3438 indefesse
826 3360 987 3437 habere
1015 3357 1271 3436 intendimus

178 3480 229 3557 ad
260 3471 630 3558 conservationem
657 3488 787 3560 status
815 3482 897 3572 sui,
926 3479 1120 3556 timentes
1147 3477 1272 3556 dubia

179 3607 223 3678 et
249 3600 454 3702 pericula,
482 3625 589 3702 quae
611 3601 775 3701 judicio
811 3605 958 3678 nostro
989 3599 1134 3678 videre
1163 3596 1273 3676 vide·

12 3751 13 3778 ¹
92 3727 95 3732 ’
178 3745 287 3819 misr,
319 3721 355 3796 si
383 3721 491 3800 lilius
528 3722 743 3823 quendam
779 3721 935 3800 domini
977 3719 1089 3819 regis
1131 3717 1271 3796 liaroli

177 3843 355 3920 intraret
394 3841 548 3920 Dalm
566 3867 588 3920 a
603 3845 680 3922 tia
695 3869 762 3944 m,
817 3840 1139 3920 deliberavimus
1174 3839 1272 3943 ipsc

176 3973 297 4066 parte
324 3965 620 4044 serenitatibus
647 3966 733 4042 suis
762 3964 907 4042 iacere
962 3961 1194 4056 manifesta,
1227 3967 1274 4058 ut

177 4085 342 4188 possint
370 4095 465 4165 ente
494 4093 659 4189 tempus
701 4103 937 4175 occurere,
966 4090 1009 4159 et
1034 4081 1274 4160 sicvsuflici·

178 4214 301 4284 enter
328 4205 379 4283 de
408 4205 578 4285 utilibus
609 4211 652 4284 et
678 4205 931 4286 necessariis
958 4203 1153 4282 remediis
1175 4225 1271 4304 pro·

1009 4324 1069 4391 lt*
