3192 5112
1198 345 1259 410 117

169 565 345 642 magnae
386 569 554 646 quoque
596 546 831 624 devotionis
869 551 911 622 et
939 547 1262 630 benevolentiae

168 661 487 758 firmamentum,
516 665 665 768 quibus
707 647 1062 771 praedecessores
1090 673 1179 768 ejus
1208 673 1262 750 in·

170 786 271 884 clyti
299 810 466 886 reges
495 787 605 866 Rax
621 789 632 866 i
648 812 671 866 a
687 812 722 876 e,
752 797 793 868 et
821 791 1178 890 praedecessores
1195 815 1264 867 no·

168 905 248 985 stri
277 907 407 986 duces
431 907 612 986 illustres
640 917 682 986 ct
710 911 955 996 comanitas,
984 911 1260 990 intervenien-

169 1025 278 1104 tibus
307 1026 581 1109 laudabilibus
623 1027 718 1108 binc
756 1031 1128 1129 magneanimitatis
1166 1059 1260 1134 ope-

170 1149 285 1226 ribus
313 1151 545 1246 viguerunt.
597 1148 710 1248 Quae
739 1149 907 1252 quidem
949 1151 1153 1231 mentibus
1195 1177 1262 1230 no·

169 1269 268 1346 stris
294 1268 428 1360 insita,
456 1292 531 1346 nos
560 1275 787 1370 nostraque
817 1277 904 1346 tota
921 1274 1153 1350 comanitas
1170 1297 1265 1348 con·

168 1412 340 1466 servare
368 1389 667 1492 proposuimus
697 1413 789 1466 oum
816 1412 890 1464 stra
907 1391 1261 1472 excellentissima

170 1514 398 1608 majestate,
428 1517 468 1592 et
497 1533 671 1588 servare
692 1517 889 1612 quantum
917 1515 958 1590 in
987 1511 1108 1592 nobis
1136 1517 1175 1592 in
1206 1515 1262 1592 fu·

170 1639 308 1710 turum
335 1633 625 1736 proponimus,
676 1633 917 1710 Audivimus
954 1633 1105 1712 dudum
1137 1643 1178 1714 et
1207 1637 1263 1718 iu·

169 1759 388 1832 cessanter
424 1753 610 1832 audimus
648 1777 796 1852 graves
826 1756 1047 1854 quaerelas
1077 1763 1118 1834 et
1147 1757 1263 1834 lacri·

169 1873 344 1952 mobiles
373 1883 613 1950 nostrornm
630 1873 895 1953 subditorum
924 1873 976 1952 de
1005 1873 1071 1952 Ra
1086 1901 1111 1973 g
1126 1903 1151 1952 u
1167 1903 1194 1952 x
1209 1878 1221 1952 i
1236 1901 1261 1953 o

168 1999 212 2070 et
239 1993 422 2074 fidelium
452 1993 716 2080 dilectorum,
746 1995 985 2078 dicentium,
1015 1998 1055 2072 in
1085 1996 1262 2097 imperio

167 2138 260 2202 suo,
287 2138 364 2216 per
392 2113 579 2194 ollicium
616 2140 719 2194 suae
747 2119 916 2193 sanctae
947 2139 1148 2208 coronae,
1176 2141 1260 2195 non

167 2259 248 2312 rina
275 2237 350 2313 scd
370 2236 546 2314 diversis
574 2237 845 2336 gravitatibus
875 2243 917 2312 et
946 2237 1148 2315 molestiis
1180 2238 1264 2314 ino·

169 2357 260 2432 tari.
298 2355 351 2436 let
378 2365 609 2460 propterea
649 2383 695 2436 se
736 2357 785 2434 ad
825 2359 1003 2460 dampna
1043 2359 1184 2456 gravia
1222 2363 1265 2432 et

158 2481 350 2574 jacturas
379 2475 668 2556 intolerabiles
683 2501 777 2554 esse
805 2477 1043 2580 prolapsam,
1072 2479 1262 2582 dampna·

168 2621 251 2699 que
289 2595 502 2700 dampnb,
542 2597 748 2676 novitates
785 2597 1037 2676 novitatibus
1066 2605 1108 2676 ct
1135 2598 1265 2700 gravi·

167 2723 275 2794 tates
315 2715 585 2816 gravitatibus
626 2719 867 2796 continuate
903 2726 944 2794 et
979 2717 1266 2796 indesinenter

166 2839 330 2938 augeri.
368 2835 481 2936 Quae
519 2837 688 2939 quidem
716 2838 938 2926 novitates,
969 2840 1196 2938 gravitates
1224 2845 1267 2916 et

167 2957 346 3060 dampna
363 2960 424 3048 eis
452 2957 781 3062 insoportabilia‚
810 2961 927 3062 ipsos
956 2961 1189 3059 astringunt
1212 2958 1263 3036 de

168 3103 305 3180 regno
348 3079 556 3160 recedere
598 3089 640 3159 et
679 3081 720 3156 in
758 3083 851 3184 ipso
895 3081 1142 3160 moresolito
1180 3105 1263 3158 non

168 3201 393 3279 mercheri.
448 3201 533 3286 Pro
576 3205 688 3280 tanto
732 3203 873 3302 gravi,
909 3228 988 3305 nos
1026 3204 1097 3304 qui
1126 3201 1263 3278 animo

166 3347 340 3425 semper
368 3321 570 3402 babemus
585 3323 869 3406 sinceritatem
887 3333 928 3402 et
944 3323 1080 3410 fidem,
1098 3325 1262 3400 bonam·

168 3468 251 3549 que
292 3467 443 3547 pacem
484 3450 526 3520 et
564 3447 842 3524 concordiem
893 3470 988 3524 crim
1029 3467 1102 3522 sua
1143 3466 1264 3520 sacra

119 3639 124 3648 ,
167 3569 399 3664 majestate,
426 3573 597 3644 nostrae
615 3566 766 3642 mentis
794 3565 1011 3643 affectibus
1040 3587 1262 3641 conserva-

167 3711 228 3778 re,
269 3687 530 3789 providimus
582 3687 759 3767 eundem
816 3683 1132 3766 ambaxatorem
1172 3709 1262 3762 nos·

167 3819 278 3888 trum
307 3807 502 3904 ,ad-suam
531 3807 799 3886 serenitatem
842 3805 1114 3884 clarissimam
1142 3805 1262 3884 desti-

167 3951 283 4026 nare,
315 3953 437 4029 quam
465 3929 658 4010 volumus
674 3951 728 4006 ex
743 3935 863 4030 parte
892 3932 1034 4004 nostra
1062 3927 1265 4004 instanter

169 4071 309 4136 orare,
336 4055 381 4126 ut
409 4071 488 4158 pro
523 4048 692 4128 honore
720 4071 821 4124 suae
862 4045 1154 4124 serenissimae
1182 4070 1263 4124 ma-

160 4169 325 4270 jestatis
354 4177 479 4272 atque
488 4167 684 4266 justiciae
713 4177 755 4244 et
782 4174 951 4245 nostrae
968 4166 1263 4244 consideratio·

1024 4287 1068 4353 3*
