3186 5112
1167 381 1232 452 bb!

150 591 213 670 sui
241 590 415 673 dominii
440 592 575 694 ipsum
616 595 865 694 opporteret
905 613 1067 668 armare
1095 554 1234 691 galeas

149 739 224 790 seu
253 712 452 812 barches,
483 713 613 789 vellet
640 711 754 790 scire
782 713 961 814 qualiter
990 713 1145 812 poterit
1172 737 1232 790 es·
1303 789 1311 802 ,
1461 703 1465 714 ’

150 859 194 911 se
221 839 317 912 tuta
337 826 380 909 et
407 856 429 908 a
455 831 612 910 nostris
642 837 828 910 tractata.

12 1021 13 1048 ς
204 1002 207 1010 ·
253 953 395 1056 Capta.
445 951 789 1056 Respondentur:
831 953 949 1050 Quod
979 957 1132 1031 veritas
1160 958 1234 1042 est,

12 1067 13 1072 ‘
150 1081 194 1152 nt
219 1077 362 1176 potest
389 1073 469 1156 sibi
498 1073 590 1151 fore
617 1079 775 1158 notum,
805 1075 914 1175 quod
943 1075 1107 1151 novitus
1137 1071 1232 1152 cmi·

150 1217 238 1270 mus
272 1195 386 1290 justo
424 1191 547 1270 titulo
577 1197 621 1270 et
641 1191 826 1290 juridice
865 1191 1036 1270 «ladrum
1064 1199 1106 1270 et
1133 1191 1236 1271 alias

151 1337 298 1390 omnes
327 1317 460 1392 terras
489 1321 531 1392 et
559 1313 652 1390 loca
679 1313 907 1390 Dalmatiae
936 1336 986 1390 ac
1007 1313 1234 1411 jurisdicti-

151 1458 255 1512 ones
283 1432 468 1522 illarum,
496 1458 518 1510 a
546 1432 716 1511 domino
747 1458 850 1534 rege
879 1433 1097 1532 ladislao,
1141 1439 1235 1512 uta

151 1575 254 1630 vero
282 1551 548 1632 dominatore
576 1553 662 1638 rei,
708 1561 751 1631 et
777 1577 855 1655 pro
884 1567 1038 1653 magno
1072 1553 1235 1654 precius

12 1747 14 1762 ,
150 1671 291 1773 itaque
320 1670 491 1769 dejure
520 1671 590 1748 ille
606 1671 657 1759 ad
673 1680 862 1750 nostrum
891 1673 1118 1753 dominium
1146 1697 1237 1776 per·

151 1793 280 1870 tinent
307 1801 433 1895 atque
473 1801 691 1898 spectant,
736 1803 778 1872 et
805 1795 904 1874 ideo
934 1795 1126 1872 alienatio
1154 1818 1236 1868 non

150 1920 290 2014 potest
316 1937 397 1990 nec
424 1914 608 2016 pertinet
635 1914 727 1992 fieri
755 1917 806 1992 ab
836 1913 931 2000 alio,
961 1939 1085 2016 quam
1106 1939 1236 1991 anos·

12 2125 13 2128 p
150 2042 216 2112 tro
246 2032 455 2123 dominio,
485 2037 558 2112 sed
589 2039 857 2116 considerato
888 2039 1001 2140 quod
1029 2042 1073 2112 ut
1101 2034 1235 2138 predi·

12 2153 13 2208 ἶ
151 2151 310 2241 ximus,
336 2153 473 2256 ipsum
502 2153 718 2232 dominum
749 2155 985 2255 Creuoyam
1014 2155 1236 2236 dileximus

12 2279 13 2316 ¹
149 2297 318 2377 semper
346 2283 389 2351 et
416 2274 626 2376 diligimus
654 2303 703 2356 ac
721 2287 910 2356 tenemus
938 2278 978 2353 in
1008 2279 1166 2355 bonum
1196 2280 1238 2350 et

12 2401 14 2486 l
148 2415 294 2472 rernm
324 2395 504 2475 amicum
532 2398 667 2474 nostri
696 2398 891 2483 dominii,
934 2401 976 2474 et
1004 2396 1068 2473 sic
1095 2418 1236 2472 sumus

12 2505 13 2516 ¹
146 2515 255 2592 certi
284 2540 408 2596 versa
435 2517 544 2607 vice,
573 2518 688 2620 quod
716 2521 779 2604 sit,
799 2529 841 2597 et
864 2518 965 2596 velit
994 2515 1237 2629 constantis-

12 2687 13 2736 ἰ
60 2689 62 2694 -
148 2638 251 2714 sime
281 2659 375 2714 esse
404 2639 564 2718 amicus
591 2644 736 2718 noster
764 2629 927 2738 bonus,
973 2663 1112 2716 sumus
1140 2663 1236 2716 con·

150 2758 250 2838 tenti
280 2757 393 2860 quod
422 2766 563 2840 teneat
591 2761 822 2864 Spalletum
852 2771 894 2840 et
923 2762 1016 2836 loca
1044 2785 1151 2860 quac
1183 2767 1235 2837 te·

149 2887 220 2966 net
247 2882 296 2958 ad
314 2903 504 2982 presens,
531 2882 712 2961 vivendo
742 2880 957 2962 nobiscum
988 2881 1027 2958 in
1043 2879 1154 2957 bona
1179 2880 1235 2956 vi·

12 3039 13 3074 ;
150 2999 329 3078 cinantia
348 3057 358 3092 ‚
380 3008 428 3077 -et
457 3001 730 3081 tractabimus
758 3009 801 3079 et
828 3003 1000 3080 tractari
1029 2997 1235 3077 mandabi·

12 3151 14 3194 t
150 3119 573 3200 muslocaetomnes
602 3121 865 3212 habitatores
892 3124 1100 3206 locorum,
1130 3144 1236 3219 quae

152 3239 219 3318 ille
261 3239 457 3318 dominus
486 3247 603 3320 tenet
630 3243 681 3318 ad
709 3268 911 3346 presens,
953 3239 1103 3318 tamin
1133 3239 1236 3340 mari

12 3411 13 3414 κ
150 3385 271 3463 quam
300 3362 340 3437 in
361 3369 482 3438 terra
498 3361 785 3440 amicabiliter
812 3371 854 3439 et
871 3363 1068 3450 fraterne,
1098 3359 1237 3437 obser-

148 3489 271 3560 vante
298 3483 389 3584 ipso
418 3481 480 3560 sic
510 3506 630 3560 versa
657 3482 752 3561 vice
781 3490 938 3584 aparte
966 3505 1051 3559 sua.
1079 3483 1236 3558 Verum

12 3631 13 3640 ¹
149 3604 264 3705 quod
292 3603 511 3706 promittat
538 3629 622 3680 non
652 3603 754 3680 dare
778 3603 919 3705 aliquo
949 3607 1143 3704 tempore
1172 3627 1237 3684 au·

12 3791 13 3794 ,
148 3723 318 3812 xillum,
361 3723 610 3812 consilium,
649 3747 731 3803 nec
760 3725 947 3802 favorem
977 3725 1234 3802 coutentium

148 3842 386 3921 victualium
415 3868 495 3920 nec
521 3869 750 3935 armorum,
765 3870 845 3924 nec
861 3845 1037 3923 alicuius
1052 3843 1126 3940 rei,
1144 3845 1236 3922 aliis

150 3964 277 4040 terris
299 3963 461 4040 etlocis
490 3963 732 4050 Dalmatiae,
761 3989 868 4066 quae
897 3963 1040 4052 forent
1066 3963 1236 4042 inimice

150 4083 499 4162 inobedienteset
514 4084 697 4162 rebelles
724 4093 875 4164 nostro
906 4085 1104 4162 dominio.
1136 4085 1235 4163 Nam

149 4213 292 4284 nostra
320 4206 549 4286 dominatio
578 4232 658 4310 pro
689 4206 992 4307 magnificentia
1019 4233 1091 4284 sua
1113 4205 1236 4284 etilla

12 4335 14 4350 '
151 4349 226 4427 pro
257 4325 404 4417 nobis,
431 4349 485 4404 ex
514 4327 673 4428 intuytu
703 4329 835 4406 mutui
863 4327 1042 4415 amoris,
1083 4325 1238 4402 debent

989 4453 1032 4515 29
