3224 5110
306 359 371 427 428

307 568 361 647 do
393 565 944 665 contrnliagusium
974 569 1054 642 eto.
1083 565 1206 664 Quod
1237 567 1398 668 optime

304 689 584 768 intelleximus
630 688 959 789 spectabilitates
987 712 1104 780 suns,
1145 695 1188 765 et
1231 711 1310 789 pro
1341 687 1399 762 af·

257 809 262 822 '
304 809 493 886 fectione
521 815 667 885 nostru
695 831 795 904 erga
823 809 938 884 illum
966 831 1086 882 suum
1129 806 1395 906 magnificum

304 928 531 1015 dominum,
560 931 766 1007 vellemus
782 917 1046 1008 conditiones
1072 929 1282 1032 presentis
1298 935 1398 1005 tem·

305 1047 423 1149 poris
449 1047 505 1124 ita
533 1073 578 1126 se
595 1049 766 1137 habere,
795 1050 907 1151 quod
936 1050 1021 1125 suis
1049 1045 1397 1151 requisitionibus

303 1193 526 1270 possemus
554 1177 604 1254 ut
627 1171 814 1270 cupimus
841 1171 1102 1259 satisfacere,
1131 1168 1205 1246 sed
1229 1192 1311 1243 non
1327 1167 1397 1244 du·

305 1288 481 1368 bitamus
509 1289 642 1392 ipsum
672 1291 935 1388 magnificum
966 1292 1176 1368 dominum
1193 1313 1243 1366 no
1271 1287 1395 1366 etiam

304 1407 634 1509 spectabilitates
663 1435 773 1503 suns,
802 1410 1035 1510 intelligere
1052 1409 1222 1507 negotia
1240 1413 1398 1494 nostra,

305 1537 349 1606 et
377 1552 583 1630 expensus
614 1555 716 1630 quus
746 1533 800 1607 ob
830 1531 868 1606 id
898 1531 1086 1620 iacimus,
1115 1553 1197 1629 que
1214 1527 1396 1605 maxime

304 1655 424 1736 sunt3
454 1647 728 1748 quamobrem
758 1672 833 1750 pro
863 1651 1051 1752 presenti
1078 1675 1163 1726 nou
1199 1649 1394 1724 videmus

305 1769 488 1854 modum,
517 1768 767 1847 deveniendi
796 1771 846 1848 ad
876 1797 925 1850 eu
969 1777 1116 1850 contro
1155 1767 1414 1865 Ragusium,·

305 1915 412 1990 quae
442 1890 763 1990 requisiverunt.
816 1893 931 1971 Bene
974 1916 1051 1970 eos
1094 1887 1392 1975 certificemus,

305 2011 418 2110 quod
447 2009 719 2109 dirigentibus
744 2039 793 2090 so
826 2015 890 2091 bis
919 2012 1114 2112 negotiis·
1134 2013 1279 2100 borum
1302 2034 1397 2110 per·

305 2132 406 2207 tium
434 2137 693 2224 nostrarum,
721 2132 1025 2236 promptissimi
1053 2129 1168 2208 omni
1196 2133 1396 2229 tempore

303 2249 568 2352 reperiemur
596 2252 645 2326 ad
676 2253 839 2339 omnin,
880 2277 985 2353 quae
1027 2273 1296 2329 conseruere
1325 2271 1396 2326 oo·

304 2395 554 2470 gnosoamus
581 2371 736 2449 bonum
765 2382 806 2452 et
834 2374 1059 2452 comodum
1103 2396 1152 2450 no
1181 2371 1395 2449 honorem

304 2492 416 2567 iilius
445 2493 655 2591 magnifici
692 2493 852 2572 domini
878 2497 966 2580 sui,
997 2517 1119 2598 quem
1162 2491 1202 2568 in
1233 2491 1397 2570 norissi-
1453 2482 1456 2490 ’

304 2637 418 2689 mum
449 2613 621 2690 fratrem
650 2614 866 2693 babemus.

405 2733 439 2814 Α
455 2736 479 2810 d
521 2761 547 2836 p
565 2759 585 2809 s
603 2757 624 2810 r
641 2743 654 2812 t
670 2761 693 2810 e
711 2761 749 2810 m
777 2759 881 2812 vero
911 2735 1020 2812 iliius
1058 2733 1256 2814 novitatis
1284 2731 1399 2812 fecte

304 2857 454 2930 contra
483 2855 668 2931 nuntium
697 2853 826 2955 ipsius
855 2855 1014 2932 domini
1043 2855 1082 2930 in
1113 2850 1218 2930 meri
1245 2857 1398 2927 nostro

301 2999 379 3074 per
409 2974 835 3072 Rugusienses‚
863 2975 1036 3061 dicatur,
1066 2973 1177 3074 quod
1194 2971 1399 3071 displicet

301 3092 421 3168 nobis
450 3097 726 3174 vehementer
754 3098 885 3198 ipsam
915 3095 1143 3173 novitatem
1166 3093 1397 3170 comissum

229 3238 232 3244 ·
303 3213 436 3292 tuisse
465 3224 612 3294 contro
642 3218 829 3294 nuntium
846 3217 976 3319 ipsius
990 3215 1147 3294 domini
1175 3221 1217 3292 et
1242 3215 1397 3304 innos-

302 3347 368 3412 tro
413 3337 542 3429 meri,
584 3336 848 3438 hubentequo
890 3363 942 3415 eo
982 3343 1151 3414 nostrus
1194 3339 1393 3438 putentes

301 3455 472 3540 litteras,
502 3465 544 3534 et
572 3459 624 3533 do
651 3457 734 3534 boo
763 3458 887 3534 etiam
917 3481 994 3560 per
1022 3456 1182 3533 litteras
1224 3459 1396 3532 nostras

216 3633 218 3641 >
302 3575 532 3654 condolere
561 3577 809 3656 intendimus
845 3603 938 3656 oum
968 3577 1225 3657 comunitate
1262 3573 1397 3673 Regu·

301 3693 364 3779 sii,
392 3701 435 3770 et
463 3695 653 3774 seribere
682 3699 808 3775 intuli
836 3699 985 3787 forma,
1013 3699 1127 3799 quod
1156 3694 1396 3793 intelligent

300 3817 412 3894 buno
441 3823 579 3894 uotum
621 3818 743 3895 nobis
781 3843 982 3896 summum
1024 3819 1065 3925 in
1107 3818 1277 3894 modum
1314 3813 1396 3890 dis·

301 3935 511 4038 plicuisse,
539 3945 581 4014 et
609 3940 720 4040 quod
749 3939 800 4016 de
829 3945 978 4018 cetero
1006 3963 1052 4015 se
1080 3936 1314 4017 abstineant
1337 3935 1397 4038 ip.

300 4056 335 4132 si
359 4057 627 4157 Rugusenses
656 4058 705 4134 ab
734 4059 972 4136 huiusmodi
1014 4057 1280 4149 novitatibus,
1299 4061 1399 4160 quia

301 4175 480 4256 intentio
510 4187 655 4256 nostre
696 4188 777 4268 est,
820 4181 933 4281 quod
979 4178 1110 4257 nuntii
1151 4187 1193 4257 et
1234 4179 1395 4256 subditi
