3228 5108
1182 431 1249 500 fl

156 643 371 746 praticarc
411 640 730 725 mercimom'ari‘
750 648 794 720 ct
820 639 1065 720 conversati
1099 637 1248 720 in'tsr·

156 764 216 841 ris
256 764 480 866 utrinque,
524 785 626 842 cnm
647 761 1013 863 earumpcrsonis
1050 765 1094 838 et
1128 759 1248 838 bonis

158 889 246 964 tute
274 869 495 976 st'liberc,
523 909 574 964 ac
601 883 776 964 tractari
802 881 962 962 utboni
989 881 1132 974 amici,
1159 904 1247 960 non

157 1004 431 1104 intelligendo
460 1005 501 1082 in
528 1003 592 1082 his
627 1027 835 1108 personas
864 1001 1067 1096 bannitus,
1096 1000 1246 1080 ac'de·

158 1127 258 1207 beat
296 1133 475 1228 utraque
514 1125 695 1229 portium
737 1123 882 1203 iacere
908 1119 1163 1225 proclamari
1205 1121 1248 1198 in

156 1246 227 1324 die
253 1247 388 1328 sancti
413 1245 623 1326 Jobnnnis
650 1245 859 1348 proximo,
875 1244 1040 1322 scilicet
1055 1243 1152 1320 tune
1178 1242 1248 1321 die

157 1365 361 1466 vigesimo
397 1367 555 1446 mensis
582 1363 819 1468 presentis3
860 1365 899 1441 ia
929 1363 1126 1443 omuibus
1160 1362 1248 1440 suis

158 1485 285 1564 terris
312 1493 355 1565 et
372 1483 678 1588 iocispubiice,
704 1485 820 1587 quod
848 1485 958 1564 facta
974 1487 1041 1560 est
1068 1483 1177 1560 bona
1206 1484 1249 1560 et

157 1605 348 1708 perfecta
386 1631 484 1708 pax.
537 1607 600 1686 Ac
628 1607 700 1688 bat
725 1607 835 1686 ratio
866 1608 1154 1705 cujuscunque
1183 1602 1250 1681 dc·

159 1726 249 1812 biti,
279 1749 363 1827 quo
392 1725 546 1827 aliquis
575 1725 836 1805 subditorum
863 1725 1044 1827 partium
1073 1722 1250 1804 deberet

21 1921 23 1936 ,
156 1843 369 1925 haberes
398 1845 573 1924 subditis
601 1847 779 1926 alterius
813 1843 1080 1948 temporibus
1108 1843 1249 1948 lapsis,

21 1995 23 2048 ι
156 1963 495 2068 promittentibus
524 1966 576 2046 ad
590 1967 774 2046 invicem
801 1966 925 2046 dictis
938 1961 1141 2068 partibus,
1162 1987 1248 2041 non

157 2086 330 2166 deviare
371 2109 453 2166 nec
494 2087 663 2168 auferre
703 2085 1014 2190 aliquomodo
1057 2084 1275 2164 subditos·

38 2262 42 2273 ·
157 2207 513 2294 alterins,acnon
539 2211 767 2310 acceptare
792 2207 924 2286 verba
952 2207 1130 2306 aiicujus
1156 2229 1248 2309 pra·

21 2393 22 2400 x
157 2326 222 2423 vi,
266 2328 339 2430 qui
364 2325 494 2406 vellet
520 2347 683 2430 ponere
719 2326 966 2406 scandatum
991 2332 1062 2406 aut
1088 2325 1248 2406 discor·

21 2407 23 2480 ἔ
156 2447 269 2526 diam
297 2447 407 2526 inter
432 2451 590 2549 partes,
620 2448 704 2526 imo
734 2447 878 2526 fecere
905 2445 1168 2550 punitionem
1196 2445 1249 2526 de

21 2577 22 2620 ³
156 2568 325 2654 talibus,
358 2567 474 2648 sicut
501 2567 585 2646 erit
619 2567 785 2646 iustum.
837 2567 926 2645 Non
955 2567 1150 2647 iaciendo
1179 2567 1249 2646 sii·

22 2699 23 2764 ζ
157 2711 281 2790 quam
306 2685 551 2766 stricturam
572 2687 639 2766 vel
668 2685 863 2766 devotum
892 2687 1068 2766 subditis
1097 2687 1249 2768 aiteru-

157 2807 264 2886 trius
300 2805 508 2907 partium,
549 2807 633 2884 imo
664 2831 760 2888 cum
788 2807 938 2910 amplis
980 2805 1249 2884 libertatibus

157 2931 293 3006 stetur
321 2926 364 3012 in
391 2923 501 3007 bona
530 2927 845 3031 compositione
874 2933 918 3006 et
939 2933 1038 3006 tuta
1054 2949 1171 3028 pace,
1197 2926 1249 3004 si·

158 3053 230 3126 cut
257 3053 456 3150 tempore
492 3047 602 3126 bonc
638 3049 843 3129 memorie
870 3047 1032 3129 domini
1075 3045 1250 3145 Georgii

158 3166 409 3251 Stracimiri.
461 3167 515 3248 Et
541 3167 653 3269 quod
688 3167 844 3246 subditi
878 3170 930 3248 ab
965 3169 1098 3249 attera
1126 3166 1250 3246 alteri

159 3313 241 3371 non
283 3288 539 3370 auferantur.
591 3289 897 3368 Promittcntes
936 3289 1041 3370 dicti
1078 3286 1249 3368 domins

156 3407 346 3508 Helena,
390 3412 433 3486 et
460 3409 654 3490 domiuus
686 3410 807 3490 Balsa
837 3434 914 3488 suo
942 3407 1112 3489 nomine
1152 3427 1250 3507 pro·

155 3531 278 3634 prio,
330 3534 374 3608 et
424 3527 525 3610 dicti
578 3529 773 3610 domiuus
815 3529 1028 3610 Robertus
1083 3527 1250 3617 Mauro,

157 3671 277 3746 seno,
308 3653 351 3726 et
377 3649 582 3730 dominus·
600 3649 796 3732 «lacobus
816 3649 872 3728 de
896 3647 1002 3754 Ripa
1030 3647 1153 3726 mites
1180 3669 1250 3722 no·

158 3769 270 3850 mine
285 3769 464 3848 dominii
491 3773 764 3854 venetiarum
782 3771 978 3874 predicti,
1002 3771 1136 3849 altera
1149 3789 1249 3872 pars

158 3889 296 3978 alteri,
325 3892 527 3972 etaltera
562 3895 711 3979 alteri.
751 3918 847 3974 cnm
874 3889 1131 3972 solemnibus
1155 3911 1251 3993 pros

157 4009 427 4090 missionibus
456 4014 597 4096 omnia
625 4013 843 4120 predicta,
871 4018 915 4092 et
943 4009 1132 4114 quotibet
1157 4033 1249 4112 pre·

23 4205 24 4252 3
159 4129 537 4234 dictorum‚'picnc
566 4139 610 4212 et
636 4134 727 4214 sine
756 4131 1096 4212 contradictione
1122 4129 1248 4211 adim·

23 4255 24 4258 ‘
158 4251 292 4352 plere,
322 4256 366 4330 et
392 4249 657 4341 observare,
683 4257 727 4335 et
754 4278 840 4334 aon
859 4253 1165 4334 contrafacere
1193 4251 1248 4352 ip·

23 4421 25 4461 ,
160 4371 233 4458 sia,
247 4371 316 4458 nal
331 4372 456 4452 alicui
482 4373 684 4476 ipsorum,
701 4373 915 4476 aliqu-ibus
941 4373 1107 4458 ratione
1122 4395 1248 4454 cauca
