3154 5102
51 752 154 844 ditur,
181 765 225 834 et
250 757 360 837 ideo·
376 756 619 836 mundemus
660 756 720 834 eis
736 773 751 842 ,·
790 757 925 860 quod‘
948 779 1119 862 respou-

50 873 156 955 deent
181 875 294 957 dicto
336 877 541 960 comiti
581 872 858 977 Mlad'ino‚
905 901 1121 958 recomen-

50 993 169 1076 dando·
209 1023 305 1077 eum
331 1000 385 1078 de
412 1025 488 1078 sua
525 999 636 1078 bonu
677 997 967 1102 dispositione,
996 1021 1121 1102 quem

1 1158 2 1174 ι
49 1111 160 1195 habet
184 1118 225 1196 in
253 1119 489 1198 honoribus
515 1119 651 1198 nostri
690 1119 898 1218 comunis,
929 1119 1004 1196 sed
1031 1141 1123 1222 pre·

1 1253 2 1256 ‘
48 1235 262 1316 sentisliter
301 1239 522 1318 intendere
562 1263 649 1316 uon
677 1245 854 1341 possunt
882 1240 933 1317 ud
962 1237 1121 1334 dictum

1 1341 2 1394 ³
50 1352 201 1445 iactum,
230 1367 273 1436 et
301 1358 506 1438 recedant
533 1383 556 1437 o
584 1359 708 1448 iacto,
733 1383 829 1448 cum
855 1357 934 1438 hiis
962 1365 1006 1438 et
1033 1357 1122 1436 otiis

47 1477 193 1578 pulcris
244 1478 414 1568 verbis,
464 1501 571 1580 quae
626 1475 687 1555 eis
729 1479 985 1556 videbuntur
1025 1505 1122 1558 cou-

48 1599 194 1680 venire.

487 1735 594 1802 seer.
619 1737 709 1824 sog.
734 1735 809 1802 un
834 1736 858 1804 ι.
882 1737 922 1802 n.
946 1737 1005 1802 en.
1027 1737 1080 1804 a.

47 1957 256 2060 xuvll.
300 1983 409 2058 nus.
446 1978 575 2057 rnu-
610 1979 719 2058 xlv.
769 1983 818 2058 ro
843 1977 1122 2057 ianuar-n.

1 2153 2 2186 ³
43 2185 235 2246 innumero
270 2206 396 2248 uacare
429 2205 619 2248 :resource
644 2207 663 2246 n
688 2189 896 2249 comessurus
927 2191 1136 2288 &poponus-¹

1 2309 2 2382 ᾗ
42 2287 107 2370 rol,
129 2291 367 2370 Tpornpcnoii‚
389 2291 620 2362 cuunrcuofi,
644 2291 891 2352 mnoesussofi
916 2309 933 2348 ι
959 2292 1122 2371 serenos,

128 2411 165 2468 ps
189 2403 322 2454 nomm
343 2397 448 2471 npohy
473 2411 579 2472 cneuy
612 2395 741 2456 nouere
765 2413 855 2468 nonu
878 2397 1023 2471 διμερῆ..

136 2561 279 2667 Copto:
299 2656 302 2666 Ι
321 2564 431 2667 quod
459 2562 664 2643 scribatur
705 2563 859 2643 nostris
900 2590 964 2643 co
980 2589 1021 2642 nr
1036 2565 1049 2642 i
1063 2571 1079 2642 t
1094 2565 1120 2642 i-

1 2677 133 2778 pbus
164 2693 208 2760 et
234 2682 709 2762 comunitntibus
743 2685 971 2784 Rugusii
1007 2683 1122 2764 Tru·

40 2923 369 3004 recomendondo
411 2922 534 3002 fidem
577 2933 618 3003 et
658 2926 928 3005 devotionem
972 2951 1119 3006 corum

40 3041 86 3122 de
124 3045 246 3146 lignis
287 3053 329 3124 et.
368 3045 559 3146 gentibus
600 3047 707 3139 suis,
757 3073 858 3150 quas
903 3053 1124 3125 tenuerunt

39 3161 234 3244 hacteuus
271 3167 322 3246 od
358 3173 544 3246 nostrum
582 3167 790 3246 honorem
828 3174 871 3246 et
907 3169 1122 3247 servitium

40 3291 243 3363 contra
281 3285 527 3366 Judram.
583 3287 636 3366 ut
663 3287 774 3390 quod
802 3315 896 3368 cum
925 3289 1123 3384 faciamus

37 3403 183 3504 parari
209 3409 382 3485 nostros
410 3409 590 3497 torcios,
618 3431 697 3512 pro
739 3401 945 3490 mittendo
981 3434 1055 3488 eos
1082 3409 1122 3486 in

35 3524 228 3622 proximo
267 3524 317 3602 ed
345 3533 531 3606 nostrum
574 3527 817 3620 exercitum,
845 3531 942 3608 ioco
983 3554 1124 3638 secun·

36 3642 207 3736 dorum,
249 3649 320 3748 qui
346 3673 456 3729 nunc
484 3649 687 3768 ibispnt,
725 3649 875 3727 fociant
900 3651 1040 3755 parari
1066 3647 1125 3727 iili

34 3761 96 3840 de
123 3765 384 3866 Rugusio
412 3794 510 3847 suos
538 3768 707 3855 torcios,
734 3775 775 3846 et
803 3767 906 3847 eliac
935 3769 1124 3848 civitates

34 3893 77 3961 et
101 3887 380 3966 comunitates
408 3913 504 3967 suas
532 3895 690 3991 gentes,
705 3913 810 3992 quos
839 3893 881 3968 et
908 3913 1009 3991 quus
1037 3889 1124 3968 mit·

34 4013 123 4087 tere
162 4009 345 4087 debeant
372 4009 423 4087 sd
451 4010 606 4088 dictum
649 4007 880 4088 exercitum
920 4015 1121 4110 nostrum,

32 4125 128 4207 toco
169 4153 369 4227 suorum,
412 4131 481 4234 qui
517 4131 826 4237 presentialiter
862 4131 902 4208 in
937 4135 1123 4222 exercitu

31 4255 179 4328 nostro
208 4256 316 4328 sunt.
345 4249 396 4329 ut
422 4251 629 4331 scribetur
656 4253 717 4330 eis
746 4252 848 4340 dies,
877 4277 961 4356 quo
990 4253 1123 4333 nostri

29 4367 129 4448 hinc
156 4371 370 4452 recessuri
398 4379 503 4463 sunt,
529 4381 574 4453 ut
600 4375 681 4454 sint
708 4374 919 4454 informati
947 4373 999 4454 de
1023 4383 1122 4454 tem·
1258 4382 1259 4397 ¹

881 4495 922 4562 4*
