3192 5112
1188 397 1251 464 1⁰1

161 608 207 679 et
220 598 425 680 bonorum
442 604 684 678 nostrorum
711 597 892 678 fidelium
920 601 1275 705 praedictorum„

160 718 356 800 habendo
395 744 564 824 semper
599 743 679 824 pro
709 719 853 798 amicis
889 722 1046 801 nostris
1086 721 1250 800 domi-

159 866 286 920 num
313 841 514 920 banum
541 840 801 918 Bosiuae
829 849 872 918 et
898 851 1047 942 gentes
1074 867 1181 922 siras.¹

620 959 725 1026 serr.
751 960 842 1048 Rog.
866 959 941 1032 Lih.
967 962 993 1028 Ι.
1015 962 1054 1028 Α.
1078 963 1131 1030 ch.
1154 965 1206 1030 stu

282 1117 507 1214 LXXX·
546 1131 1146 1242 l.⁹›l17.20Deoembris.¹

159 1328 366 1386 3a=aroaeuo
402 1343 551 1386 nooraru
575 1343 594 1400 y
620 1324 794 1428 nqsunqno
827 1343 1040 1397 novatam,
1061 1345 1100 1400 μ
1124 1345 1248 1400 ηοω

2 1437 3 1450 ’
155 1435 271 1506 moe
302 1448 488 1490 aasumensi
526 1447 669 1506 rpaqon
702 1449 720 1488 a
754 1447 853 1490 reesa
877 1435 1054 1502 Massiena,
1090 1451 1247 1508 sporus·-

156 1533 428 1610 uenpiureascse
454 1553 599 1606 vanegas
634 1535 761 1592 nonnae
785 1537 940 1608 ''rapoae
964 1555 982 1592 ιι
1007 1541 1095 1596 nsua
1121 1555 1248 1614 upaap.

234 1657 377 1714 nauata,
401 1657 419 1696 a
444 1655 612 1713 sepequru
638 1656 795 1712 nporuar.
820 1655 901 1698 rora
926 1657 1053 1712 oroque
1076 1658 1171 1716 nepe.

262 1808 403 1912 Capta:
439 1833 536 1888 eum
562 1806 768 1886 habeatur
795 1833 850 1884 ex
878 1809 1083 1886 relatione
1112 1812 1244 1888 amba·

2 2013 3 2024 q
154 1936 353 2008 xatorum
394 1929 606 2007 civitatum
646 1934 887 2006 nostrarum
944 1927 1246 2018 Sibeniei,

2 2053 3 2110 t
153 2048 1245 2152 TraguriietSpalatiacoomitisMa·

153 2167 357 2259 ladini,
387 2168 501 2270 quod
529 2170 580 2246 ab
610 2164 844 2268 ngari's
873 2169 1245 2258 Ostrovicae,

153 2288 359 2368 Tinini
400 2295 441 2365 et
477 2289 654 2364 aliorum
683 2297 933 2378 castrorum,
978 2291 1244 2368 subditorum

153 2407 389 2486 domino
418 2406 870 2508 regiUngariae,
898 2433 1048 2487 eorum
1078 2412 1245 2488 bonnet

151 2528 367 2608 territoria
407 2530 647 2634 spolientur
675 2539 717 2610 et
745 2529 1030 2616 derobeutur,
1069 2537 1246 2634 propter

152 2651 267 2752 quod
297 2650 602 2752 requisiverant
629 2660 671 2730 et
698 2653 914 2753 requirant
935 2651 1152 2756 provideri
1167 2675 1245 2755 per

151 2779 346 2850 nostrum
387 2770 628 2859 dominium,
658 2797 789 2878 super
829 2773 998 2851 modum
1038 2797 1118 2876 pro
1148 2797 1243 2850 eon·

2 2862 5 2942 ἶ
149 2890 389 2970 servatione
426 2900 468 2969 et
503 2893 732 2972 securitate
776 2917 923 2970 eorum
966 2899 1007 2970 et
1034 2898 1243 2970 terrarum

151 3019 194 3090 et
223 3011 420 3090 iocorum
447 3037 646 3103 suorum,
686 3037 780 3091 num
810 3015 929 3091 aliter
958 3022 1137 3117 propter
1163 3012 1244 3092 dic·

151 3139 214 3212 tas
243 3131 560 3226 derobationes,
590 3139 636 3210 ut
664 3135 780 3212 clare
809 3134 965 3225 dicunt,
993 3135 1057 3212 sic
1083 3157 1243 3236 perma-

151 3277 256 3332 nere
298 3277 381 3332 non
422 3264 596 3358 possent
610 3285 621 3347 ;
661 3262 704 3334 et
741 3281 819 3358 pro
862 3260 972 3335 statu
1012 3260 1160 3334 nostro
1188 3256 1241 3334 in

151 3375 430 3477 partibus
471 3375 835 3478 loiavoniae
876 3375 1023 3456 haberi
1051 3375 1240 3478 provisio

153 3494 415 3596 requiratur,
444 3501 489 3572 ut
514 3495 669 3573 subditi
697 3507 739 3574 et
765 3495 913 3574 fideles
945 3496 1079 3574 nostri
1116 3500 1242 3572 terra·

152 3639 244 3692 rum
272 3623 511 3694 nostrarum
538 3616 851 3718 praedictarum
880 3624 922 3692 et
949 3639 1122 3694 comes
1150 3615 1239 3692 Ma·

2 3725 3 3728 ¹
154 3738 386 3816 iadinus
426 3738 466 3814 in
506 3738 713 3816 fidelitate
748 3747 789 3816 et
830 3738 1056 3816 devotione
1097 3745 1239 3815 nostra

155 3863 394 3938 constantes
422 3861 626 3946 existant,
655 3865 698 3938 et
722 3867 902 3962 propter
930 3883 1148 3937 accessum
1175 3881 1238 3974 re·

154 3977 212 4078 gis
252 3975 453 4080 UngarIne
482 3981 531 4058 ad
558 3986 701 4084 partes
729 3981 906 4084 Apuiee‚
948 3979 989 4055 iu
1029 4001 1237 4081 processu

155 4097 356 4202 temporis
382 4099 529 4184 melius
557 4097 715 4200 poterit
741 4095 970 4200 provideri,
991 4101 1112 4196 juxta
1141 4123 1237 4177 eon·

2 4287 3 4290 a
155 4217 331 4314 ditiones
349 4217 658 4322 etnovaipsius
675 4217 796 4319 regis,
825 4241 930 4322 quae
959 4216 1236 4316 habebuntur,

1040 4339 1083 4400 ⁷*
