3220 5118
344 337 393 410 tt

344 541 467 622 huius
484 543 659 626 eonsiiii
686 542 801 626 dieto
826 553 900 625 ser
933 542 1434 642 Jacobo'Dan‘dut'o,

347 665 560 768 quodsub
587 687 725 768 poena
740 664 986 746 ducatorum
1015 667 1143 765 mitte,
1172 667 1326 748 debeat
1353 677 1433 749 sta·

346 783 419 862 tim
446 785 497 862 ed
526 784 759 865 mandatum
788 784 961 865 dominii
988 788 1130 868 redire
1151 789 1201 866 ad
1219 787 1310 868 ilias
1335 813 1430 894 par·

345 913 410 985 tes
421 894 443 990 .'·
460 913 504 984 et
531 929 631 984 ess-e
660 931 751 986 eum
783 908 1012 1010 praedietis
1040 933 1111 986 ser
1138 910 1306 989 Au‘drea
1333 909 1429 989 Fus-

347 1021 444 1126 ouio
480 1031 523 1102 et
548 1047 620 1104 ser
659 1026 805 1105 Marco
836 1027 982 1112 Minui,
1017 1029 1312 1131 provisoribus
1340 1055 1432 1110 nos·

347 1143 449 1248 tris,
478 1144 555 1222 ad
596 1143 832 1225 faciendum
874 1156 917 1225 et
957 1149 1276 1250 exequendum,
1321 1175 1430 1254 quae

348 1273 468 1372 eapte
504 1275 548 1344 et
587 1265 774 1347 ordinata
814 1273 911 1346 sunt
949 1291 1026 1372 per
1065 1269 1149 1351 hoe
1190 1271 1426 1362 eonsilium,

346 1386 461 1466 iuxta
503 1383 686 1466 formam
741 1387 1005 1468 comissionis
1046 1391 1124 1469 sibi
1166 1390 1301 1472 datae.
1354 1392 1430 1474 De·

347 1505 527 1612 bentque
580 1507 720 1586 dietus
770 1531 842 1584 ser
895 1506 1084 1615 «lacobus
1139 1519 1181 1591 et
1213 1513 1296 1594 ,alii
1350 1513 1430 1594 duo
1583 1575 1584 1578 a

347 1629 483 1712 nostri
542 1629 811 1732 provisores,
877 1635 953 1734 per
1014 1631 1217 1712 maiorem
1272 1642 1430 1737 partem

349 1773 497 1831 eorum
534 1747 585 1826 de
621 1759 775 1852 quanto
816 1749 876 1829 ibi
904 1750 1083 1841 inerint,
1122 1753 1352 1858 providere
1379 1756 1429 1836 de
1583 1765 1584 1810 ³

347 1871 591 1951 reducendo
617 1869 732 1948 toti
760 1877 802 1948 et
828 1870 871 1948 M
888 1879 1129 1960 ntausos
1158 1881 1201 1952 et
1226 1875 1333 1955 alios
1362 1875 1430 1978 qui

347 1990 428 2074 sibi
440 1989 705 2080 videbuntur,
734 2014 828 2067 eum
842 1995 990 2070 nostro
1016 1992 1215 2085 dominio,
1244 2019 1324 2094 per
1336 1995 1432 2075 ilios

224 2197 227 2204 p
347 2111 515 2198 modos,
541 2110 611 2212 qui
639 2109 722 2187 sibi
750 2112 1011 2215 apparebunt
1037 2111 1137 2191 boni
1165 2119 1208 2190 et
1221 2112 1354 2190 utiles.
1382 2111 1433 2190 nt

347 2249 454 2308 eumz
471 2226 572 2306 dieti
598 2227 844 2330 provisores
877 2227 1032 2308 fuerint
1054 2231 1244 2334 expediti
1272 2231 1326 2308 de
1353 2229 1433 2309 sibi

275 2405 277 2413 ι
349 2350 543 2438 oomissis
568 2371 647 2452 per
673 2373 789 2428 snam
818 2350 1140 2441 comissionem,
1167 2349 1323 2430 debeat
1349 2352 1430 2431 die-

349 2480 414 2558 tus
441 2495 511 2548 ser
536 2469 725 2550 iacobus
752 2494 973 2551 remanere
989 2481 1140 2552 stesso
1167 2471 1365 2576 provisor
1391 2473 1432 2550 in

313 2617 315 2620 ·
347 2591 431 2675 ints
456 2591 656 2695 partibus,
683 2591 735 2668 ad
762 2591 1210 2695 providendum-eirea
1236 2618 1298 2680 ea,
1328 2615 1435 2696 quae

278 2753 280 2758 ·
348 2714 501 2794 viderit
540 2720 590 2791 et
623 2714 873 2812 cognoverit
914 2713 1008 2793 fore
1050 2713 1163 2792 utilia
1203 2721 1247 2793 et
1278 2714 1431 2795 iruetu·

350 2858 437 2922 osa,
463 2855 543 2936 pro
558 2831 671 2912 bono
695 2822 739 2912 et
752 2833 982 2915 securitate
998 2841 1128 2914 status
1144 2834 1293 2923 nostri,
1321 2857 1434 2937 prae·

349 2953 555 3034 dictorum
585 2955 777 3033 iocorum
806 2963 1050 3034 nostrorum
1080 2954 1132 3032 de
1161 2953 1267 3033 inde.
1299 2955 1434 3034 Debe-

349 3081 476 3177 atque
516 3073 626 3152 idern
666 3098 737 3152 ser
775 3071 966 3154 Jaeobus
1008 3099 1104 3154 esse
1141 3099 1240 3154 eum
1282 3075 1435 3153 salario

350 3198 598 3276 ducatorum
627 3193 924 3299 quinquaginta
960 3196 1000 3272 in
1029 3219 1173 3274 mense
1201 3203 1245 3273 et
1272 3193 1435 3274 ratione

350 3319 522 3415 mensis,v
549 3322 592 3394 et
619 3315 777 3394 habere
803 3317 874 3396 hie
901 3339 1049 3419 pagam
1079 3322 1263 3418 quatuor
1291 3317 1437 3394 mensi·

350 3436 653 3529 um‚·duoendo
682 3461 827 3517 seeum
856 3437 1036 3517 famulos
1065 3446 1242 3538 quatvor
1262 3435 1350 3514 *suis
1376 3458 1433 3511 sn·

350 3559 457 3638 lario
499 3565 541 3636 et
568 3558 790 3660 expensis,
833 3567 876 3636 et
902 3563 1045 3637 teneat
1071 3582 1219 3660 ¹equos
1260 3563 1436 3658 quatuor

351 3679 448 3756 dum
476 3678 558 3758 erit
583 3680 624 3756 in
649 3681 772 3760 dietis
799 3677 998 3780 partibus,
1025 3681 1110 3757 suis
1138 3679 1350 3780 expensis.
1377 3675 1435 3752 ln·

200 3821 203 3827 ·
352 3825 481 3904 super
506 3802 660 3880 debent
699 3801 835 3878 dietus
876 3823 946 3877 ser
985 3797 1174 3878 «lacobus
1202 3797 1265 3875 ire
1294 3801 1437 3876 noster

353 3917 1435 4020 ambassiatoradmaguiiieumdominum

272 4099 274 4104 -
353 4044 659 4126 stefanum
700 4044 1010 4145 despotum
1047 4037 1328 4118 Rasoieet
1357 4041 1431 4116 eet.
