3224 5110
1216 393 1280 460 441

175 602 373 694 diuini,
400 602 472 680 iiiii
498 601 671 680 illustris
701 599 926 679 domini
955 601 1277 680 ducis-Ste-

176 723 310 811 fani,
338 726 388 802 ad
416 749 466 802 ea
495 746 576 824 qua
605 729 897 826 exposuerunt
922 727 1042 824 parte
1059 721 1271 800 dictorum

175 846 334 924 domini
364 846 477 944 regis
506 850 549 922 et
577 843 745 922 comitis
771 845 809 920 V
825 845 836 920 Ι
852 867 874 921 a
892 844 918 922 d
933 842 979 920 is
997 844 1009 920 i
1024 868 1048 920 a
1063 842 1117 918 vi
1146 842 1187 920 in
1204 868 1274 922 ne·

174 964 300 1066 gotiia
343 964 525 1044 Crain
556 991 579 1040 e
609 970 653 1040 et
700 963 983 1051 Narente,
1024 962 1137 1041 sicut
1175 961 1275 1042 huic

179 1087 361 1168 oonsilio
392 1087 570 1164 relatum
598 1094 663 1164 est
691 1108 770 1188 per
797 1082 1118 1162 serenissimum
1145 1081 1276 1160 dorni·

179 1233 278 1286 num
307 1207 478 1295 ducem,
505 1209 814 1308 respondeatur
851 1209 950 1307 post
989 1203 1203 1304 generalia
1233 1205 1274 1280 in

178 1327 258 1408 hac
287 1327 442 1406 forma:

279 1447 396 1548 Quod
425 1450 532 1528 adeo
550 1449 749 1528 omnibus
778 1448 1044 1528 notissimum
1063 1451 1138 1535 est,
1154 1446 1274 1547 quod

179 1568 393 1653 credimus
420 1578 463 1648 et
491 1594 587 1646 suas
615 1571 884 1648 serenitatem
922 1575 964 1645 et
1005 1563 1272 1665 magriticen·

179 1689 275 1768 tiam
305 1715 365 1770 ex
387 1689 478 1794 ipsa
521 1714 665 1768 rerum
719 1688 983 1792 experientia
1025 1686 1275 1786 intelligere,

178 1810 289 1912 quud
331 1807 558 1890 difficiliter
597 1810 847 1890 inducamur
888 1811 939 1887 ad
982 1805 1273 1908 accipiendum

153 1929 360 2031 utiquam
389 1930 639 2032 impresiam,
668 1930 746 2008 nisi
782 1929 961 2008 maxima
1001 1931 1200 2007 honestas
1230 1937 1273 2006 et
1376 1985 1379 1992 ·

176 2049 343 2129 iusticia
376 2074 453 2128 nos
495 2049 718 2139 inducant,
747 2076 842 2132 cum
883 2074 962 2155 per
989 2051 1058 2128 dei
1098 2049 1272 2152 gratiam

176 2169 277 2248 satis
305 2172 443 2275 ampla
485 2193 613 2272 regno
640 2181 684 2254 et
709 2171 894 2254 dominio
935 2171 1182 2252 habeamuse
1221 2169 1275 2247 nt

177 2292 279 2370 siin
311 2317 358 2370 re
385 2293 522 2393 aliqua
552 2295 704 2372 bonam
733 2291 1117 2372 considerationem
1146 2289 1271 2370 habe·

177 2437 223 2490 re
251 2418 294 2491 et
330 2413 469 2494 omnia
510 2414 840 2516 circumspicere
868 2413 1089 2501 voluimus,
1119 2413 1195 2492 fuit
1231 2413 1273 2490 in

175 2535 257 2616 hac
297 2529 494 2639 impresia
548 2535 843 2636 Croyneet
894 2513 1178 2646 Narente,
1219 2536 1271 2614 ad

177 2681 300 2757 quarn
329 2656 489 2735 invitati
517 2681 595 2759 per
622 2659 819 2736 nuncium
849 2664 892 2736 et
906 2657 1067 2736 litteras
1096 2655 1272 2735 illustris

176 2773 332 2854 domini
360 2776 530 2855 ducis
572 2773 829 2870 Stefani,
862 2776 953 2855 veri
982 2785 1025 2854 et
1052 2772 1271 2856 indubitati

175 2894 334 2973 domini
362 2896 573 2975 dictorum
602 2899 811 2989 iocorum,
841 2905 883 2975 et
910 2920 987 3000 per
1015 2893 1156 2974 literas
1200 2906 1271 2974 co'·

176 3014 285 3094 mitis
313 3016 512 3096 Viadisiai
538 3017 611 3096 iiiii
638 3020 715 3110 sui,
743 3017 794 3096 ad
831 3017 1033 3097 comitem
1075 3022 1269 3094 nostrum

175 3134 427 3238 Spoleti,
455 3149 497 3216 et
524 3138 666 3216 vocati
687 3163 710 3215 a
737 3137 905 3242 populis
933 3138 1122 3241 ipsorum
1152 3137 1270 3216 loco·

172 3280 279 3349 rum,
308 3258 499 3337 conteuti
528 3258 681 3336 fuimus
720 3259 969 3338 satisfacere
1009 3255 1274 3360 requisitioni

171 3384 215 3456 et
241 3375 456 3456 desiderio
498 3403 673 3470 eorum;
710 3387 752 3460 et
780 3377 975 3483 qnoniam
1018 3377 1169 3457 inimus
1212 3377 1271 3454 iu-

173 3497 353 3589 iormati‚
382 3497 495 3601 quod
522 3497 776 3600 Bogusei
805 3497 1016 3579 habebant
1051 3503 1199 3598 gentes
1229 3505 1273 3576 et

172 3617 338 3718 navigia
366 3627 549 3710 armata,
578 3630 622 3699 ut
648 3621 932 3726 impedirent,
961 3621 1072 3723 quod
1112 3618 1274 3698 deside·

4 3817 6 3846 fl
148 3737 281 3816 'rium
308 3738 478 3819 illorum
519 3740 788 3820 dominorum
835 3747 878 3820 et
918 3741 1176 3844 populorum
1220 3739 1274 3816 ei-

174 3857 331 3938 fectum
386 3885 469 3938 noo
523 3861 732 3952 haberet,
767 3873 832 3942 et
888 3863 967 3964 ipsi
1031 3860 1274 3940 obtinerent

173 3979 313 4060 iocum
367 3981 632 4085 predictum,
687 3982 727 4062 in
798 4008 884 4085 quo
957 3989 1106 4083 gentes
1174 4005 1272 4060 suas

172 4109 415 4203 posuerant,
442 4102 689 4204 scripsimus
726 4103 872 4184 comiti
911 4110 1062 4184 nostro
1094 4102 1269 4206 Spoleti,

176 4224 289 4324 quod
318 4229 467 4323 gentes
507 4229 673 4302 nostras
715 4233 827 4303 terra
869 4227 1059 4328 marique
1100 4233 1272 4328 pararet

1001 4345 1061 4409 11*
