3206 5110
172 534 454 638 mah-litii·
484 565 509 636 ti
537 557 803 650 Octobris,
834 585 968 662 prope
1002 562 1271 662 Belgradum.

173 666 289 724 tiaram
328 683 429 742 spaas
466 666 662 744 yrapeuora
698 683 847 724 noniano
878 686 963 724 narru
989 685 1165 751 pearsonis
1190 675 1273 754 itua-

443 751 559 808 neuris
596 770 614 826 y
640 770 748 826 oorsy
773 769 866 826 rpapa
890 753 1003 827 eappa.

301 831 527 910 lllillesimo
568 836 872 910 tercentesimo
906 833 1145 914 undecimo.

273 937 520 1036 Exemplum
560 937 681 1011 litere
709 938 862 1014 domini
907 939 1017 1034 regis
1058 938 1273 1039 ilungario

170 1057 341 1134 domiuo
371 1055 484 1159 Pape
511 1058 552 1134 in
579 1057 766 1134 savorem
797 1055 1068 1144 iadreusium.

273 1175 550 1286 sanctissimo
580 1175 693 1252 Patri
716 1181 758 1250 et
786 1177 956 1254 domiuo
982 1178 1188 1256 Clementi
1214 1180 1271 1258 di·

170 1300 264 1377 rina
293 1297 557 1400 providentia
587 1305 730 1376 sancte
751 1296 937 1374 Romane
966 1323 1016 1376 ac
1046 1298 1273 1380 liliivers'ali

170 1419 355 1498 eoelesie
378 1442 559 1494 summo
591 1417 794 1502 Pontifici,
838 1417 1018 1497 Carolus
1055 1445 1137 1523 por
1165 1443 1270 1497 eam·

168 1543 262 1618 dem
300 1537 513 1637 Hungarie
542 1538 748 1618 Dalmatio
789 1537 987 1616 Chroatie
1017 1539 1145 1616 Reme
1175 1541 1271 1618 Ser·

168 1659 234 1735 vie
262 1657 410 1735 Galitie
452 1658 703 1737 bodomerie
743 1657 946 1736 Comanis
989 1659 1272 1761 liutgarieque
1368 1713 1373 1724 ·

168 1803 258 1866 rex,
285 1781 482 1880 princeps
511 1778 812 1870 salernitanus,
842 1787 883 1856 et
912 1781 1086 1856 honoris
1117 1779 1269 1858 montis

166 1901 301 1979 saneti
328 1899 478 1997 Augeli
495 1899 701 1986 dominus,
719 1926 992 2010 cum'summa
1021 1901 1271 1991 reverentia,

167 2029 208 2098 et
238 2019 508 2098 obhedientia
550 2021 703 2098 devota
745 2023 898 2122 pedum
942 2021 1087 2100 oscula
1130 2019 1270 2100 beato·

168 2165 271 2228 ruem
299 2141 404 2241 apud
435 2145 578 2216 vestre
599 2140 831 2217 sanctitatis
860 2140 1150 2218 excellentiam
1181 2164 1271 2240 pre.

166 2259 355 2337 sentibus
397 2259 594 2338 desidero
637 2259 852 2360 patelieri,
890 2260 1002 2361 <pund
1033 2261 1179 2339 civitas
1208 2260 1267 2337 la·

165 2381 358 2468 ctrensis,
399 2384 575 2480 queest
611 2380 662 2460 de
702 2403 834 2480 regno
867 2379 1106 2480 llurigarie,
1147 2403 1269 2483 quam

165 2503 318 2579 Veneti
362 2527 383 2576 a
427 2501 563 2580 mullis
602 2501 864 2602 temporibus
896 2506 983 2599 jem
1014 2502 1169 2605 elapsis
1197 2525 1268 2604 po·

169 2619 394 2698 lentialiler
423 2627 627 2718 occupata
656 2628 900 2710 tenuerunt,
937 2645 1046 2699 orrue
1076 2625 1128 2698 de
1157 2622 1269 2698 dieto

167 2750 317 2820 nostro
346 2763 479 2838 regno
509 2739 715 2825 existens,
757 2747 796 2816 et
825 2727 872 2817 se
903 2765 997 2817 esse
1041 2764 1268 2838 recognos-

169 2886 269 2940 cens
311 2860 360 2938 ad
399 2867 587 2936 nostrum
614 2857 844 2937 dominium
876 2885 969 2938 eum
1000 2863 1112 2938 omni
1144 2860 1270 2938 tideli-

168 2969 342 3058 tate'est
371 3002 567 3066 reverse,
596 2986 772 3082 propter
801 2978 915 3080 quod
953 2980 1085 3083 ipsam
1117 2979 1269 3058 Veneti

167 3100 397 3204 supradicti
426 3101 669 3200 inquietant,
700 3109 740 3178 et
768 3101 995 3180 molestant
1030 3099 1267 3178 obsidendo

169 3231 210 3298 et
247 3225 341 3318 jura
371 3222 513 3323 ipsius,
553 3245 681 3324 posse
722 3231 763 3300 el
804 3223 959 3300 insulas
999 3221 1037 3298 in
1080 3220 1268 3322 ipsorum

166 3341 436 3443 preiuditium
467 3343 730 3444 occupando.
787 3343 925 3440 Quare
954 3351 1094 3419 vestre
1121 3339 1266 3417 seneli·

168 3462 260 3540 tatis
290 3459 569 3538 reverentiam
599 3461 791 3556 devotis,
834 3461 1146 3560 etlllumillimis
1176 3482 1266 3564 pre·

166 3607 258 3662 cum
290 3581 499 3660 instantiis
528 3581 695 3682 requiro
713 3582 852 3661 cordis
873 3582 1018 3661 intimo
1050 3607 1145 3660 eum
1174 3581 1266 3658 effe·

164 3711 233 3780 otu
274 3708 503 3802 quatenus,
544 3702 739 3801 dignetur
756 3710 904 3800 ‚vestra
933 3703 1132 3782 sanctitas
1161 3703 1261 3804 ipsis

166 3823 342 3901 Venetis
385 3822 628 3922 injungere,
665 3831 708 3899 et
742 3825 965 3926 precipere
995 3821 1196 3906 tirmiter.
1225 3829 1267 3900 et

164 3945 367 4035 districte,
396 3951 441 4018 ut
484 3938 720 4021 de'eelero
762 3943 840 4046 ipsi
870 3944 1021 4022 Veneti
1049 3943 1265 4046 predictos

163 4062 387 4140 ledrenses
417 4065 457 4141 in
503 4063 618 4140 nullo
647 4073 888 4165 presumant
917 4064 1160 4151 molestare,
1186 4083 1265 4138 neo

165 4163 351 4252 eamdem
383 4167 595 4246 civilatem
626 4165 916 4256 obsidere;·et
945 4176 989 4242 ut
1018 4167 1158 4245 omnia
1187 4183 1265 4266 per
