3220 5118
1261 428 1305 500 81

210 637 406 717 firmandi
435 639 590 716 dictam
619 643 841 734 treuguam
871 659 1103 737 perunum
1146 641 1309 726 annum,

210 765 253 832 et
280 759 491 834 veniendo
520 757 571 832 ad
599 757 752 837 dictam
794 763 1016 854 treuguam
1044 755 1198 834 debeat
1223 757 1307 834 dic·

211 886 275 954 tus
317 902 463 955 eomes
499 889 540 955 et
569 877 811 980 capitaneus
852 875 1019 954 Scutari
1059 871 1310 981 procurare‚'

209 996 263 1074 dc
289 997 487 1076 habendo
527 999 858 1078 satisfactionem
903 997 1114 1075 bonorum
1149 996 1308 1075 ¹mercu-

210 1125 349 1197 torum
390 1128 635 1200 nostrorum
677 1119 980 1199 danizatorum.
1032 1119 1085 1198 Et
1124 1119 1159 1199 si
1201 1118 1321 1198 iacta

208 1239 323 1316 o'mni
365 1241 628 1340 experientia
671 1241 785 1321 iliam
826 1240 989 1318 habere
1030 1263 1115 1316 non
1149 1243 1308 1340 posset,
1386 1313 1388 1319 .

207 1361 364 1438 debeat
390 1361 493 1463 poni
519 1361 673 1452 facere,
704 1362 816 1464 quod
846 1367 1121 1448 reserventur
1148 1384 1306 1439 merca·

209 1482 374 1558 toribus
416 1485 573 1562 nostris
602 1487 700 1582 Jnra
740 1507 817 1559 sua
859 1489 1008 1560 contra
1047 1481 1307 1587 praedictum

209 1599 451 1698 Baisam‚
481 1617 526 1680 ut
554 1627 632 1704 per
659 1600 751 1679 eius
784 1603 946 1680 litteras
973 1599 1153 1704 scripsit,
1181 1605 1310 1703 prout

209 1723 274 1794 est
300 1719 479 1812 iustnm3
522 1733 565 1802 et
592 1724 781 1802 mittatur
808 1722 886 1824 ipsi
914 1728 1063 1800 nostro
1093 1719 1238 1798 comiti
1266 1729 1309 1798 et

209 1840 430 1941 capitaneo
472 1843 656 1924 Scutariv
678 1846 904 1924 sindicatus
961 1846 1227 1946 opportunus
1266 1842 1307 1918 in

209 1960 348 2040 forma
375 1965 617 2045 sufficienti.
696 2025 701 2034 ,

498 2104 604 2168 secr.
629 2089 992 2188 cosenagum.
1024 2099 1091 2165 vu
1114 2100 1170 2166 ch.
1195 2099 1265 2164 157.
1400 2147 1404 2162 ,

418 2308 654 2409 cccxl.
685 2331 799 2406 mco.
826 2332 891 2404 ar.
920 2302 1104 2404 sunit
1163 2249 1166 2258 .

208 2515 423 2577 Haorsanead
446 2537 528 2590 paro
550 2537 716 2595 reaepars
741 2499 903 2594 nanerasy
926 2519 1048 2593 Kynos,
1064 2531 1307 2592 onpopyurerno

265 2648 284 2666 ·=
416 2641 494 2698 para
519 2641 671 2700 nporunn
695 2627 828 2684 Bauius,
876 2621 1090 2703 (Capoteno).

310 2793 412 2891 Quia
454 2793 708 2873 obtinuimus
753 2777 966 2878 civitatem
1007 2790 1305 2892 Tragurii.

208 2925 251 2991 et
278 2925 341 2993 est
369 2939 467 3017 spes
497 2917 618 2995 brevi
646 2916 894 3020 acquirendi
923 2915 1138 2994 civitatem
1181 2908 1306 3012 Spa·

210 3033 345 3119 tati,
387 3034 482 3112 ideo
511 3035 624 3113 vadit
652 3061 776 3139 pars:
818 3034 1040 3114 mandet-ur
1084 3029 1305 3135 capitaneo

210 3161 357 3232 nostro
400 3153 588 3252 generati
625 3155 803 3258 Cutphi,
847 3153 946 3284 quid
987 3151 1141 3230 habeat
1176 3172 1306 3248 agere

210 3299 306 3354 cum
344 3273 535 3353 exercitu
569 3281 798 3354 nostro..
829 3279 914 3352 ...¹
945 3334 950 3347 .
983 3331 989 3344 .
1019 3331 1029 3364 ‚
1058 3326 1069 3347 .
1098 3329 1107 3347 .
1137 3268 1307 3348 obtenta

210 3394 377 3474 ciuitate
405 3394 627 3499 Spaiati,
657 3403 698 3475 et
726 3394 905 3474 dimissis
932 3389 1307 3490 Dalmatinisn
1369 3449 1372 3461 .

209 3516 279 3616 qui
306 3517 591 3595 veneruntad
621 3517 855 3595 exereitum
883 3519 1092 3602 nostrum,
1122 3514 1306 3599 domum,

210 3637 400 3714 debeatis
428 3637 490 3714 ire
520 3639 568 3713 ad
599 3637 810 3716 civitatem
839 3633 1095 3719 Scutari
1124 3639 1167 3710 et
1193 3631 1304 3709 habi·

211 3762 258 3855 to
286 3754 499 3858 colloquio
530 3783 624 3836 carm
655 3759 824 3838 civitate
854 3753 1059 3835 Catari
1086 3753 1138 3828 de
1167 3751 1305 3831 modis
1456 3779 1457 3784 ¹

209 3875 423 3954 servandis
454 3886 645 3957 contra
674 3866 915 3970 Balsam,
944 3883 986 3954 et
1013 3871 1236 3958 ordinare,
1262 3879 1306 3946 ut

208 4003 356 4098 gentes
384 4005 480 4076 suas
509 4001 689 4078 educant
704 3999 753 4076 ad
770 3997 1010 4078 exeundum
1039 4000 1187 4074 contra
1216 3991 1305 4070 Bat-

209 4140 312 4202 sarm
342 4167 507 4196 .....
537 4120 732 4221 accipere
762 4147 785 4198 a
814 4119 1036 4222 capitaneo
1078 4120 1121 4192 et
1141 4111 1305 4192 'comite

210 4236 376 4315 Scutari
403 4263 570 4317 omnem
608 4239 944 4321 informationem
975 4241 1028 4328 de
1057 4229 1303 4314 conditioni·
