3212 5116
1175 393 1237 462 m

147 627 241 684 cum
272 603 424 684 effectu
476 604 726 706 promittere
767 601 848 682 titis
874 601 1099 706 personis,
1127 623 1236 706 quae

145 725 222 802 sibi
249 722 525 814 videbuntur,
552 731 597 802 ut
638 723 795 802 dictum
837 732 1076 828 estusque
1105 727 1156 804 ad
1192 725 1232 800 ti·

146 845 244 922 bras
278 843 328 922 X.
369 844 482 922 mitte
522 865 763 948 porrorum.
816 846 976 922 Verum
1015 853 1237 947 antequam

147 965 270 1042 faciat
321 961 652 1066 promissionem
690 964 946 1064 praedictam
998 987 1079 1068 per
1120 963 1237 1039 ilium

146 1086 339 1162 dextrum
381 1085 551 1162 modum
596 1086 665 1187 qui
693 1083 774 1160 sibi
816 1083 967 1162 metior
1006 1086 1237 1188 apparebit,

146 1211 351 1308 procuret
378 1207 469 1282 toto
488 1230 615 1306 posse
643 1229 718 1282 seu
735 1205 958 1308 procurari
987 1201 1112 1284 faeiat
1141 1225 1235 1282 cum

19 1401 20 1404 ,
148 1323 1236 1429 iiioPatmano‚quiestproregeltaxiae

147 1439 354 1526 in'castro
386 1445 537 1534 Ctissii
578 1447 690 1547 quod
719 1447 760 1522 in
790 1471 887 1526 casu
916 1474 1000 1552 quo
1030 1445 1142 1525 idem
1174 1467 1235 1531 ea·

146 1571 337 1672 pitaneus
374 1573 522 1645 noster
562 1568 756 1644 obtinere
797 1567 935 1646 valeat
962 1565 1001 1644 id
1030 1567 1142 1668 quod
1172 1591 1235 1640 su·

147 1690 290 1788 perius
317 1687 473 1764 dietum
502 1695 593 1784 est,
622 1685 787 1765 seilicet
815 1687 869 1766 de
896 1687 1091 1767 faciendo
1120 1709 1236 1764 rece·

147 1810 248 1887 dere
278 1807 433 1886 dictum
463 1807 697 1887 exeroItum
728 1810 1133 1912 compromissione
1170 1831 1237 1908 pe·

148 1929 296 2008 cuniae
321 1947 403 2031 pro
443 1927 692 2007 iiberatione
734 1930 885 2028 castri,
915 1930 1007 2033 ipse
1047 1929 1239 2006 dominus

147 2053 369 2129 Palmanus
411 2051 562 2129 offerat
589 2059 632 2130 et
657 2050 872 2154 promittat
905 2050 1006 2129 dare
1036 2060 1078 2130 et
1107 2049 1238 2128 consi·

19 2259 20 2262 Ν
149 2189 281 2272 gnare
308 2171 441 2249 tibere
466 2174 505 2250 in
532 2176 723 2252 manibus
751 2167 880 2278 ipsius
909 2163 1116 2275 capitanei
1145 2195 1238 2247 nos·

148 2295 213 2380 tri,
240 2294 412 2371 nomine
438 2299 600 2380 nostro,
629 2297 810 2371 castrum
848 2287 1110 2395 praedictum
1140 2293 1239 2372 Ciis·

19 2415 21 2498 t
149 2413 198 2493 sii
226 2440 324 2492 eum
366 2411 633 2502 conditione,
675 2416 789 2515 quod
831 2415 1079 2494 restituente
1116 2414 1240 2492 nobis

19 2613 21 2644 p
150 2535 320 2616 domino
362 2558 463 2635 rege
511 2532 667 2614 Raxiae
706 2536 926 2639 pecuniam
967 2535 1240 2638 praedictam,

19 2679 21 2760 i
152 2655 417 2732 restituemus
442 2653 522 2731 sibi
550 2659 733 2734 castrum
776 2655 1050 2756 praedictum.
1092 2701 1137 2714 -·
1168 2655 1240 2730 Su·

19 2767 21 2846 ῗ
150 2800 224 2876 per
251 2773 365 2851 tacto
393 2799 496 2853 vero
531 2775 698 2852 iliorum
740 2775 1077 2880 Ciprianicorum
1106 2784 1148 2855 et
1175 2776 1242 2852 ali·

19 2911 20 2952 ³
151 2913 274 2972 orum
302 2889 564 2981 selavorum,
593 2891 663 2997 qui
704 2893 899 2974 dicuntur
926 2883 1242 3000 quodnbenter

152 3016 433 3095 adhaererent
459 3015 581 3093 nohis
610 3025 653 3095 et
682 3042 718 3095 c.
747 3011 1001 3097 Comittatur
1037 3017 1150 3095 dicto
1181 3041 1243 3096 ca·
1289 3093 1293 3109 ἱ

151 3135 349 3236 pitanen,
376 3135 489 3236 quod
524 3159 602 3238 per
638 3135 755 3212 iiium
795 3137 1016 3216 meliorem
1057 3137 1241 3227 modum,

153 3253 565 3358 quisibividebitur,
593 3257 664 3334 det
692 3279 868 3360 operum
896 3261 948 3336 de
978 3259 1240 3337 conterendo

152 3377 324 3454 cauneis
351 3383 395 3454 et
420 3380 540 3481 ipsos
567 3378 706 3455 audiat
735 3387 776 3457 et
804 3379 938 3458 trahat
965 3381 1100 3459 abeis
1131 3379 1243 3478 quid·

152 3497 250 3600 quid
278 3497 439 3600 poterit
466 3496 518 3574 de
547 3496 822 3598 dispositione.
851 3518 998 3576 eorum
1028 3507 1070 3577 et
1097 3501 1149 3577 de
1178 3498 1243 3576 his

151 3640 234 3720 que
249 3620 457 3721 peterent,
478 3637 526 3693 ao
541 3616 593 3692 de
609 3617 782 3695 cautelis
798 3640 901 3718 qrras
917 3617 1039 3696 nobis
1056 3623 1235 3719 praesta·

152 3759 198 3816 re
250 3739 491 3824 retentet
517 3735 673 3815 scribat
713 3735 836 3816 nobis
878 3735 1145 3839 quidcunque
1174 3739 1240 3815 ha·

151 3861 291 3938 buerit
318 3868 360 3938 ct
386 3858 467 3936 sibi
508 3859 765 3938 videbuntur
805 3861 844 3935 in
880 3858 958 3950 his,
1000 3858 1138 3937 dando
1180 3863 1239 3939 eis

150 4005 318 4058 omnem
347 3981 497 4058 bonam
538 3987 726 4083 spernet
768 3979 1063 4060 confidentiam
1091 3982 1143 4059 de
1171 4007 1240 4060 no·

19 4097 21 4180 ζ
151 4101 226 4182 bis.
270 4147 316 4160 -
345 4099 558 4183 Procuret
591 4104 762 4204 insuper
803 4099 1053 4204 capitaneus
1095 4109 1242 4181 noster

19 4287 21 4316 p
151 4223 406 4323 praedictus
443 4224 556 4326 quod
606 4229 789 4302 castrum
824 4217 1065 4392 Scardoppe
1107 4227 1238 4304 tibere
