<?xml version="1.0" encoding="UTF-8"?>
<!DOCTYPE html PUBLIC "-//W3C//DTD XHTML 1.0 Transitional//EN"
    "http://www.w3.org/TR/xhtml1/DTD/xhtml1-transitional.dtd">
<html xmlns="http://www.w3.org/1999/xhtml" xml:lang="en" lang="en">
 <head>
  <title>
</title>
<meta http-equiv="Content-Type" content="text/html;charset=utf-8" />
  <meta name='ocr-system' content='tesseract 3.04.00' />
  <meta name='ocr-capabilities' content='ocr_page ocr_carea ocr_par ocr_line ocrx_word'/>
</head>
<body>
  <div class='ocr_page' id='page_1' title='image "./actaarchivivene00sergoog_0666.png"; bbox 0 0 3234 5116; ppageno 0'>
   <div class='ocr_carea' id='block_1_1' title="bbox 229 267 447 414">
    <p class='ocr_par' dir='ltr' id='par_1_1' title="bbox 229 267 447 414">
     <span class='ocr_line' id='line_1_1' title="bbox 229 267 447 414; baseline 0.018 -49"><span class='ocrx_word' id='word_1_1' title='bbox 229 322 237 328; x_wconf 90' lang='lat'>·</span> <span class='ocrx_word' id='word_1_2' title='bbox 373 267 447 414; x_wconf 44' lang='lat'>*¹⁸1⁴</span> 
     </span>
    </p>
   </div>
   <div class='ocr_carea' id='block_1_2' title="bbox 289 483 1474 1820">
    <p class='ocr_par' dir='ltr' id='par_1_2' title="bbox 289 483 1474 1820">
     <span class='ocr_line' id='line_1_2' title="bbox 375 483 1473 592; baseline -0.004 -4"><span class='ocrx_word' id='word_1_3' title='bbox 375 491 507 588; x_wconf 75' lang='lat' dir='ltr'>&#39;auum</span> <span class='ocrx_word' id='word_1_4' title='bbox 537 508 671 588; x_wconf 86' lang='lat' dir='ltr'>dictus</span> <span class='ocrx_word' id='word_1_5' title='bbox 693 483 815 584; x_wconf 83' lang='lat' dir='ltr'>iocus</span> <span class='ocrx_word' id='word_1_6' title='bbox 842 528 927 582; x_wconf 90' lang='lat' dir='ltr'>non</span> <span class='ocrx_word' id='word_1_7' title='bbox 942 505 1170 592; x_wconf 75' lang='lat' dir='ltr'>amittatur,</span> <span class='ocrx_word' id='word_1_8' title='bbox 1199 507 1386 585; x_wconf 84' lang='lat' dir='ltr'>misimus</span> <span class='ocrx_word' id='word_1_9' title='bbox 1404 503 1473 584; x_wconf 78' lang='lat' dir='ltr'><strong>v&#39;o·</strong></span> 
     </span>
     <span class='ocr_line' id='line_1_3' title="bbox 383 617 1472 730; baseline 0.003 -25"><span class='ocrx_word' id='word_1_10' title='bbox 383 617 443 706; x_wconf 88' lang='lat' dir='ltr'>bis</span> <span class='ocrx_word' id='word_1_11' title='bbox 472 630 649 708; x_wconf 81' lang='lat' dir='ltr'>ducatos</span> <span class='ocrx_word' id='word_1_12' title='bbox 677 629 760 705; x_wconf 91' lang='lat' dir='ltr'>duo</span> <span class='ocrx_word' id='word_1_13' title='bbox 791 627 903 703; x_wconf 86' lang='lat' dir='ltr'>mitte</span> <span class='ocrx_word' id='word_1_14' title='bbox 918 651 1036 730; x_wconf 78' lang='lat' dir='ltr'><strong>,pro</strong></span> <span class='ocrx_word' id='word_1_15' title='bbox 1067 627 1217 729; x_wconf 85' lang='lat' dir='ltr'>quibus</span> <span class='ocrx_word' id='word_1_16' title='bbox 1245 651 1389 706; x_wconf 75' lang='lat' dir='ltr'>amere</span> <span class='ocrx_word' id='word_1_17' title='bbox 1420 629 1472 708; x_wconf 79' lang='lat' dir='ltr'>ta·</span> 
     </span>
     <span class='ocr_line' id='line_1_4' title="bbox 383 745 1472 828; baseline -0.004 0"><span class='ocrx_word' id='word_1_18' title='bbox 383 751 501 828; x_wconf 91' lang='lat' dir='ltr'>ciatis</span> <span class='ocrx_word' id='word_1_19' title='bbox 531 745 865 828; x_wconf 80' lang='lat' dir='ltr'>frumentum..</span> <span class='ocrx_word' id='word_1_20' title='bbox 917 745 1010 823; x_wconf 89' lang='lat' dir='ltr'>.in</span> <span class='ocrx_word' id='word_1_21' title='bbox 1057 747 1323 826; x_wconf 79' lang='lat' dir='ltr'>diexio.</span> <span class='ocrx_word' id='word_1_22' title='bbox 1393 749 1472 827; x_wconf 93' lang='lat' dir='ltr'>in</span> 
     </span>
     <span class='ocr_line' id='line_1_5' title="bbox 289 803 1474 968; baseline 0.001 -23"><span class='ocrx_word' id='word_1_23' title='bbox 289 961 290 967; x_wconf 11' lang='grc' dir='ltr'><strong><em>Ν</em></strong></span> <span class='ocrx_word' id='word_1_24' title='bbox 381 869 684 968; x_wconf 81' lang='lat' dir='ltr'>Dunacbio&#39;</span> <span class='ocrx_word' id='word_1_25' title='bbox 728 895 802 946; x_wconf 90' lang='lat' dir='ltr'>seu</span> <span class='ocrx_word' id='word_1_26' title='bbox 846 803 943 945; x_wconf 84' lang='lat' dir='ltr'>aiibi</span> <span class='ocrx_word' id='word_1_27' title='bbox 972 925 1138 948; x_wconf 91' lang='grc'><strong>.....</strong></span> <span class='ocrx_word' id='word_1_28' title='bbox 1167 879 1208 948; x_wconf 86' lang='lat' dir='ltr'>et</span> <span class='ocrx_word' id='word_1_29' title='bbox 1236 870 1474 949; x_wconf 79' lang='lat' dir='ltr'>sollicitetis</span> 
     </span>
     <span class='ocr_line' id='line_1_6' title="bbox 382 989 1473 1093; baseline 0.002 -25"><span class='ocrx_word' id='word_1_30' title='bbox 382 989 451 1068; x_wconf 90' lang='lat' dir='ltr'>iiia</span> <span class='ocrx_word' id='word_1_31' title='bbox 480 991 568 1071; x_wconf 83' lang='lat' dir='ltr'>sive</span> <span class='ocrx_word' id='word_1_32' title='bbox 597 1013 674 1093; x_wconf 80' lang='lat' dir='ltr'>pen</span> <span class='ocrx_word' id='word_1_33' title='bbox 702 1013 850 1093; x_wconf 91' lang='lat' dir='ltr'>aquam</span> <span class='ocrx_word' id='word_1_34' title='bbox 878 1011 952 1068; x_wconf 89' lang='lat' dir='ltr'>seu</span> <span class='ocrx_word' id='word_1_35' title='bbox 993 1015 1072 1092; x_wconf 82' lang='lat' dir='ltr'>pen</span> <span class='ocrx_word' id='word_1_36' title='bbox 1101 1000 1255 1069; x_wconf 77' lang='lat' dir='ltr'>ternam</span> <span class='ocrx_word' id='word_1_37' title='bbox 1284 993 1354 1070; x_wconf 89' lang='lat' dir='ltr'>iiia</span> <span class='ocrx_word' id='word_1_38' title='bbox 1384 993 1473 1070; x_wconf 92' lang='lat' dir='ltr'>mit·</span> 
     </span>
     <span class='ocr_line' id='line_1_7' title="bbox 382 1111 1472 1218; baseline -0.002 -28"><span class='ocrx_word' id='word_1_39' title='bbox 382 1124 482 1218; x_wconf 30' lang='lat' dir='ltr'>tene,</span> <span class='ocrx_word' id='word_1_40' title='bbox 503 1111 754 1200; x_wconf 77' lang='lat' dir='ltr'>Saoterum,</span> <span class='ocrx_word' id='word_1_41' title='bbox 792 1137 884 1190; x_wconf 91' lang='lat' dir='ltr'>nam</span> <span class='ocrx_word' id='word_1_42' title='bbox 923 1113 1140 1194; x_wconf 76' lang='lat' dir='ltr'>reddimur</span> <span class='ocrx_word' id='word_1_43' title='bbox 1184 1113 1318 1204; x_wconf 75' lang='lat' dir='ltr'>certi,</span> <span class='ocrx_word' id='word_1_44' title='bbox 1355 1111 1472 1216; x_wconf 91' lang='lat' dir='ltr'>quod</span> 
     </span>
     <span class='ocr_line' id='line_1_8' title="bbox 380 1231 1472 1313; baseline -0.006 0"><span class='ocrx_word' id='word_1_45' title='bbox 380 1231 650 1313; x_wconf 72' lang='lat' dir='ltr'>considerata</span> <span class='ocrx_word' id='word_1_46' title='bbox 693 1231 958 1312; x_wconf 76' lang='lat' dir='ltr'><strong>animositate</strong></span> <span class='ocrx_word' id='word_1_47' title='bbox 1003 1241 1045 1310; x_wconf 87' lang='lat' dir='ltr'>et</span> <span class='ocrx_word' id='word_1_48' title='bbox 1082 1233 1278 1312; x_wconf 78' lang='lat' dir='ltr'>virilitate</span> <span class='ocrx_word' id='word_1_49' title='bbox 1315 1243 1472 1312; x_wconf 76' lang='lat' dir='ltr'>vestra.</span> 
     </span>
     <span class='ocr_line' id='line_1_9' title="bbox 378 1355 1470 1456; baseline -0.003 -21"><span class='ocrx_word' id='word_1_50' title='bbox 378 1355 647 1435; x_wconf 71' lang='lat' dir='ltr'>considerato</span> <span class='ocrx_word' id='word_1_51' title='bbox 676 1356 789 1454; x_wconf 90' lang='lat' dir='ltr'>quod</span> <span class='ocrx_word' id='word_1_52' title='bbox 831 1359 1025 1456; x_wconf 77' lang='lat' dir='ltr'>tempore</span> <span class='ocrx_word' id='word_1_53' title='bbox 1055 1355 1133 1432; x_wconf 88' lang='lat' dir='ltr'>isto</span> <span class='ocrx_word' id='word_1_54' title='bbox 1175 1379 1310 1456; x_wconf 89' lang='lat' dir='ltr'>aquae</span> <span class='ocrx_word' id='word_1_55' title='bbox 1340 1363 1470 1432; x_wconf 88' lang='lat' dir='ltr'>tume-</span> 
     </span>
     <span class='ocr_line' id='line_1_10' title="bbox 379 1473 1473 1578; baseline 0 -25"><span class='ocrx_word' id='word_1_56' title='bbox 379 1475 481 1553; x_wconf 89' lang='lat' dir='ltr'>tiunt</span> <span class='ocrx_word' id='word_1_57' title='bbox 509 1483 550 1553; x_wconf 88' lang='lat' dir='ltr'>et</span> <span class='ocrx_word' id='word_1_58' title='bbox 576 1474 690 1576; x_wconf 90' lang='lat' dir='ltr'>quod</span> <span class='ocrx_word' id='word_1_59' title='bbox 719 1481 866 1574; x_wconf 81' lang='lat' dir='ltr'>gentes</span> <span class='ocrx_word' id='word_1_60' title='bbox 910 1473 1103 1552; x_wconf 90' lang='lat' dir='ltr'>inimicae</span> <span class='ocrx_word' id='word_1_61' title='bbox 1145 1500 1228 1553; x_wconf 90' lang='lat' dir='ltr'>non</span> <span class='ocrx_word' id='word_1_62' title='bbox 1268 1481 1473 1578; x_wconf 80' lang='lat' dir='ltr'>poterunt</span> 
     </span>
     <span class='ocr_line' id='line_1_11' title="bbox 379 1593 1470 1699; baseline -0.003 -24"><span class='ocrx_word' id='word_1_63' title='bbox 379 1596 627 1699; x_wconf 80' lang='lat' dir='ltr'>campizane,</span> <span class='ocrx_word' id='word_1_64' title='bbox 642 1593 762 1673; x_wconf 82' lang='lat' dir='ltr'>hanc‘</span> <span class='ocrx_word' id='word_1_65' title='bbox 778 1601 966 1673; x_wconf 73' lang='lat' dir='ltr'>nostram</span> <span class='ocrx_word' id='word_1_66' title='bbox 996 1596 1272 1675; x_wconf 84' lang='lat' dir='ltr'>intentionem</span> <span class='ocrx_word' id='word_1_67' title='bbox 1294 1595 1470 1672; x_wconf 89' lang='lat' dir='ltr'>mittetis</span> 
     </span>
     <span class='ocr_line' id='line_1_12' title="bbox 378 1714 1471 1820; baseline -0.006 -24"><span class='ocrx_word' id='word_1_68' title='bbox 378 1716 634 1798; x_wconf 79' lang='lat' dir='ltr'>executioni,</span> <span class='ocrx_word' id='word_1_69' title='bbox 685 1717 885 1798; x_wconf 89' lang='lat' dir='ltr'>Nam-nii</span> <span class='ocrx_word' id='word_1_70' title='bbox 928 1714 1082 1816; x_wconf 82' lang='lat' dir='ltr'>gnatius</span> <span class='ocrx_word' id='word_1_71' title='bbox 1130 1742 1211 1796; x_wconf 90' lang='lat' dir='ltr'>nec</span> <span class='ocrx_word' id='word_1_72' title='bbox 1252 1715 1471 1820; x_wconf 86' lang='lat' dir='ltr'>acceptius</span> 
     </span>
    </p>
   </div>
   <div class='ocr_carea' id='block_1_3' title="bbox 224 1835 1467 1943">
    <p class='ocr_par' dir='ltr' id='par_1_3' title="bbox 224 1835 1467 1943">
     <span class='ocr_line' id='line_1_13' title="bbox 224 1835 1467 1943; baseline -0.002 -28"><span class='ocrx_word' id='word_1_73' title='bbox 224 1853 226 1858; x_wconf 81' lang='grc'><em>’</em></span> <span class='ocrx_word' id='word_1_74' title='bbox 377 1845 521 1916; x_wconf 80' lang='lat' dir='ltr'>nostro</span> <span class='ocrx_word' id='word_1_75' title='bbox 552 1837 737 1916; x_wconf 91' lang='lat' dir='ltr'>dominio</span> <span class='ocrx_word' id='word_1_76' title='bbox 768 1837 912 1916; x_wconf 73' lang='lat' dir='ltr'>facere</span> <span class='ocrx_word' id='word_1_77' title='bbox 941 1835 1153 1943; x_wconf 86' lang='lat' dir='ltr'>possetis.</span> <span class='ocrx_word' id='word_1_78' title='bbox 1196 1861 1317 1938; x_wconf 89' lang='lat' dir='ltr'>quam</span> <span class='ocrx_word' id='word_1_79' title='bbox 1347 1836 1467 1914; x_wconf 90' lang='lat' dir='ltr'>dicto</span> 
     </span>
    </p>
   </div>
   <div class='ocr_carea' id='block_1_4' title="bbox 286 1953 1469 3724">
    <p class='ocr_par' dir='ltr' id='par_1_4' title="bbox 370 1953 1469 2156">
     <span class='ocr_line' id='line_1_14' title="bbox 370 1953 1469 2059; baseline 0 -27"><span class='ocrx_word' id='word_1_80' title='bbox 370 1956 474 2036; x_wconf 90' lang='lat' dir='ltr'>toco</span> <span class='ocrx_word' id='word_1_81' title='bbox 519 1963 668 2034; x_wconf 78' lang='lat' dir='ltr'>nostro</span> <span class='ocrx_word' id='word_1_82' title='bbox 699 1956 862 2035; x_wconf 81' lang='lat' dir='ltr'>Scutani</span> <span class='ocrx_word' id='word_1_83' title='bbox 892 1957 1146 2044; x_wconf 75' lang='lat' dir='ltr'>subvenire,</span> <span class='ocrx_word' id='word_1_84' title='bbox 1188 1979 1268 2059; x_wconf 77' lang='lat' dir='ltr'>pro</span> <span class='ocrx_word' id='word_1_85' title='bbox 1296 1953 1469 2032; x_wconf 78' lang='lat' dir='ltr'>bonone</span> 
     </span>
     <span class='ocr_line' id='line_1_15' title="bbox 376 2075 1001 2156; baseline -0.002 -3"><span class='ocrx_word' id='word_1_86' title='bbox 376 2077 553 2156; x_wconf 81' lang='lat' dir='ltr'>etfama</span> <span class='ocrx_word' id='word_1_87' title='bbox 589 2075 938 2155; x_wconf 75' lang='lat' dir='ltr'>nostnidOminii.</span> <span class='ocrx_word' id='word_1_88' title='bbox 998 2077 1001 2089; x_wconf 88' lang='lat'>&#39;</span> 
     </span>
    </p>

    <p class='ocr_par' dir='ltr' id='par_1_5' title="bbox 371 2193 1469 2883">
     <span class='ocr_line' id='line_1_16' title="bbox 475 2193 1469 2299; baseline -0.002 -23"><span class='ocrx_word' id='word_1_89' title='bbox 475 2193 528 2276; x_wconf 81' lang='lat' dir='ltr'>Et</span> <span class='ocrx_word' id='word_1_90' title='bbox 566 2197 661 2299; x_wconf 90' lang='lat' dir='ltr'>quia</span> <span class='ocrx_word' id='word_1_91' title='bbox 702 2195 909 2274; x_wconf 77' lang='lat' dir='ltr'>informati</span> <span class='ocrx_word' id='word_1_92' title='bbox 950 2221 1105 2294; x_wconf 87' lang='lat' dir='ltr'>sumus,</span> <span class='ocrx_word' id='word_1_93' title='bbox 1135 2200 1249 2298; x_wconf 85' lang='lat' dir='ltr'>quod</span> <span class='ocrx_word' id='word_1_94' title='bbox 1293 2197 1469 2276; x_wconf 88' lang='lat' dir='ltr'>iocus</span> 
     </span>
     <span class='ocr_line' id='line_1_17' title="bbox 376 2313 1469 2419; baseline 0 -25"><span class='ocrx_word' id='word_1_95' title='bbox 376 2317 585 2400; x_wconf 81' lang='lat' dir='ltr'><strong>Sancti</strong></span> <span class='ocrx_word' id='word_1_96' title='bbox 627 2313 848 2408; x_wconf 75' lang='lat' dir='ltr'>Seruii,</span> <span class='ocrx_word' id='word_1_97' title='bbox 890 2315 1089 2395; x_wconf 84' lang='lat' dir='ltr'>videlicet</span> <span class='ocrx_word' id='word_1_98' title='bbox 1131 2317 1314 2394; x_wconf 88' lang='lat' dir='ltr'>ecclesia</span> <span class='ocrx_word' id='word_1_99' title='bbox 1358 2339 1469 2419; x_wconf 88' lang='lat' dir='ltr'>quae</span> 
     </span>
     <span class='ocr_line' id='line_1_18' title="bbox 375 2422 1466 2544; baseline -0.005 -25"><span class='ocrx_word' id='word_1_100' title='bbox 375 2449 441 2520; x_wconf 87' lang='lat' dir='ltr'>ast</span> <span class='ocrx_word' id='word_1_101' title='bbox 480 2422 594 2544; x_wconf 89' lang='lat' dir='ltr'>apud</span> <span class='ocrx_word' id='word_1_102' title='bbox 618 2439 778 2542; x_wconf 83' lang='lat' dir='ltr'>rippam</span> <span class='ocrx_word' id='word_1_103' title='bbox 814 2433 1022 2523; x_wconf 77' lang='lat' dir='ltr'>tinniinis,</span> <span class='ocrx_word' id='word_1_104' title='bbox 1061 2435 1208 2516; x_wconf 85' lang='lat' dir='ltr'>reduci</span> <span class='ocrx_word' id='word_1_105' title='bbox 1249 2441 1396 2542; x_wconf 84' lang='lat' dir='ltr'>posset</span> <span class='ocrx_word' id='word_1_106' title='bbox 1423 2435 1466 2514; x_wconf 91' lang='lat' dir='ltr'>in</span> 
     </span>
     <span class='ocr_line' id='line_1_19' title="bbox 375 2549 1464 2661; baseline -0.002 -25"><span class='ocrx_word' id='word_1_107' title='bbox 375 2559 694 2652; x_wconf 80' lang='lat' dir='ltr'>tortitudinem,</span> <span class='ocrx_word' id='word_1_108' title='bbox 735 2557 1002 2661; x_wconf 79' lang='lat' dir='ltr'>relinquimus</span> <span class='ocrx_word' id='word_1_109' title='bbox 1030 2558 1070 2636; x_wconf 91' lang='lat' dir='ltr'>in</span> <span class='ocrx_word' id='word_1_110' title='bbox 1100 2556 1294 2636; x_wconf 81' lang='lat' dir='ltr'>libertate</span> <span class='ocrx_word' id='word_1_111' title='bbox 1322 2549 1464 2635; x_wconf 72' lang='lat' dir='ltr'>vestra</span> 
     </span>
     <span class='ocr_line' id='line_1_20' title="bbox 373 2676 1467 2782; baseline -0.004 -22"><span class='ocrx_word' id='word_1_112' title='bbox 373 2679 630 2762; x_wconf 77' lang='lat' dir='ltr'>fortificandi</span> <span class='ocrx_word' id='word_1_113' title='bbox 672 2683 827 2758; x_wconf 91' lang='lat' dir='ltr'>dictum</span> <span class='ocrx_word' id='word_1_114' title='bbox 869 2679 1011 2759; x_wconf 88' lang='lat' dir='ltr'>locum</span> <span class='ocrx_word' id='word_1_115' title='bbox 1040 2737 1047 2756; x_wconf 93' lang='lat'><strong>.</strong></span> <span class='ocrx_word' id='word_1_116' title='bbox 1077 2739 1085 2754; x_wconf 92' lang='lat'><em>.</em></span> <span class='ocrx_word' id='word_1_117' title='bbox 1115 2738 1121 2754; x_wconf 92' lang='lat'>.</span> <span class='ocrx_word' id='word_1_118' title='bbox 1152 2705 1230 2782; x_wconf 83' lang='lat' dir='ltr'>pno</span> <span class='ocrx_word' id='word_1_119' title='bbox 1272 2676 1385 2756; x_wconf 89' lang='lat' dir='ltr'>bono</span> <span class='ocrx_word' id='word_1_120' title='bbox 1421 2685 1467 2756; x_wconf 91' lang='lat' dir='ltr'>et</span> 
     </span>
     <span class='ocr_line' id='line_1_21' title="bbox 371 2799 1225 2883; baseline -0.007 -3"><span class='ocrx_word' id='word_1_121' title='bbox 371 2803 599 2883; x_wconf 76' lang='lat' dir='ltr'>securitate</span> <span class='ocrx_word' id='word_1_122' title='bbox 629 2801 713 2881; x_wconf 91' lang='lat' dir='ltr'>ioci</span> <span class='ocrx_word' id='word_1_123' title='bbox 741 2801 875 2879; x_wconf 78' lang='lat' dir='ltr'>nostri</span> <span class='ocrx_word' id='word_1_124' title='bbox 904 2799 1072 2880; x_wconf 81' lang='lat' dir='ltr'>Scutaci</span> <span class='ocrx_word' id='word_1_125' title='bbox 1102 2856 1111 2875; x_wconf 89' lang='lat'><strong>.</strong></span> <span class='ocrx_word' id='word_1_126' title='bbox 1141 2857 1151 2877; x_wconf 90' lang='lat'><strong>.</strong></span> <span class='ocrx_word' id='word_1_127' title='bbox 1178 2858 1189 2883; x_wconf 83' lang='lat'>.</span> <span class='ocrx_word' id='word_1_128' title='bbox 1218 2861 1225 2874; x_wconf 96' lang='lat'><strong>.</strong></span> 
     </span>
    </p>

    <p class='ocr_par' dir='ltr' id='par_1_6' title="bbox 286 2915 1466 3724">
     <span class='ocr_line' id='line_1_22' title="bbox 374 2915 1462 3023; baseline -0.006 -22"><span class='ocrx_word' id='word_1_129' title='bbox 374 2940 379 2950; x_wconf 88' lang='grc'><strong><em>’</em></strong></span> <span class='ocrx_word' id='word_1_130' title='bbox 473 2921 525 3000; x_wconf 75' lang='lat' dir='ltr'>ut</span> <span class='ocrx_word' id='word_1_131' title='bbox 552 2921 647 3023; x_wconf 88' lang='lat' dir='ltr'>quia</span> <span class='ocrx_word' id='word_1_132' title='bbox 674 2921 896 3023; x_wconf 78' lang='lat' dir='ltr'><strong>dispositio</strong></span> <span class='ocrx_word' id='word_1_133' title='bbox 925 2929 1068 3000; x_wconf 81' lang='lat' dir='ltr'>nostra</span> <span class='ocrx_word' id='word_1_134' title='bbox 1099 2927 1162 2998; x_wconf 88' lang='lat' dir='ltr'>est</span> <span class='ocrx_word' id='word_1_135' title='bbox 1182 2915 1462 2997; x_wconf 77' lang='lat' dir='ltr'>conservandi</span> 
     </span>
     <span class='ocr_line' id='line_1_23' title="bbox 372 3037 1462 3142; baseline -0.004 -22"><span class='ocrx_word' id='word_1_136' title='bbox 372 3043 562 3122; x_wconf 90' lang='lat' dir='ltr'>iocum</span> <span class='ocrx_word' id='word_1_137' title='bbox 601 3039 874 3126; x_wconf 81' lang='lat' dir='ltr'>Scutani.</span> <span class='ocrx_word' id='word_1_138' title='bbox 915 3042 1108 3119; x_wconf 79' lang='lat' dir='ltr'>volumus</span> <span class='ocrx_word' id='word_1_139' title='bbox 1138 3037 1250 3142; x_wconf 90' lang='lat' dir='ltr'>quod</span> <span class='ocrx_word' id='word_1_140' title='bbox 1280 3037 1316 3112; x_wconf 84' lang='lat' dir='ltr'>si</span> <span class='ocrx_word' id='word_1_141' title='bbox 1344 3045 1462 3142; x_wconf 87' lang='lat' dir='ltr'>pote·</span> 
     </span>
     <span class='ocr_line' id='line_1_24' title="bbox 374 3158 1466 3242; baseline -0.005 -2"><span class='ocrx_word' id='word_1_142' title='bbox 374 3163 464 3242; x_wconf 79' lang='lat' dir='ltr'>ritis</span> <span class='ocrx_word' id='word_1_143' title='bbox 494 3162 703 3242; x_wconf 76' lang='lat' dir='ltr'>reducere</span> <span class='ocrx_word' id='word_1_144' title='bbox 745 3165 796 3240; x_wconf 94' lang='lat' dir='ltr'>ad</span> <span class='ocrx_word' id='word_1_145' title='bbox 826 3158 1108 3240; x_wconf 89' lang='lat' dir='ltr'>obedientiam</span> <span class='ocrx_word' id='word_1_146' title='bbox 1150 3167 1336 3238; x_wconf 81' lang='lat' dir='ltr'>nostram</span> <span class='ocrx_word' id='word_1_147' title='bbox 1364 3158 1466 3236; x_wconf 86' lang='lat' dir='ltr'><strong>iilos</strong></span> 
     </span>
     <span class='ocr_line' id='line_1_25' title="bbox 286 3267 1461 3367; baseline -0.005 -7"><span class='ocrx_word' id='word_1_148' title='bbox 286 3347 292 3360; x_wconf 88' lang='grc'><strong><em>,</em></strong></span> <span class='ocrx_word' id='word_1_149' title='bbox 371 3267 1461 3367; x_wconf 80' lang='lat' dir='ltr'>decomitatnSoutani‚etaiioshabitan·</span> 
     </span>
     <span class='ocr_line' id='line_1_26' title="bbox 327 3399 1460 3500; baseline -0.007 -20"><span class='ocrx_word' id='word_1_150' title='bbox 327 3435 329 3440; x_wconf 94' lang='lat'>·</span> <span class='ocrx_word' id='word_1_151' title='bbox 372 3411 434 3482; x_wconf 85' lang='lat' dir='ltr'>tes</span> <span class='ocrx_word' id='word_1_152' title='bbox 461 3402 500 3480; x_wconf 90' lang='lat' dir='ltr'>iu</span> <span class='ocrx_word' id='word_1_153' title='bbox 536 3401 840 3482; x_wconf 89' lang='lat' dir='ltr'>Xaboiana</span> <span class='ocrx_word' id='word_1_154' title='bbox 878 3409 920 3477; x_wconf 87' lang='lat' dir='ltr'>et</span> <span class='ocrx_word' id='word_1_155' title='bbox 948 3399 1035 3476; x_wconf 90' lang='lat' dir='ltr'>aiiis</span> <span class='ocrx_word' id='word_1_156' title='bbox 1066 3401 1171 3479; x_wconf 88' lang='lat' dir='ltr'>iocis</span> <span class='ocrx_word' id='word_1_157' title='bbox 1202 3405 1244 3478; x_wconf 90' lang='lat' dir='ltr'>et</span> <span class='ocrx_word' id='word_1_158' title='bbox 1271 3399 1460 3500; x_wconf 84' lang='lat' dir='ltr'>pactibus</span> 
     </span>
     <span class='ocr_line' id='line_1_27' title="bbox 369 3517 1460 3626; baseline -0.007 -24"><span class='ocrx_word' id='word_1_159' title='bbox 369 3524 547 3616; x_wconf 87' lang='lat' dir='ltr'>deinde,</span> <span class='ocrx_word' id='word_1_160' title='bbox 576 3549 653 3603; x_wconf 91' lang='lat' dir='ltr'>eos</span> <span class='ocrx_word' id='word_1_161' title='bbox 681 3525 908 3610; x_wconf 65' lang='lat' dir='ltr'>reducatis</span> <span class='ocrx_word' id='word_1_162' title='bbox 937 3521 1228 3626; x_wconf 78' lang='lat' dir='ltr'>promittendo</span> <span class='ocrx_word' id='word_1_163' title='bbox 1245 3519 1318 3609; x_wconf 89' lang='lat' dir='ltr'>eis,</span> <span class='ocrx_word' id='word_1_164' title='bbox 1347 3517 1460 3621; x_wconf 89' lang='lat' dir='ltr'>quod</span> 
     </span>
     <span class='ocr_line' id='line_1_28' title="bbox 369 3636 1458 3724; baseline -0.007 -4"><span class='ocrx_word' id='word_1_165' title='bbox 369 3651 514 3724; x_wconf 76' lang='lat' dir='ltr'>nostra</span> <span class='ocrx_word' id='word_1_166' title='bbox 555 3643 782 3723; x_wconf 85' lang='lat' dir='ltr'>dominatio</span> <span class='ocrx_word' id='word_1_167' title='bbox 824 3669 902 3720; x_wconf 90' lang='lat' dir='ltr'>eos</span> <span class='ocrx_word' id='word_1_168' title='bbox 943 3638 1117 3719; x_wconf 90' lang='lat' dir='ltr'>habebit</span> <span class='ocrx_word' id='word_1_169' title='bbox 1161 3647 1202 3716; x_wconf 90' lang='lat' dir='ltr'>et</span> <span class='ocrx_word' id='word_1_170' title='bbox 1230 3636 1390 3716; x_wconf 89' lang='lat' dir='ltr'>tenebit</span> <span class='ocrx_word' id='word_1_171' title='bbox 1415 3637 1458 3713; x_wconf 92' lang='lat' dir='ltr'>in</span> 
     </span>
    </p>
   </div>
   <div class='ocr_carea' id='block_1_5' title="bbox 369 3757 1588 3852">
    <p class='ocr_par' dir='ltr' id='par_1_7' title="bbox 369 3757 1588 3852">
     <span class='ocr_line' id='line_1_29' title="bbox 369 3757 1588 3852; baseline -0.01 -11"><span class='ocrx_word' id='word_1_172' title='bbox 369 3766 503 3846; x_wconf 90' lang='lat' dir='ltr'>bonos</span> <span class='ocrx_word' id='word_1_173' title='bbox 532 3774 573 3843; x_wconf 91' lang='lat' dir='ltr'>et</span> <span class='ocrx_word' id='word_1_174' title='bbox 600 3763 749 3846; x_wconf 87' lang='lat' dir='ltr'>fideles</span> <span class='ocrx_word' id='word_1_175' title='bbox 778 3766 1008 3842; x_wconf 76' lang='lat' dir='ltr'>servitores</span> <span class='ocrx_word' id='word_1_176' title='bbox 1037 3819 1046 3839; x_wconf 91' lang='lat'><strong>.</strong></span> <span class='ocrx_word' id='word_1_177' title='bbox 1076 3817 1085 3836; x_wconf 89' lang='lat'><strong>.</strong></span> <span class='ocrx_word' id='word_1_178' title='bbox 1122 3820 1130 3837; x_wconf 92' lang='lat'><strong>.</strong></span> <span class='ocrx_word' id='word_1_179' title='bbox 1161 3817 1170 3838; x_wconf 91' lang='lat'><strong>.</strong></span> <span class='ocrx_word' id='word_1_180' title='bbox 1201 3819 1210 3838; x_wconf 90' lang='lat'><strong>.</strong></span> <span class='ocrx_word' id='word_1_181' title='bbox 1241 3757 1346 3836; x_wconf 89' lang='lat' dir='ltr'>etsi</span> <span class='ocrx_word' id='word_1_182' title='bbox 1376 3759 1458 3832; x_wconf 90' lang='lat' dir='ltr'>not·</span> <span class='ocrx_word' id='word_1_183' title='bbox 1585 3849 1588 3852; x_wconf 79' lang='lat'>.</span> 
     </span>
    </p>
   </div>
   <div class='ocr_carea' id='block_1_6' title="bbox 366 3879 1459 4242">
    <p class='ocr_par' dir='ltr' id='par_1_8' title="bbox 366 3879 1459 4242">
     <span class='ocr_line' id='line_1_30' title="bbox 368 3879 1459 3969; baseline -0.01 -2"><span class='ocrx_word' id='word_1_184' title='bbox 368 3891 452 3969; x_wconf 87' lang='lat' dir='ltr'>ient</span> <span class='ocrx_word' id='word_1_185' title='bbox 480 3891 639 3968; x_wconf 79' lang='lat' dir='ltr'>revecti</span> <span class='ocrx_word' id='word_1_186' title='bbox 667 3887 718 3964; x_wconf 92' lang='lat' dir='ltr'>ad</span> <span class='ocrx_word' id='word_1_187' title='bbox 748 3887 1033 3968; x_wconf 89' lang='lat' dir='ltr'>obedientiam</span> <span class='ocrx_word' id='word_1_188' title='bbox 1064 3891 1275 3969; x_wconf 78' lang='lat' dir='ltr'>nostram,</span> <span class='ocrx_word' id='word_1_189' title='bbox 1312 3879 1459 3958; x_wconf 88' lang='lat' dir='ltr'>debea-</span> 
     </span>
     <span class='ocr_line' id='line_1_31' title="bbox 369 4001 1458 4114; baseline -0.012 -26"><span class='ocrx_word' id='word_1_190' title='bbox 369 4013 419 4089; x_wconf 85' lang='lat' dir='ltr'>tis</span> <span class='ocrx_word' id='word_1_191' title='bbox 455 4011 550 4090; x_wconf 89' lang='lat' dir='ltr'><strong>iiios</strong></span> <span class='ocrx_word' id='word_1_192' title='bbox 588 4037 668 4114; x_wconf 90' lang='lat' dir='ltr'>qua</span> <span class='ocrx_word' id='word_1_193' title='bbox 698 4009 893 4088; x_wconf 88' lang='lat' dir='ltr'>inimicos</span> <span class='ocrx_word' id='word_1_194' title='bbox 924 4013 1107 4086; x_wconf 76' lang='lat' dir='ltr'>tractare</span> <span class='ocrx_word' id='word_1_195' title='bbox 1136 4013 1177 4082; x_wconf 93' lang='lat' dir='ltr'>et</span> <span class='ocrx_word' id='word_1_196' title='bbox 1204 4001 1458 4103; x_wconf 79' lang='lat' dir='ltr'>guerrizane,</span> 
     </span>
     <span class='ocr_line' id='line_1_32' title="bbox 366 4131 1452 4242; baseline -0.012 -32"><span class='ocrx_word' id='word_1_197' title='bbox 366 4141 448 4211; x_wconf 88' lang='lat' dir='ltr'>tam</span> <span class='ocrx_word' id='word_1_198' title='bbox 475 4157 552 4237; x_wconf 82' lang='lat' dir='ltr'>pec</span> <span class='ocrx_word' id='word_1_199' title='bbox 580 4155 730 4232; x_wconf 89' lang='lat' dir='ltr'>aquam</span> <span class='ocrx_word' id='word_1_200' title='bbox 759 4153 881 4232; x_wconf 88' lang='lat' dir='ltr'>quam</span> <span class='ocrx_word' id='word_1_201' title='bbox 899 4131 989 4231; x_wconf 69' lang='lat' dir='ltr'>‘per</span> <span class='ocrx_word' id='word_1_202' title='bbox 1017 4131 1266 4242; x_wconf 77' lang='lat' dir='ltr'>ternamper</span> <span class='ocrx_word' id='word_1_203' title='bbox 1284 4143 1452 4201; x_wconf 89' lang='lat' dir='ltr'>omnem</span> 
     </span>
    </p>
   </div>
   <div class='ocr_carea' id='block_1_7' title="bbox 0 0 1622 5116">
    <p class='ocr_par' dir='ltr' id='par_1_9' title="bbox 0 0 1622 5116">
     <span class='ocr_line' id='line_1_33' title="bbox 0 0 1622 5116; baseline 0 6"><span class='ocrx_word' id='word_1_204' title='bbox 0 0 1622 5116; x_wconf 95' lang='lat' dir='ltr'> </span> 
     </span>
    </p>
   </div>
  </div>
 </body>
</html>
