3224 5110
348 572 578 664 netiarurn,
619 570 729 648 misit
756 577 799 648 ut
827 569 909 648 hec
950 593 1026 646 sua
1067 569 1225 672 optima
1266 569 1440 649 intentio

348 693 653 795 perficeretur,
697 717 795 770 suos
837 689 1111 769 honorabiles
1165 699 1358 769 oratores
1400 699 1441 768 et

348 812 538 890 sindicos
565 812 885 916 infrascriptos,
923 836 1031 913 quos
1059 809 1195 914 ipsum
1224 808 1439 888 illustrissi-

349 955 458 1010 mum
487 931 636 1011 ducale
664 930 896 1008 dominium
927 929 1161 1008 clementer
1188 937 1231 1004 et
1258 930 1439 1026 benigne

348 1053 548 1155 suscepit.
575 1051 627 1129 Et
654 1063 698 1129 nt
727 1051 946 1151 utriusque
980 1047 1109 1150 partis
1150 1055 1289 1149 pateat
1330 1049 1439 1124 bona

348 1171 527 1262 intentio
557 1177 599 1247 et
626 1169 879 1271 dispositio,
908 1169 1015 1246 inter
1043 1191 1113 1246 eas
1140 1173 1347 1270 perpetue
1374 1192 1440 1269 pa·

348 1293 409 1369 cis
437 1300 478 1368 et
506 1289 673 1378 amoris,
693 1289 947 1392 spectabiles
977 1297 1019 1367 et
1045 1288 1242 1388 generosi
1270 1288 1438 1374 domini,

347 1412 546 1490 Nicolaus
585 1411 726 1490 lllsmo
770 1409 980 1512 quondam
1009 1408 1165 1487 domini
1200 1411 1371 1507 Antonij
1399 1420 1442 1486 et

242 1625 245 1632 Ι
349 1531 584 1612 budovious
612 1530 854 1610 Fuscareuo
883 1529 1040 1608 domiui
1068 1529 1262 1618 Antonii,
1291 1530 1441 1606 artium

349 1661 391 1730 et
411 1654 520 1751 juris
548 1652 763 1753 utriusque.
797 1653 975 1742 doctor,
1016 1647 1289 1729 honorabiles
1325 1649 1441 1727 eires

349 1775 647 1864 Venestorum,
674 1771 823 1852 sindici
863 1784 906 1850 et
945 1778 1252 1875 procuratores
1290 1769 1443 1874 prelati

349 1895 612 1974 illustrissimi
641 1892 798 1972 domini
826 1891 957 1980 ducis,
979 1891 1152 1970 dominii
1180 1897 1222 1972 et
1250 1889 1444 1970 comunis

348 2017 648 2108 venetiarum,
677 2022 721 2092 ut
749 2018 915 2093 constat
953 2011 1126 2117 publico
1166 2013 1443 2090 instrumento

233 2201 235 2206 .
348 2137 588 2225 sindicalus,
615 2137 778 2239 scripto
795 2159 918 2214 manu
946 2132 1249 2238 circumspecti
1277 2134 1356 2210 riri
1372 2157 1446 2209 ser

347 2255 574 2338 Michaelis
601 2256 654 2334 de
682 2257 874 2344 lirensis,
914 2254 1076 2356 publici
1113 2251 1321 2358 imperiali
1346 2277 1443 2332 aue·

348 2376 590 2458 toritateet
617 2379 758 2458 ducali
785 2379 880 2455 sule
907 2377 1182 2456 Venetiarum
1206 2375 1376 2473 notarii,
1400 2374 1442 2450 in

348 2499 570 2578 millesimo
637 2497 1049 2602 quadringentesimo
1116 2495 1443 2598 quadragesimo

348 2619 505 2722 quinto,
531 2620 762 2699 indictione
792 2627 964 2714 octava,
1004 2617 1075 2695 die
1101 2641 1206 2696 vero
1233 2615 1444 2716 vigesimo

347 2739 486 2842 primo
527 2739 682 2819 mensis
715 2739 919 2839 Augusti,
946 2763 968 2817 a
998 2763 1066 2816 me
1108 2739 1276 2818 notario
1321 2733 1445 2814 infra·

347 2859 506 2963 scripto
533 2860 624 2938 viso
655 2867 697 2939 et
725 2861 861 2947 lecto,
897 2883 976 2963 pro
1006 2859 1099 2961 ipso
1130 2857 1302 2937 domino
1332 2857 1445 2937 duce

349 2989 392 3062 et
430 2981 753 3060 successoribus
794 2982 906 3072 suis,
945 2979 1131 3058 dominio
1173 2989 1215 3058 et
1271 2977 1446 3058 comuni

225 3173 227 3176 ,
346 3102 618 3180 venetiarum
659 3126 712 3180 ex
746 3125 827 3180 nna
863 3107 1008 3203 parte,
1044 3109 1086 3179 et
1122 3099 1371 3204 spectabilis
1398 3109 1444 3176 et

346 3241 578 3320 generosus
615 3221 738 3298 miles
772 3221 966 3299 dominus
991 3219 1204 3320 Georgius
1244 3218 1450 3318 magister

348 3339 463 3424 curie
505 3339 608 3420 dicti
648 3337 856 3438 magnifici
897 3339 1052 3418 domini
1082 3337 1269 3430 stefani,
1310 3363 1359 3416 ac
1386 3361 1449 3414 sa·

346 3459 465 3560 piens
492 3460 557 3536 vir
581 3457 802 3538 lohannes
841 3485 894 3540 ac
934 3459 1132 3560 egregius
1176 3457 1240 3535 vir
1267 3455 1447 3536 lllatcbo

346 3579 400 3658 de
427 3578 695 3668 Pocbvaliza,
736 3584 778 3657 et
819 3579 1020 3684 Grupcho
1064 3587 1289 3682 coemptor
1328 3601 1449 3668 suns,

346 3700 622 3784 honorabiles
664 3709 903 3794 oratores,¹
926 3700 1078 3781 sindici
1119 3709 1163 3780 et
1198 3707 1449 3806 procurato.

345 3843 416 3898 res
442 3821 594 3924 prelati
622 3821 829 3922 magnifici
867 3829 910 3901 et
937 3821 1124 3926 potentis
1162 3820 1324 3900 domiui
1352 3818 1447 3896 Ste·

345 3940 453 4028 faui.
480 3947 525 4023 ut
553 3949 720 4024 constat
745 3942 984 4045 patentibus
1025 3941 1161 4020 literis
1203 3940 1336 4046 ipsius
1363 3963 1446 4016 ma·

346 4059 486 4160 guitici
513 4059 670 4140 domini
699 4061 880 4158 stefani,
909 4061 1015 4138 datis
1041 4060 1207 4140 Sochol
1236 4059 1307 4140 die
1333 4060 1448 4158 rige·

344 4182 451 4267 simo
480 4181 637 4262 mensis
661 4179 781 4269 lolii,
807 4203 916 4261 anano
946 4189 987 4260 et
1013 4178 1250 4260 indictione
1277 4177 1446 4283 predic·
