3186 5112
165 593 300 696 gretia
329 599 373 672 et
400 593 684 676 benivolentia
724 595 857 676 nostri
896 597 1097 691 dominii,
1133 603 1258 706 supti-

167 723 234 796 cet
275 721 319 792 ut
360 713 580 816 dignemur
618 716 698 794 sibi
731 719 834 796 dare
863 725 905 796 et
932 721 1157 800 restituere
1195 748 1257 812 ea,
1330 795 1334 808 .

167 861 277 939 quae
305 845 601 916 remanserunt
626 845 726 940 post
751 841 934 916 mortem
962 841 1173 941 quondam
1187 869 1255 946 pu·

166 958 244 1034 tris
272 957 351 1046 sui;
379 957 476 1058 quia
503 979 675 1060 semper
689 957 769 1034 erit
795 957 1062 1038 fidelissimus
1089 967 1132 1039 et
1160 963 1257 1040 obe-

4 1108 9 1175 2
167 1079 286 1156 diens
324 1084 475 1184 nostro
503 1076 705 1156 dominio.
757 1079 810 1158 lu
837 1079 992 1158 bonum
1032 1081 1087 1160 sit
1113 1083 1255 1162 tacere
1378 1057 1385 1086 ’

164 1199 489 1302 responsionem
532 1198 785 1298 condignam
825 1198 940 1280 dieto
979 1201 1255 1282 ambassatori
1300 1279 1304 1294 ,

165 1317 346 1407 Bulsue,
387 1321 429 1396 in
458 1321 595 1400 forma
624 1345 731 1422 quae
771 1321 822 1398 sit
849 1345 944 1398 cum
971 1321 1136 1402 honore
1163 1347 1256 1404 nos-

5 1460 8 1469 ·
166 1437 221 1516 tri
262 1439 460 1526 dominii,
499 1439 612 1518 vadit
647 1463 770 1544 pers:
811 1441 925 1543 quod
952 1444 1258 1546 respondentur

6 1556 7 1570 '
165 1561 282 1638 dicto
324 1561 625 1656 ambasiatori‚
679 1560 793 1664 quod
832 1561 925 1666 ipse
963 1561 1086 1642 Bntss
1126 1563 1255 1642 debet

164 1681 390 1759 multocies
427 1679 798 1782 comprehendisse
829 1681 1029 1784 optimam
1062 1683 1254 1762 intentio·

163 1823 261 1878 nem
279 1802 413 1878 nostri
427 1799 615 1887 dominii,
629 1823 735 1903 quoe
750 1825 921 1901 semper
936 1799 1025 1886 fuit,
1041 1823 1253 1882 assumere

166 1923 308 2025 ipsum
336 1923 387 2000 ud
416 1923 607 2021 gratiam,
633 1921 860 2000 dummodo
887 1921 1095 2000 voluisset
1123 1925 1252 2001 atten-

166 2045 272 2120 dere
313 2047 357 2120 et
397 2042 627 2121 observare
653 2041 959 2146 promissiones
998 2040 1129 2118 tectas
1156 2063 1250 2120 nos·

166 2169 235 2242 tro
263 2161 472 2258 domini03
505 2163 580 2242 sed
608 2161 886 2242 existentibus
912 2160 1033 2242 nobis
1074 2162 1115 2240 in
1143 2163 1253 2240 bono

167 2282 444 2383 dispositione
482 2288 680 2362 tractatus
699 2280 955 2390 concordii,
998 2281 1087 2390 ipse
1116 2281 1254 2361 intulit

166 2403 316 2482 demna
343 2405 499 2481 nostris
521 2403 628 2482 locis
655 2412 698 2481 et
720 2401 907 2481 subditis.
933 2405 1139 2482 Actumen
1158 2404 1254 2504 quin

167 2523 411 2623 magnificus
446 2523 639 2604 dominus
667 2520 849 2602 Sondulti
887 2547 964 2599 nos
1003 2547 1098 2600 cum
1125 2524 1253 2602 mexi-

168 2669 236 2724 me
262 2645 454 2723 instantio
481 2645 647 2745 rogavit
671 2667 801 2747 super
824 2641 933 2732 hoc,
978 2642 1032 2721 ob
1059 2641 1252 2722 intuitum

167 2775 210 2843 et
237 2785 423 2842 amorem
464 2763 594 2866 ipsius
633 2762 792 2842 domini
832 2762 1033 2850 dicimus,
1075 2764 1253 2865 quodsi

6 2906 23 2958 3v
167 2889 258 2988 ipse
284 2883 406 2963 Balsa
433 2885 569 2963 mittet
609 2884 659 2962 ed
687 2908 764 2962 nos
807 2883 984 2986 aliquem
1025 2907 1252 2988 personum
1395 2878 1397 2888 ’

168 3005 290 3084 simut
319 3029 413 3085 cum
441 3007 526 3084 etio
556 3007 830 3084 embexetore
870 3005 1029 3082 domini
1057 3003 1252 3124 Soudetti,

168 3126 240 3228 qui
276 3125 399 3202 umbo
441 3127 621 3204 habeant
660 3126 896 3202 libertatem
925 3125 965 3201 in
993 3123 1078 3202 hoc
1106 3129 1150 3200 et
1175 3123 1251 3199 siu·

169 3248 352 3326 dicatum
378 3247 430 3324 ed
457 3247 642 3348 plenum,
670 3269 765 3324 cum
791 3246 983 3322 venerint
1010 3242 1061 3320 nd
1081 3265 1237 3346 presen

149 3369 268 3456 ⁴tiam
294 3373 492 3457 nostrum,
524 3367 793 3468 disponemus
822 3366 963 3446 fucere
990 3385 1090 3462 ergo
1116 3363 1253 3465 ipsum

167 3491 222 3567 de
250 3487 377 3566 rebus
406 3511 513 3588 quoe
540 3487 624 3564 sint
650 3486 783 3564 iustae
813 3483 1169 3567 occasionabiles,
1197 3481 1253 3559 its

170 3609 283 3709 quod
320 3605 471 3686 merito
512 3605 682 3686 habebit
722 3603 984 3700 contentari,
1025 3601 1252 3680 dummodo

171 3731 262 3834 ipse
289 3727 412 3805 Balsa
435 3752 482 3805 se
496 3733 716 3805 removeat
744 3735 785 3804 et
813 3724 1018 3803 abstineut
1045 3722 1095 3801 ob
1125 3723 1248 3802 offen·

170 3851 228 3928 sis
256 3857 299 3929 et
326 3848 485 3928 demnis
510 3849 740 3927 inserendis
768 3849 870 3927 iocis
898 3854 940 3924 et
955 3845 1131 3924 subditis
1159 3869 1251 3925 uos·

172 3971 265 4062 tris,
295 3970 491 4072 quonism
519 3969 580 4048 sie
608 3967 869 4047 mandabitur
897 3965 1133 4046 rectoribus
1161 3989 1252 4043 nos·

172 4093 260 4183 tris,
289 4099 492 4194 quatenus
519 4113 618 4190 ergo
640 4091 776 4191 ipsum
804 4087 984 4167 debeant
1011 4087 1252 4167 observare.

506 4249 610 4315 Secr.
633 4245 739 4312 Cous.
763 4245 894 4334 Roget.
918 4243 991 4311 Lib.
1012 4241 1055 4308 V.
1078 4245 1135 4310 ch.
1160 4247 1207 4312 td.

1006 4433 1045 4497 31
