3230 5104
341 363 406 430 512

341 568 404 644 rie
433 573 615 670 captum,
641 569 684 648 iu
713 567 943 648 miserabili
969 568 1174 648 servitute
1215 569 1433 648 detentum

342 713 449 767 esse.
496 689 612 766 Nunc
639 712 745 767 vero
773 697 819 768 ut
844 711 922 790 per
949 689 1109 768 litteras
1136 715 1192 768 ex
1219 690 1323 768 Dal
1340 713 1378 766 m
1395 716 1435 768 a·

341 808 421 885 tia
448 809 609 898 habitas
638 811 849 890 certiores
876 811 976 890 facti
1006 835 1174 900 sumus,
1203 809 1311 889 idem
1339 810 1434 911 ipse

342 930 726 1010 truculentissimus
754 929 911 1022 hostis,
940 955 1097 1009 nomeu
1126 929 1282 1009 Christi
1310 931 1434 1008 simul

249 1053 259 1072 '
346 1075 440 1130 cum
458 1051 527 1128 dei
541 1052 897 1154 populoperdere
915 1051 1129 1140 festinans,
1148 1075 1436 1152 aggressus

345 1181 411 1248 est
439 1169 733 1250 Crovatiam
776 1175 988 1272 etpartes
1029 1173 1179 1270 regni
1206 1171 1436 1249 Bossiue
1585 1249 1591 1258 ,

345 1290 648 1380 inferiores,
677 1293 758 1368 iam
785 1292 951 1392 iamque
978 1291 1019 1368 in
1049 1291 1240 1370 faucibus
1273 1291 1437 1368 Italic

345 1413 486 1490 omnia
501 1413 606 1490 nerle
630 1421 754 1512 atque
769 1411 970 1512 sangvine
987 1413 1151 1514 opleus‚
1168 1413 1333 1514 oppida,
1348 1435 1435 1490 cas·

345 1533 455 1622 tella,
470 1532 608 1624 urbes,
619 1543 744 1634 atque
761 1533 1055 1612 munitissimas
1069 1535 1240 1614 arcesvl
1251 1543 1294 1611 et
1307 1534 1438 1612 armis

347 1675 593 1756 expugnare
623 1655 849 1745 contendis
877 1655 1131 1758 etquoniam
1161 1656 1441 1734 victorianus

345 1776 516 1854 alterius
544 1781 608 1852 est
634 1775 793 1854 initium
822 1777 1130 1856 ctaocessione
1158 1775 1441 1877 viriumque·

344 1895 446 1973 tidle
473 1895 521 1971 in
542 1894 672 1974 maius
702 1899 923 1986 excrescit,
964 1895 1265 1998 horribilisque
1292 1897 1444 1994 magis,

344 2018 561 2118 magisque
597 2015 695 2094 leda
737 2020 898 2122 popello
927 2021 995 2098 dei
1031 2029 1073 2097 et
1101 2019 1282 2098 minatur
1309 2024 1354 2093 et
1382 2019 1443 2094 in·

345 2137 439 2226 lert,
466 2162 542 2214 nos
572 2138 751 2216 honoris
779 2147 824 2216 et
849 2139 984 2238 glorio
1013 2139 1081 2216 dei
1110 2147 1154 2216 et
1179 2137 1283 2217 Jesu
1321 2137 1442 2216 Chri·

343 2259 396 2336 sti
422 2260 643 2346 salvatoris
670 2259 806 2338 nostri
834 2259 941 2338 houd
957 2259 1238 2347 immemores,
1265 2261 1444 2361 iusuper

345 2386 391 2458 et
414 2381 559 2457 salutis
587 2387 731 2456 nostre
759 2387 885 2482 atque
911 2379 1096 2460 ecclesie
1121 2387 1282 2466 sancte,
1310 2359 1443 2458 maio'·

345 2523 437 2576 rum
464 2506 703 2578 nostrorum
733 2499 919 2600 vestigiis
945 2500 1208 2588 inherentes,
1251 2499 1444 2601 quamvis

343 2627 501 2698 tantum
531 2621 673 2700 oneris
701 2646 780 2700 uos
806 2621 923 2698 solos
952 2619 1157 2699 sustinere
1185 2643 1312 2723 posse
1353 2643 1443 2696 uun

343 2741 602 2832 iudicamus,
644 2743 911 2820 decrevimus
957 2749 1095 2820 lamen
1137 2746 1314 2818 auctore
1355 2741 1444 2817 deo

197 2871 200 2878 '
344 2865 499 2938 stolum
531 2869 724 2939 nostrum
751 2862 996 2958 defendere,
1026 2870 1069 2940 et
1096 2860 1363 2939 insolentiam
1394 2916 1446 2936 ..

344 3035 355 3057 .
386 3037 397 3059 .
424 2985 507 3060 lam
536 2982 730 3062 acerrimi
758 2981 928 3060 hostis.
957 3039 967 3060 .
996 3037 1007 3059 .
1042 3037 1052 3058 .
1082 2982 1345 3085 propulsare,
1375 3005 1447 3057 ue·

306 3136 322 3142 ·
344 3123 425 3202 que
454 3101 590 3204 copiis
617 3104 709 3180 ullis
738 3111 809 3180 aut
835 3101 1109 3196 exercitibus,
1138 3111 1206 3179 aut
1235 3099 1360 3178 classi
1388 3101 1447 3177 ul·

344 3218 370 3294 ll
398 3229 545 3300 nostre
575 3229 903 3302 autnoslrorom
932 3221 1019 3300 vite
1049 3245 1228 3326 parcere
1232 3274 1444 3297 ......

660 3397 770 3462 Secr.
795 3411 898 3460 cons.
920 3410 1004 3480 rog.
1026 3391 1098 3457 Lib.
1121 3389 1215 3456 XXl.
1242 3389 1296 3454 ch.
1324 3389 1399 3456 rue.
