3226 5112
326 708 632 814 ccccxn.
671 730 785 807 loro.
813 733 876 808 as.
901 673 1105 808 'Juniis

157 943 342 1016 Oaronopr,
375 954 568 1012 noonauusy
593 933 773 1012 Cptionorn
796 951 963 1006 pecnora,
996 939 1251 998 aarreaarolsern

152 1062 257 1121 apaan
279 1047 431 1120 Υιιιιιιιι»,
454 1061 473 1099 ιι
496 1060 533 1114 pa
555 1041 736 1100 Maersultn
761 1058 896 1098 ιιοιιιιιο
916 1043 1251 1118 nocaaussrsoTyp·
1310 1099 1316 1110 ,

182 1153 274 1221 osny,
298 1163 359 1204 soa
381 1145 421 1203 lse
445 1143 681 1219 nocpeao'aarn
706 1141 831 1219 naueby
853 1159 999 1214 pecnora
1027 1161 1045 1200 ιι
1070 1161 1221 1218 cynara.

255 1363 376 1462 Quod
405 1361 566 1441 oratori
593 1360 763 1438 illustris
792 1362 818 1439 d
834 1386 860 1439 o
876 1385 916 1438 m
933 1362 1012 1439 ini
1041 1361 1066 1439 d
1082 1386 1106 1440 e
1123 1387 1144 1440 s
1159 1391 1185 1468 p
1204 1289 1260 1443 o5

153 1487 198 1564 ti
226 1483 258 1561 ll
274 1507 331 1560 as
347 1509 366 1560 s
382 1484 447 1568 ie.
474 1505 603 1586 super
626 1481 975 1583 requisitionibus
1005 1507 1106 1584 quas
1134 1483 1246 1571 lacit,

149 1631 230 1712 pro
259 1612 379 1710 parte
408 1604 585 1707 praelati
613 1603 771 1682 domini
800 1601 1063 1708 despoti,
1091 1611 1175 1682 tam
1203 1613 1249 1682 ut

152 1729 425 1806 assentiamus
480 1727 520 1803 ei
567 1725 617 1801 ad
660 1733 826 1826 tempus
856 1725 1008 1803 locum
1055 1735 1246 1806 nostrum

151 1849 186 1925 1)
202 1875 228 1924 u
246 1849 257 1924 l
274 1848 405 1948 cign
421 1849 446 1936 i,
478 1871 601 1950 quam
624 1846 748 1924 etiam
778 1847 891 1948 quod
920 1845 1134 1926 mittamus
1155 1873 1246 1926 nos·

152 1979 258 2048 tram
302 1966 579 2046 ambaxiatam
621 1966 672 2044 ad
712 1967 1033 2060 Turchum,
1074 1991 1247 2074 respon·

150 2091 319 2167 deatur:
362 2089 474 2189 quod
514 2089 632 2166 novit
659 2086 762 2165 deus
801 2089 915 2191 quod
945 2089 1130 2168 fraterne
1159 2089 1246 2166 dili·

150 2215 296 2312 gentes
325 2207 617 2287 excellentiam
631 2231 760 2298 suam,
791 2217 984 2312 optamus
1005 2232 1175 2314 semper
1190 2209 1245 2287 fa·

151 2333 329 2410 osrede
358 2328 596 2406 rebussibi
633 2333 762 2430 gratis
804 2338 847 2408 et
874 2329 1080 2434 acceptis;
1123 2337 1167 2407 et
1204 2333 1243 2408 si
1373 2421 1378 2428 ,

149 2451 367 2550 hucusque
401 2447 648 2528 distullimus
683 2452 983 2556 spectabilitati
1017 2472 1118 2530 suae
1157 2471 1240 2528 res·
1375 2549 1378 2556 ἱ

148 2573 364 2676 pondere,
404 2572 490 2650 hoo
525 2573 738 2676 prooessit
766 2574 862 2674 quia
890 2560 1172 2674 quaesivimus
1200 2581 1243 2652 et

148 2695 353 2772 voluimus
378 2691 542 2778 videre,
569 2694 603 2770 si
632 2695 779 2771 modus
809 2703 932 2778 esset,
960 2693 1072 2794 quod
1099 2714 1240 2794 posse·

147 2839 253 2902 mus,
266 2818 311 2890 ut
325 2835 450 2916 supra
464 2811 645 2892 diximus
660 2817 823 2916 optare,
839 2812 1122 2892 excellentiae
1137 2835 1239 2890 suae

149 2937 436 3040 complacere.
490 2933 543 3012 ut
569 2921 724 3014 habita¹
749 2933 857 3013 bona
893 2933 1238 3013 consideratione

148 3056 340 3148 dicimus,
366 3059 505 3162 primo
535 3083 620 3136 non
648 3081 776 3161 posse
805 3057 893 3136 sine
909 3053 1140 3134 offensione
1163 3055 1236 3132 ho·

145 3175 262 3256 noris
290 3187 333 3257 et
360 3177 457 3255 lidei
483 3183 654 3257 nostrae
687 3180 741 3257 de
769 3179 881 3258 facto
904 3173 1099 3276 Duloigni
1127 3199 1237 3254 com·

143 3299 328 3404 placere,
355 3297 453 3400 quia
481 3322 688 3402 expresse
716 3305 828 3378 esset
855 3303 1004 3379 contra
1033 3321 1097 3391 ea,
1126 3319 1234 3399 quae

143 3419 414 3522 promisimus
441 3417 525 3498 illis
553 3419 606 3497 de
633 3417 854 3521 Duloigno.
953 3515 959 3524 .

244 3539 609 3621 litoircaiactum
638 3541 976 3641 legationis
1004 3547 1237 3622 nostrae·

144 3661 471 3740 mittendae
499 3665 562 3740 ad
590 3659 897 3748 Turchum,
926 3661 1233 3740 omnibuscon·

142 3781 339 3862 sideratis
366 3807 451 3860 non
479 3784 693 3869 videmus,
721 3789 898 3886 propter
926 3790 1069 3862 certos
1095 3784 1231 3862 iustos

143 3907 187 3978 et
214 3902 483 3982 rationabiles
522 3909 770 4005 respectus,
812 3925 912 3980 suae
953 3899 1232 3980 excellentiae

142 4024 442 4124 complacere,
483 4031 526 4102 et
552 4025 816 4103 honestando
853 4023 893 4100 in
922 4023 1008 4101 hoc
1035 4027 1228 4102 nostrum

141 4144 368 4226 dominium
396 4167 492 4220 cum
520 4141 602 4221 illis
629 4143 791 4234 verbis,
826 4165 931 4246 quae
959 4140 1144 4231 dominio
1171 4145 1229 4224 vi·

140 4267 371 4357 dabuntur,
405 4263 590 4357 dicatur,
630 4267 743 4369 quod
772 4286 968 4366 rogamus
994 4263 1227 4368 praefatum
