3234 5116
223 591 386 670 sionem
429 595 473 668 et
497 591 750 672 eustoffim
790 598 1001 672 terrarum
1044 601 1087 673 'et
1127 594 1321 675 iocorum

223 719 494 799 nostrornm,
534 711 644 792 sicut
684 709 848 790 videbis
888 715 1172 794 necessarium
1209 713 1319 814 iore,

223 831 494 935 procurando
536 853 709 934 semper
734 830 880 911 vivere
914 859 1008 912 cum
1045 835 1162 916 dicto
1193 836 1322 922 domi·

192 1036 195 1044 4
221 975 282 1032 no
306 949 448 1054 desp
465 959 589 1040 oto,
630 958 831 1053 quantum
856 954 947 1033 tibi
989 957 1070 1039 crit
1104 957 1319 1062 possibile,

220 1069 400 1174 pacifice
417 1073 471 1164 ,et
497 1071 654 1172 quiete.
814 1087 823 1102 ·

320 1187 500 1292 Insuper
527 1188 625 1292 qnia
651 1189 906 1292 divulgatur,
935 1195 1050 1295 quod
1067 1201 1216 1295 gentes
1244 1195 1316 1276 do·

139 1353 143 1360 ·
222 1309 320 1388 mini
348 1309 592 1413 despoti
629 1307 879 1390 Rasciae
908 1313 1135 1416 praedicti,
1160 1313 1316 1396 disem-

220 1435 369 1508 rcrunt
409 1425 625 1508 territoria
666 1436 810 1508 nostra
851 1429 904 1508 de
946 1429 1069 1524 inde3
1124 1435 1318 1514 volumus

222 1548 335 1652 quod
363 1549 399 1628 si
427 1548 474 1626 in
497 1548 784 1654 applicatione
812 1557 885 1630 tua
912 1551 954 1628 in
982 1551 1173 1655 partibus
1190 1556 1242 1633 de
1264 1555 1319 1633 in·

220 1669 297 1759 de,·
324 1667 535 1768 invenires
562 1673 712 1769 gentes
736 1667 901 1748 domini
929 1669 1097 1775 despoti
1125 1676 1318 1778 praedio

219 1791 262 1878 tt.
291 1813 375 1873 non
392 1789 632 1872 *discuriase
670 1789 886 1870 territoria
914 1798 1060 1871 nostra
1096 1819 1179 1874 neo
1206 1797 1316 1875 dam·
1408 1858 1410 1868 .

217 1931 316 1991 nunt
343 1907 516 2013 aliquod
543 1909 717 2008 iecisse,
745 1911 941 1990 volumus
970 1911 1088 2014 quod.
1109 1916 1236 1993 vadas
1263 1917 1314 1994 ad

219 2029 500 2136 praesentiam
541 2029 643 2118 dieti
677 2032 836 2112 domini
865 2032 1057 2138 despoti,
1096 2038 1148 2116 ad
1191 2061 1315 2141 expo·

218 2151 401 2234 nendum
456 2154 756 2238 comissiocem
800 2159 986 2234 nostram
1042 2156 1115 2236 tibi
1157 2159 1313 2254 datam,

217 2270 344 2380 p‘rout
368 2277 412 2360 in
427 2274 540 2356 diota
553 2276 865 2395 ⁴commissione
894 2278 1151 2364 continetur.
1179 2279 1315 2379 erari·

216 2399 272 2478 do
302 2403 440 2478 antem
478 2398 524 2478 in
552 2399 837 2501 applicatione
878 2406 947 2480 tua
976 2401 1188 2480 invenires
1218 2424 1313 2501 gen-

218 2517 397 2601 tesdicti
424 2517 582 2598 domini
609 2515 1030 2621 despotidiscurisse
1057 2524 1124 2600 vel
1152 2521 1311 2602 discur-

218 2663 319 2720 rere
344 2639 564 2720 territoria
591 2647 760 2727 nostra,
801 2638 960 2720 debeas
991 2653 1093 2720 cum'
1117 2645 1312 2741 gentibus

217 2761 377 2856 nostris
408 2762 630 2847 attendere
657 2764 707 2841 ad
737 2762 1031 2844 defensionem
1059 2771 1102 2844 et
1130 2765 1309 2845 custodi·

217 2888 533 2962 ant'terrarum
560 2889 604 2960 et
631 2885 824 2962 iocorum
867 2891 1142 2974 nostrorum,
1185 2895 1229 2963 et
1256 2885 1311 2964 ia·
1459 2899 1465 2908 '

179 3027 180 3031 ‘
216 3025 320 3082 cere
333 3001 427 3084 ittae
442 3003 729 3106 provisiones,
753 3028 863 3108 quae
885 3007 1311 3098 eruntneoesseriae‚

218 3144 299 3225 pro
326 3122 556 3202 securitate
585 3123 778 3202 iocorum
807 3126 1124 3226 praedictorum
1152 3133 1197 3204 et
1215 3147 1305 3228 pas·

216 3265 352 3321 snum.
378 3241 430 3322 nt
457 3241 648 3319 volumus
677 3251 814 3322 tamen
845 3245 968 3325 etiam
994 3245 1165 3324 indicto
1197 3268 1308 3332 casn,

181 3360 184 3371 ’
217 3363 330 3466 qnod
359 3387 569 3466 procures
596 3357 756 3444 habere
774 3367 1307 3458 salrosccnductusneces·

216 3483 383 3581 serios,
425 3485 546 3566 etad
574 3487 858 3590 praesentiam
884 3511 999 3566 suam
1041 3490 1104 3566 ire
1139 3483 1306 3580 debeas,

217 3620 311 3684 cum
338 3605 658 3700 nostrisiitteris
685 3609 959 3697 credulitatis,
990 3609 1058 3688 cui
1074 3609 1182 3688 iacta
1210 3608 1306 3684 ami·

217 3723 342 3804 cabiti
382 3733 426 3836 et
461 3725 647 3810 fraterna
687 3731 967 3816 salutatione,
1008 3727 1165 3806 debeas
1205 3751 1306 3808 suae

218 3847 548 3946 magnificentiae
576 3841 723 3929 dicere
750 3860 792 3930 et
812 3873 1045 3953 exponere,
1077 3850 1190 3951 qood
1220 3848 1304 3927 iue-

218 3973 314 4044 runt
348 3969 399 4046 ad
427 3970 710 4072 praesentiam
749 3977 936 4050 nostram
977 3973 1040 4047 soi
1081 3967 1303 4048 ambassia-

216 4095 357 4178 tores,
384 4113 491 4191 quos
519 4088 698 4168 iihenter
725 4090 900 4169 vidimus
929 4097 972 4168 et
998 4089 1219 4190 diiigenter
1247 4089 1300 4166 in·

216 4207 454 4288 tatteximus
472 4211 623 4296 omnia,
645 4211 893 4312 *quaenobis
922 4215 1224 4315 exposuerunt.
1250 4209 1303 4288 Et
