3220 5118
330 467 334 478 1

325 623 394 676 um
422 593 633 678 liictcrtlrit
661 603 907 674 nostrorum
933 579 1131 685 lirieiium,
1159 610 1257 678 cum
1285 611 1418 676 stora-

324 721 466 798 ineuto
495 718 774 805 timuerimus,
812 717 926 820 quod
954 723 1074 799 certe
1102 717 1278 810 lecimus
1306 717 1420 798 incli-

324 839 409 919 nati
440 835 740 944 supplicationi
786 837 997 918 dictorum
1040 846 1283 920 nostrorum
1324 835 1421 916 lide·

326 957 450 1050 liuln,
493 967 536 1038 ct
563 980 647 1039 non
688 984 768 1064 pro
815 954 1043 1040 ambitione
1084 955 1285 1046 dominii.
1325 983 1420 1036 nee·

323 1087 402 1184 prb
443 1080 625 1167 utilitate
667 1079 876 1160 dictorum
918 1079 1142 1174 locorum,
1194 1085 1325 1184 prout
1365 1101 1420 1155 ex

324 1200 622 1312 suprascriptis
675 1207 719 1278 et
766 1199 857 1280 aliis
911 1200 1063 1282 debitis
1119 1199 1421 1281 consideratio-

324 1319 446 1399 nibus
473 1341 573 1398 suae
600 1317 933 1418 magnificentiae
949 1325 1094 1424 potest
1120 1327 1319 1400 constare
1344 1317 1421 1398 cla·

326 1440 502 1518 rissimc.
527 1423 614 1516 Nec
643 1439 950 1518 meditabamur
964 1437 1121 1517 hubitis
1148 1439 1302 1518 debitis
1326 1451 1422 1519 con·

211 1575 214 1590 ·
292 1560 654 1642 ·siderationibus
694 1559 745 1638 al
785 1559 1042 1665 praemissa,
1084 1569 1127 1640 et
1152 1558 1292 1665 posito
1336 1558 1422 1638 dill-

322 1678 437 1778 'geutl
464 1687 664 1782 respectu
692 1679 744 1756 ad
772 1677 1014 1759 excessivos
1043 1696 1276 1784 expensas,
1316 1699 1419 1782 quas

324 1797 502 1880 lecimus
529 1816 609 1903 pro
638 1799 760 1880 dictis
789 1799 907 1898 locis,
926 1799 1274 1900 magnificentiam
1303 1814 1421 1877 suam

324 1909 482 1999 debere
510 1919 656 2000 dicere
673 1919 943 2023 quidcunque
970 1921 1235 2024 superinde,
1265 1933 1420 2022 ponen-

323 2042 379 2119 do
415 2043 667 2144 pracsertim
708 2041 966 2142 diligentiam
994 2042 1044 2120 ad
1072 2068 1150 2136 ea,
1192 2057 1301 2145 quac
1327 2053 1420 2146 pos-

323 2167 419 2239 aaut
446 2161 485 2240 ei
512 2161 605 2240 lieri
631 2181 712 2266 per
736 2169 925 2242 nostrum
943 2164 1187 2252 dominium,
1216 2167 1261 2241 et
1287 2161 1339 2244 ad
1367 2167 1423 2241 te

324 2298 449 2364 narem
478 2283 766 2366 consutionem
801 2285 1012 2366 dictorum
1053 2286 1275 2373 locorum,
1315 2305 1422 2386 quae

323 2407 389 2482 est
414 2401 537 2481 valde
577 2423 719 2507 parva.
772 2405 826 2486 llt
864 2413 1096 2515 propterea
1139 2403 1422 2486 consideratis

323 2527 656 2620 considerandis,
683 2518 1036 2628 magnificentiam
1063 2537 1208 2618 suam,
1236 2523 1306 2605 cui
1335 2544 1422 2603 cer⁶

324 2657 366 2729 te
393 2650 561 2730 sincere
590 2647 809 2734 allicimur,
839 2651 882 2726 et
911 2653 1020 2750 quae
1048 2671 1144 2724 cum
1166 2663 1268 2725 vern
1295 2643 1419 2724 illior-

323 2771 506 2852 mctione
533 2787 885 2872 quorumcunque
900 2765 1014 2846 ridet
1027 2765 1294 2848 iustissimam
1330 2779 1421 2844 cau·

324 2909 415 2974 sam
443 2894 653 2978 nostram,
686 2889 917 2969 affectuose
945 2899 1174 2989 rogamus,
1215 2885 1421 2989 quatenus

320 3015 568 3120 praeposita
597 3009 769 3114 antiqua
809 3017 853 3089 et
880 3019 1081 3091 consueta
1109 3007 1327 3089 amicabili
1355 3008 1422 3084 be·

324 3129 564 3224 bibolenus,
591 3130 715 3210 solita
742 3152 914 3233 semper
941 3135 987 3208 ut
1007 3128 1224 3233 perfertur
1239 3149 1336 3206 esse
1363 3127 1417 3203 in·

322 3255 507 3335 tercius
541 3251 787 3351 magnificos
823 3249 1151 3355 progenitores,
1191 3233 1315 3328 suam*
1337 3258 1417 3326 ma·

324 3373 607 3477 guibrentium
650 3379 694 3450 et
720 3377 910 3448 nostrum
952 3367 1214 3457 dominium,
1256 3367 1420 3472 placeat

323 3513 406 3576 nou
449 3495 703 3598 equiparare
745 3495 877 3596 ipsam
919 3499 1108 3572 mrrtuam
1150 3489 1419 3570 dilectionem

323 3617 432 3699 iuter
458 3619 601 3721 partes
629 3617 897 3702 existentem,
924 3610 1120 3717 parvitati
1149 3609 1422 3691 considerati·

325 3739 418 3819 unis
458 3735 670 3818 uictorum
700 3737 922 3824 locorum,
967 3741 1010 3814 et
1037 3731 1259 3838 suscipere
1289 3729 1420 3809 consi»

323 3857 481 3937 (ieratis
508 3857 808 3963 suprascriptis
824 3860 866 3932 et
892 3853 983 3932 aliis
1011 3853 1214 3957 pluribus,
1230 3869 1339 3955 quae
1360 3875 1423 3928 ve·

324 3979 443 4056 ciunt
470 3973 800 4070 consideranda,
828 3975 940 4056 bano
967 3981 1154 4055 nostram
1184 3974 1423 4078 responsio·

324 4109 420 4176 nem
456 4095 536 4203 pro
565 4101 744 4202 accepta
785 4105 836 4176 et¹
855 4094 964 4174 belle
993 4097 1139 4195 grata,
1184 4105 1229 4174 ut
1255 4095 1421 4173 intimus

324 4227 367 4300 et
394 4220 578 4324 optimus
604 4219 765 4297 amicus
807 4223 851 4296 et
877 4216 1097 4298 benivolus
1126 4201 1263 4296 nostri
1291 4213 1420 4296 domi·
