3192 5112
322 579 662 668 mousom·
677 577 1051 684 neno-superinde
1078 561 1247 662 litterar
1264 564 1423 688 sperti-

282 717 286 728 '
330 701 404 785 tos.
431 701 648 807 Eteporet
671 701 856 794 indubie,
884 703 997 806 quod
1025 701 1274 785 reformabit
1300 711 1424 806 duee·

332 843 501 926 dunque
540 821 725 902 indebite
765 823 875 904 trote
913 819 1079 914 turoni·⁹
1115 821 1170 902 st.
1194 823 1308 928 qnod
1334 826 1426 927 ipse

331 943 458 1026 etiem
486 962 547 1022 ex·
568 951 687 1048 porte
714 967 790 1023 suo
814 934 1326 1052 disponetur‚'oum‘ipso
1354 945 1425 1050 irn-

329 1067 531 1168 peratore
557 1061 703 1156 vivero
731 1061 1009 1144 mtosbuttsr
1036 1071 1081 1144 et
1109 1061 1267 1169 quiete.

433 1253 499 1334 Ad
525 1253 561 1332 X
599 1255 903 1359 oepituium,
937 1253 991 1332 de
1018 1235 1171 1342 domno
1200 1258 1317 1346 iiieto
1345 1260 1426 1336 Ve·
1509 1291 1517 1306 ¹

331 1379 444 1454 sero
460 1374 676 1452 uostro'iu
703 1369 906 1476 pertibus·
930 1375 1134 1454 Avoiono.
1187 1371 1428 1481 Responde·

334 1500 417 1581 tur,·
443 1493 732 1598 qnodduoniis
759 1493 992 1573 dominatio
1019 1495 1274 1596 regratiatur
1302 1496 1427 1600 impe·

334 1615 495 1699 rttnrio
521 1617 737 1716 maiestati,
765 1615 818 1694 do
834 1617 944 1696 bons
974 1618 1184 1696 voluntate
1215 1639 1342 1721 quom
1360 1618 1424 1696 os'·

335 1737 466 1816 tondit
492 1757 597 1837 erge
625 1739 943 1816 ombnxntorem
970 1747 1105 1827 suum,
1133 1743 1215 1817 tour
1243 1739 1285 1818 in
1312 1733 1426 1816 sotis·

335 1856 518 1938 notione
534 1859 779 1937 domnorum
794 1857 946 1937 oiviunr
970 1878 1157 1954 suornm,
1185 1883 1307 1962 quom
1336 1857 1427 1938 eiiis

332 1979 928 2082 perdiotunrnnrbnxetorom
957 1977 1174 2084 expositis,
1203 1989 1246 2060 et
1272 1973 1428 2085 specie·

331 2101 433 2180 itter
458 2100 512 2178 de
539 2127 607 2194 eo,
635 2102 750 2204 quod
777 2127 890 2184 nuno
918 2103 1043 2181 oiibrt
1071 2099 1112 2180 in
1139 2095 1428 2182 satisfactione

332 2219 472 2300 domni
499 2221 715 2324 praedicti,
752 2221 785 2300 si
822 2223 1058 2327 reperiatur
1091 2221 1260 2303 Veneto
1294 2215 1429 2301 'iuisse

334 2339 503 2422 iiintum.
551 2341 605 2420 ut
631 2343 725 2446 quio
753 2343 843 2446 ipso
872 2343 1031 2425 ducetis
1050 2341 1305 2436 dominatio,
1341 2339 1429 2422 diii·

335 2463 449 2566 genti
489 2461 758 2566 inquisitione
804 2461 958 2552 nubite,
987 2464 1150 2570 reperit
1197 2461 1430 2550 manifeste.

336 2583 450 2686 quod
479 2581 602 2682 bone,
631 2586 685 2664 de
714 2581 862 2688 quibus
890 2585 1025 2686 egitur
1052 2587 1223 2686 mentio,
1261 2585 1448 2664 fuerunt·

334 2705 501 2792 Veneti,
527 2704 625 2784 ideo
655 2713 780 2807 roget
795 2715 837 2786 et
851 2701 1031 2812 requirit
1051 2707 1254 2806 instanter
1268 2705 1429 2806 regium

335 2827 618 2925 maiestatem,
658 2834 865 2932 quotenus
902 2830 1069 2932 pisoeot
1108 2824 1190 2908 sibi
1225 2829 1278 2906 de
1316 2827 1430 2906 setis

336 2943 519 3026 iootione
545 2943 645 3026 dioti
672 2945 822 3038 domni,
841 2947 980 3028 iecere
1008 2947 1118 3028 siout
1144 2952 1286 3054 speret
1306 2946 1430 3026 effen·

336 3067 522 3148 tutniiter
550 3068 781 3173 provideri.
897 3147 901 3154 ,

439 3241 505 3320 Ad
529 3241 589 3321 xl
617 3241 919 3345 oapituiunr,
947 3241 1189 3345 dspignorn
1210 3239 1303 3320 dete
1332 3262 1430 3319 oon·

336 3371 402 3444 tr·
430 3363 624 3442 homines
648 3361 793 3452 Buxio,
821 3361 872 3440 ed
900 3361 1151 3464 petitionem
1184 3355 1250 3440 δι’.
1277 3357 1430 3439 dnoobi

336 3483 496 3563 iioieni.
537 3481 986 3588 Respondetunquod
1017 3481 1164 3562 drroeie
1187 3481 1430 3570 dominium,

340 3607 515 3710 eopiens
543 3603 733 3684 srrbditos
760 3604 906 3704 regios
933 3627 987 3681 ne
1016 3605 1112 3682 dum
1143 3609 1292 3684 oontrn
1314 3593 1432 3702 justi·

337 3726 436 3807 tiern
474 3745 731 3825 aggravere,
757 3727 833 3806 sod
863 3725 1005 3828 potius
1045 3723 1204 3804 eisdem
1232 3724 1448 3802 desistere·

338 3845 564 3926 tenoribus·
581 3843 1039 3946 gratiosisoxnminori
1067 3843 1280 3936 mendshit
1306 3862 1432 3944 nego·

338 3967 440 4046 tium
468 3965 646 4072 pignore
673 3965 953 4073 suprediotoe.
988 3963 1041 4044 Et
1066 3961 1166 4042 iiiud
1192 3962 1308 4064 quod
1335 3980 1432 4039 exet

338 4091 453 4168 otum
481 4091 559 4166 eet.
598 4084 648 4166 Bi
672 4085 711 4164 si
738 4085 988 4183 inuenietur,
1018 4082 1132 4186 q'uod
1167 4083 1359 4186 pignum
1379 4081 1434 4159 eit

339 4207 491 4301 notite,
507 4209 743 4312 superinde
768 4203 1058 4312 providebitur
1084 4205 1154 4307 ite,
1172 4199 1434 4308 quod-subti-
