3186 5112
360 361 425 446 tte

238 673 239 676 Ν
361 587 414 664 de
442 587 489 664 la
517 585 821 670 Xaboiana,
862 587 1033 665 donec
1058 587 1234 671 Baiae
1260 585 1445 665 veniet

362 708 399 784 V
413 731 438 784 e
453 733 479 783 n
495 731 518 784 e
534 713 549 784 t
564 707 576 782 i
592 733 615 785 a
631 733 662 797 s,
702 708 752 785 ad
778 705 1006 812 petendum
1044 709 1218 807 gratiam
1245 733 1268 787 a
1296 715 1443 786 nostro

361 826 569 917 dominio,
611 828 681 927 qui
709 829 819 906 sicut
846 833 991 906 notum
1019 835 1194 906 estnon
1221 828 1361 916 venit,
1401 835 1444 903 et

362 953 475 1026 tenet
504 953 547 1025 et
572 948 761 1052 possidet
797 949 951 1029 dietam
988 957 1222 1028 contratam
1250 955 1292 1026 et
1319 947 1445 1026 etiam

362 1091 551 1168 magnam
577 1076 737 1171 partem
767 1071 994 1150 confinium
1022 1069 1193 1150 aliarum
1235 1073 1444 1146 terrarum

360 1199 627 1286 nostrarum,
666 1215 760 1267 cum
800 1190 982 1267 maximo
1024 1190 1174 1268 damno
1202 1197 1446 1268 nostrorum

287 1371 292 1380 .
356 1309 510 1408 jurium
546 1315 588 1386 et
614 1317 821 1388 terrarum
861 1316 1100 1388 nostrarum
1141 1309 1192 1385 de
1232 1310 1343 1390 inde.
1395 1307 1449 1388 Et

362 1455 456 1506 eum
485 1429 575 1509 istis
602 1428 747 1508 diebus
782 1429 936 1532 elapsis
965 1429 1093 1507 fuerit
1127 1429 1375 1532 praticatum
1406 1439 1446 1510 et

363 1551 497 1628 omnis
538 1551 755 1653 possibilis
776 1527 1045 1653 experientia
1086 1549 1219 1638 facta,
1261 1575 1337 1652 per
1376 1576 1448 1628 ser

363 1671 592 1750 Robertum
622 1674 880 1750 Mauroceno
908 1677 951 1748 et
979 1694 1052 1748 ser
1063 1669 1273 1749 iacobum
1289 1671 1342 1749 de
1358 1671 1449 1775 Rip·

227 1877 228 1884 Ν
361 1818 415 1896 pa
442 1793 642 1892 militem,
685 1794 757 1895 qui
785 1794 837 1870 de
865 1798 1009 1870 nostro
1049 1791 1242 1871 mandato
1283 1795 1450 1870 iverunt

363 1911 414 1990 ad
444 1913 596 1991 dictam
626 1913 834 1992 dominam
862 1911 1116 2002 Elenam,
1143 1923 1188 1991 ut
1215 1917 1326 1990 esset
1353 1937 1452 1992 eon·

277 2059 279 2062 ·
363 2037 502 2122 tenta,
539 2036 650 2136 quod
678 2039 764 2114 tota
790 2033 1066 2112 Xaboiana
1093 2039 1339 2112 remaneret
1358 2058 1452 2112 nos·
1583 2041 1585 2050 ⁴

364 2161 433 2231 tro
463 2156 666 2244 dominio,
695 2179 789 2232 cum
825 2163 951 2234 tota
978 2153 1147 2258 rippa
1187 2153 1451 2233 Boianae

366 2279 764 2378 apartesaneti
797 2275 1155 2356 Nicolaicum
1183 2301 1260 2353 suo
1288 2299 1453 2352 mona·

364 2397 564 2475 sterio
593 2400 793 2478 saneti
828 2395 1226 2499 Nicolaiusque
1255 2389 1452 2476 Scuta-

208 2531 211 2541 “
366 2505 1455 2616 rum,etsanctaMariadefloteaoei

366 2633 734 2716 iortilicium
765 2637 1298 2716 Cetestrinefsimiiiter
1324 2661 1456 2715 rema-

366 2762 488 2832 neret
514 2764 661 2836 nostro
691 2758 904 2856 dominio,
946 2769 988 2836 et
1016 2753 1071 2836 ob
1099 2759 1185 2836 hoc
1212 2765 1356 2837 nostra
1383 2757 1454 2835 do-

367 2876 540 2957 minatio
569 2879 689 2957 daret
715 2881 827 2959 dieto
856 2879 1070 2958 Balsae
1098 2877 1328 2958 Buduam
1358 2903 1455 2956 cum

366 2997 451 3074 suis
490 3001 753 3102 pertinentiis
791 3009 833 3079 et
871 2999 1013 3078 salinis
1042 3009 1084 3077 et
1112 3003 1360 3079 ducatorum
1388 2993 1455 3072 ·ll·

366 3117 481 3195 mille
507 3119 549 3194 in
577 3143 714 3212 anno,
756 3121 985 3198 secundum
1013 3128 1177 3217 partem
1218 3127 1383 3223 captam
1412 3119 1452 3194 in

272 3315 277 3322 ,
367 3237 451 3315 hoc
480 3239 671 3336 consilio,
703 3248 744 3319 et
771 3249 1077 3320 remaneat
1102 3239 1207 3319 sibi
1235 3239 1452 3338 Craynaz

368 3357 419 3434 de
448 3363 532 3459 q'uo
559 3360 720 3462 prefata
752 3363 992 3442 domina
1032 3361 1216 3440 Elena
1255 3385 1340 3438 non
1378 3357 1456 3434 fuit

367 3484 574 3558 contenta.
622 3479 674 3558 Et
716 3483 873 3560 bonum
916 3492 959 3561 et
1000 3484 1110 3590 utile
1141 3484 1195 3560 sit·
1227 3505 1311 3559 non
1352 3479 1455 3556 dare

368 3627 533 3680 causam
562 3603 676 3706 quod
704 3604 878 3683 recedat
905 3607 943 3682 in
974 3607 1185 3684 discordia
1214 3602 1384 3691 anobis,
1413 3607 1457 3678 ut

366 3747 450 3802 non
484 3731 738 3826 procuraret
779 3753 874 3804 eum
903 3727 1035 3810 fratre
1076 3751 1154 3804 suo
1184 3731 1227 3803 et
1254 3724 1344 3804 aliis
1371 3724 1456 3800 suis

368 3844 512 3921 amicis
528 3845 568 3920 in
586 3843 841 3925 notificando
870 3845 1058 3944 Turch0,
1073 3845 1204 3954 'quod
1231 3869 1316 3922 non
1343 3846 1457 3921 esset

368 3963 408 4040 in
449 3987 555 4066 pace
597 3963 842 4056 nobiscum,
883 3990 963 4069 pro
1004 3964 1262 4043 destruendo
1302 3986 1453 4069 pacem

367 4083 612 4186 predictam:
640 4086 764 4164 Vadit
789 4109 900 4191 pars:
928 4089 1042 4188 quod
1069 4085 1286 4165 mittantur
1300 4085 1352 4164 ad
1369 4085 1451 4162 dic-

368 4211 450 4280 tam
480 4205 690 4284 dominam
716 4207 888 4286 Eienam
904 4208 1006 4287 dicti
1023 4233 1094 4285 ser
1107 4203 1317 4286 Robertus
1344 4205 1457 4283 Mau·

366 4347 530 4406 rodeno
558 4337 601 4407 et
636 4351 707 4406 ser
745 4325 935 4452 Jacobua
975 4331 1028 4410 de
1056 4327 1187 4434 Bippa
1213 4327 1361 4417 miles,
1400 4327 1452 4406 ad
