3212 5116
1203 405 1266 469 m

170 609 438 711 proscripto,
476 633 526 688 uc
556 607 681 710 etiem
708 607 994 710 promiserunt
1030 609 1178 686 eidem·
1196 611 1264 696 do·

172 730 285 808 mino
313 727 495 806 dirraxes
524 728 751 806 castellano
792 727 1015 831 praedicto
1044 731 1266 834 recipienti

170 851 266 928 vice
295 849 548 927 et-nomine
590 845 690 926 dieti
728 845 885 924 domini
924 848 1192 952 imperatoris
1225 857 1267 928 et

175 976 266 1071 ejus
296 970 378 1060 ulit,
405 969 566 1050 dictumv
589 967 895 1048 restitutionem
930 967 1031 1048 dicti
1059 969 1184 1047 castri
1211 971 1267 1048 fs·

172 1117 273 1172 cere
302 1092 437 1170 eidem
468 1090 643 1170 domiuo
672 1091 920 1192 imperatori
961 1115 1035 1167 seu
1064 1094 1154 1190 ejus
1183 1091 1266 1170 iiiio
1343 1111 1347 1124 ·
1435 1111 1443 1120 ·

173 1210 522 1312 quandocumque
563 1208 643 1286 sibi
671 1209 903 1310 placuerit,
946 1215 990 1288 ut
1017 1210 1266 1310 promissum

172 1341 251 1412 est.
305 1331 357 1410 Et
384 1331 434 1408 od
463 1329 862 1410 corroborationem
900 1328 1012 1409 dicte
1039 1333 1266 1410 restitutio·

172 1451 249 1543 nis,
280 1459 322 1528 et
335 1474 415 1552 pro
444 1449 535 1552 ipsa
564 1451 832 1528 restitutione
862 1449 1039 1530 tirmiter
1068 1451 1267 1538 faciendo,

173 1577 217 1648 ut
231 1569 486 1672 promissum
516 1577 594 1660 est,
620 1570 701 1674 ipsi
729 1571 885 1646 domini
914 1570 1134 1672 capitanei,
1172 1595 1266 1648 cou-

174 1688 340 1786 siiiurii,
371 1713 516 1768 comes
545 1699 586 1770 et
613 1689 858 1793 provisores
895 1689 1076 1790 predicti
1106 1689 1268 1766 nomi·

172 1833 237 1886 ne
276 1811 710 1890 dominationis
739 1819 781 1887 et
809 1809 1000 1888 comunis
1028 1811 1267 1890 Venetis·

174 1954 267 2006 rum
296 1929 957 2032 corporaliterJuraverunt
984 1929 1048 2006 ad
1075 1937 1268 2007 saneta

173 2051 251 2129 Dei
280 2050 509 2150 evangelie,
537 2053 659 2130 tectis
687 2050 920 2153 scripturis,
936 2049 1071 2128 eidem
1095 2050 1267 2127 domino

171 2171 356 2248 duraxes
380 2171 573 2272 predicto
602 2172 845 2258 castellano,
873 2173 1040 2256 nomine
1069 2170 1167 2247 dicti
1199 2170 1268 2247 do·

173 2291 273 2370 mini
301 2291 569 2388 imperatoris
589 2313 684 2402 ¹seu
712 2293 802 2389 ejus
833 2289 920 2378 iiiii,
948 2289 1103 2368 dictum
1132 2311 1266 2368 secre-

173 2420 360 2491 mentum
378 2411 539 2516 petenti
562 2415 604 2489 et
632 2411 854 2515 recipienti
877 2411 1030 2490 dictam
1058 2409 1266 2514 prontissi-

174 2557 300 2612 onem
329 2545 370 2612 et
412 2531 722 2611 restitutionem
751 2532 851 2611 dieti
881 2535 1006 2612 castri
1047 2534 1267 2613 Scordo'ne

175 2653 309 2732 iibere
347 2637 516 2738 facere,
544 2659 590 2730 ut
616 2654 812 2758 superius
854 2653 1009 2732 dictum
1039 2661 1126 2742 est,
1153 2651 1267 2730 dicto

177 2773 351 2852 domino
386 2774 631 2876 imperatori
658 2774 724 2850 vei
752 2778 841 2871 eJ'us
868 2772 971 2851 lilio.

276 2896 369 2995 Ego
401 2893 658 2974 Lonzorotus
675 2895 737 2974 de
768 2895 1002 2974 Contrariis
1031 2901 1113 2972 eto.

762 3015 1006 3081 Commemor.
1029 3013 1071 3078 V.
1095 3015 1150 3079 ch.
1174 3015 1226 3078 ts.

179 3116 400 3216 CXVII·
430 3139 539 3214 1356.
566 3136 766 3215 indict.
796 3135 867 3214 iX.
897 3141 957 3214 10.
991 3133 1268 3213 donuarii

521 3254 918 3336 inSoardono.

175 3401 296 3458 Πιοιο
339 3410 460 3485 κοπιῶ)
487 3399 668 3457 Mrerunisu
705 3401 844 3459 odebero
880 3415 1063 3474 necrerany
1098 3400 1266 3470 cuperus·

177 3521 288 3562 eroso
313 3501 400 3574 lopo
426 3505 554 3580 licere,
577 3521 614 3574 pa
638 3505 718 3578 hesy
746 3521 784 3562 ce
808 3521 845 3562 oa
869 3505 952 3561 nero
978 3515 1182 3573 noncupans,
1208 3515 1267 3556 aro

185 3685 187 3690 Ι
260 3606 311 3665 tiu
334 3603 482 3682 opoentt
508 3623 597 3681 ηψπ
622 3625 684 3666 suu
709 3611 842 3666 curcur»
867 3624 956 3666 euos
971 3617 1180 3675 neropooanc

479 3710 586 3770 soors
622 3729 749 3788 operes
783 3713 970 3786 Cnpepnne.

178 3832 508 3910 instrumentum
523 3833 820 3932 promissionis
835 3833 947 3910 facte
963 3828 1189 3906 castellano
1207 3852 1269 3910 ea·

200 3950 277 4028 stri
309 3948 513 4026 Scordo
526 3977 587 4027 ne
613 3977 693 4054 pro
710 3951 939 4031 traditione
957 3949 1085 4049 ipsius
1103 3949 1243 4034 castri.

280 4087 329 4166 ln
359 4085 516 4167 Christi
542 4091 725 4166 nornine.
755 4093 902 4169 Amen.
937 4089 1057 4166 Anno
1086 4085 1266 4165 nativita-

180 4208 232 4289 tis
262 4207 450 4308 ejusdem
479 4207 701 4290 millesimo
731 4205 1032 4288 trecentesimo
1073 4207 1267 4308 quinquu-
