3192 5112
300 375 374 470 aaa

311 605 513 686 expresse
541 581 802 660 comissimus
817 581 1074 662 ambaxatori
1089 593 1252 676 nostro,
1273 609 1396 690 quem

310 701 443 806 pridie
471 702 655 780 misimus
683 702 733 780 ad
762 702 974 782 dominum
1016 727 1159 804 regem
1198 713 1240 784 et
1267 705 1396 811 impe·

310 833 493 898 ratorem
524 823 798 927 praedictum,
828 823 941 925 quod
969 823 1138 924 omnino
1167 825 1398 930 daretope·

311 967 397 1018 ram
426 967 520 1018 cum
535 943 700 1034 effectu,
729 946 777 1021 ad
807 945 1120 1046 procurandum
1150 954 1193 1024 et
1221 953 1397 1026 tractan-

309 1063 432 1149 dum,
462 1063 573 1165 quod
611 1087 744 1151 amor,
781 1063 1065 1140 benivolentia
1094 1073 1136 1142 et
1165 1067 1397 1146 concordia

309 1183 608 1262 confirmentur
636 1184 745 1262 inter
772 1208 889 1260 suam
905 1186 1164 1280 majestatem
1193 1193 1235 1262 et
1261 1188 1397 1290 ipsum
1481 1271 1483 1286 ,

308 1303 520 1382 dominum
547 1303 711 1394 banum,
739 1306 872 1384 etsie
900 1305 1226 1407 procurabimus
1262 1305 1396 1386 modis

309 1425 528 1516 omnibus,
569 1433 714 1505 nostro
745 1451 886 1526 posse,
919 1431 1112 1529 tempore
1148 1433 1396 1529 sequuturo.

307 1542 371 1626 Ad
398 1544 677 1622 secundum
707 1567 809 1620 vero
838 1545 878 1620 in
908 1567 991 1644 quo
1022 1547 1261 1648 exponitur,
1277 1549 1329 1626 de
1347 1549 1397 1624 ia·

309 1667 484 1744 borerio
528 1668 815 1746 construendo
855 1673 897 1744 et
933 1667 986 1744 de
1024 1667 1397 1768 requisitioneau·

307 1785 397 1864 xiiii
425 1791 466 1865 et
492 1785 653 1865 favoris
681 1787 761 1864 sibi
791 1785 1031 1876 exhibendi,
1059 1786 1098 1864 in
1132 1811 1232 1864 casu
1254 1795 1296 1864 et
1318 1797 1396 1866 cet

306 1906 451 1986 habito
481 1916 692 2008 respectu,
733 1909 845 2008 quod
881 1907 1097 2012 praecisse
1134 1932 1219 1986 non
1255 1917 1400 2011 potest

306 2025 403 2114 dici,
432 2028 547 2130 quod
574 2028 746 2106 desistat
774 2051 796 2102 a
827 2028 1148 2106 constructione
1189 2025 1397 2130 praedicti

308 2147 535 2246 laborerii,
573 2173 668 2227 curn
696 2150 817 2228 locus
846 2149 886 2224 in
916 2175 1001 2250 quo
1033 2147 1133 2226 dicit
1159 2149 1272 2226 velie
1301 2173 1398 2228 con·

306 2269 409 2348 strui
446 2269 588 2350 facere
624 2271 676 2346 sit
711 2294 833 2360 suus,
862 2277 903 2348 et
931 2291 1008 2371 per
1046 2291 1311 2369 consequens
1347 2268 1396 2346 ad
1452 2312 1455 2323 ·

307 2389 585 2468 adhibendum
628 2414 879 2469 consensum
907 2387 1124 2494 precisse,
1160 2389 1274 2496 quod
1315 2389 1399 2481 iiat,

306 2519 455 2611 posset
481 2512 522 2588 in
550 2510 743 2588 damnum
778 2513 949 2593 reverti.
978 2508 1217 2613 periculum
1246 2517 1290 2588 et
1309 2515 1395 2610 jao·

308 2643 440 2712 turam
481 2655 559 2735 pro
597 2637 705 2712 statu
741 2639 785 2708 et.
821 2633 1150 2710 conservatione
1187 2635 1397 2708 terrarum

307 2760 349 2832 et
376 2753 570 2832 iocorum
598 2761 841 2831 nostrorum
872 2751 1135 2830 sclavoniae.
1164 2751 1217 2830 ut
1230 2775 1310 2854 pro
1324 2775 1400 2846 no·

308 2873 371 2952 bis
413 2873 536 2952 iaciat
575 2874 615 2951 in
656 2873 743 2952 hoc
782 2872 859 2950 sub
914 2873 1091 2950 silencio
1145 2872 1396 2976 praeterire.

163 2983 172 3004 '
306 2990 639 3095 Respondentur,
655 2995 769 3095 quod
797 3017 876 3098 pro
894 3018 960 3084 eo,
978 2995 1094 3096 quod
1109 2992 1302 3072 dominus
1317 3017 1395 3072 rex

307 3122 351 3192 et
383 3115 615 3216 imperator
655 3114 867 3219 praefatus
906 3114 1014 3192 forte
1052 3115 1183 3192 vellet
1218 3114 1395 3205 diceret,

306 3237 437 3337 quod'
459 3236 592 3341 iocus,
623 3236 662 3313 in
692 3261 775 3338 quo
805 3235 896 3340 ipse
924 3235 1116 3313 dominus
1152 3237 1282 3313 banus
1308 3235 1396 3313 vuit

306 3355 421 3458 quod
447 3358 709 3461 praedictum
745 3356 1002 3436 laborerium
1031 3362 1313 3444 construatur,
1342 3357 1396 3434 sit

305 3504 404 3556 suus
433 3485 475 3557 et
501 3480 566 3556 sui
586 3479 708 3578 juris,
733 3488 779 3566 ,et
805 3479 892 3558 hoc
919 3487 1069 3581 posset
1105 3479 1312 3581 impedire
1342 3475 1394 3554 ei·

307 3601 466 3680 iactum
495 3605 697 3678 tractatus
728 3598 986 3680 concordiae
1015 3606 1058 3676 et
1086 3600 1254 3692 amoris,
1270 3623 1394 3701 quem

305 3718 462 3798 iirmari
490 3719 704 3798 desiderat
731 3727 774 3798 et
801 3720 972 3798 tractari
1001 3743 1096 3797 cum
1124 3718 1294 3796 domino
1323 3717 1395 3794 im·

306 3851 506 3948 peratore
534 3841 748 3945 praefato;
775 3841 942 3920 videtur
970 3842 1095 3920 nobis
1124 3839 1219 3918 iore
1247 3839 1395 3918 meiius

307 3971 349 4042 et
375 3967 508 4067 magis
538 3989 770 4066 congruum
796 3987 876 4068 pro
902 3962 1068 4043 honore
1097 3965 1185 4062 ejus
1215 3971 1258 4041 et
1285 3986 1396 4042 com·

307 4084 464 4171 modo,
502 4085 613 4186 quod
654 4109 783 4188 super
811 4085 895 4166 hoc
922 4081 1276 4186 supersedeatur,
1316 4105 1396 4160 uec

306 4231 387 4313 pro
425 4205 551 4284 modo
590 4204 659 4301 fiat
693 4206 858 4286 novitas
895 4205 1032 4308 aliqua
1069 4202 1304 4308 superinde.
1346 4200 1398 4280 iit
