3212 5116
1205 413 1273 487 w

188 655 271 714 nro:
300 635 350 712 nd
377 636 552 738 primam
593 642 779 738 partem,
819 633 872 711 de
898 629 1111 734 poeeendo
1138 637 1272 708 extre·

188 755 374 832 herede
415 754 605 834 Venetiie
633 779 709 832 seu
750 752 802 830 de
836 753 937 830 oiiio¹
967 749 1156 855 partibus
1197 772 1274 852 per

190 873 402 953 civitatem
430 882 630 962 nostram,
658 874 794 951 libere
811 881 926 952 certe
956 893 1069 949 armo
1096 871 1176 949 sibi
1203 895 1272 946 ne·

187 995 384 1080 cessaria,
410 1018 488 1097 pro
519 993 640 1070 foetis
667 992 763 1080 suis3
792 991 905 1094 quod
947 989 1126 1067 libenter
1162 1009 1271 1066 oom-
1326 1093 1330 1100 μ

20 1199 22 1234 ‚
107 1209 110 1214 ¹
190 1117 457 1219 placeremus
485 1113 690 1213 majestati
730 1137 830 1190 eune
857 1115 897 1190 in
939 1111 1101 1191 eunctis
1141 1111 1271 1208 possi·

100 1323 103 1326 ,
187 1233 352 1324 bilibus,
379 1232 452 1311 sed
483 1235 627 1312 civitas
666 1240 812 1311 nostra
842 1243 904 1310 eet
933 1230 986 1307 ite
1015 1229 1273 1310 conditione·

186 1362 239 1447 te,
267 1356 462 1456 darioque
491 1353 661 1430 ordines
691 1351 823 1428 nostri
854 1349 977 1451 ligati,
1014 1353 1128 1451 qtiod
1156 1351 1271 1428 nutto

188 1475 315 1552 rnodo
345 1473 428 1555 hoe
457 1473 599 1550 faeere.
625 1471 823 1558 relernus3
850 1476 893 1546 et
920 1479 1164 1573 propterea¹
1183 1470 1272 1572 ipse

20 1591 22 1612 '
133 1641 136 1646 ·
186 1593 392 1672 solvendo
409 1591 518 1666 datia
544 1591 677 1667 nostri
706 1592 908 1678 comunin
936 1599 1077 1691 potest
1105 1589 1189 1667 hoo
1218 1589 1271 1664 ie·

187 1737 289 1792 cere
319 1715 369 1791 ad
411 1709 722 1813 beneplacitum
763 1735 892 1789 suurn.
949 1707 1034 1788 Uno
1077 1730 1272 1808 rogamus

185 1856 303 1910 soom
332 1833 625 1910 exceltentiam
653 1831 779 1932 ‚quod
808 1843 891 1909 non
929 1839 1126 1930 gravetur
1153 1828 1185 1906 si
1214 1828 1269 1931 ip·

185 1977 260 2030 sos
287 1961 459 2030 nostros
490 1949 659 2029 ordines
681 1950 908 2048 infringere
937 1973 1022 2027 non
1050 1949 1248 2026 velemus.

288 2073 353 2150 Ad
381 2072 503 2148 aliem
530 2078 706 2174 portem,
733 2072 786 2148 de
807 2055 1016 2173 ponoendo
1047 2067 1271 2148 extrahere

185 2194 328 2293 galeae
354 2217 475 2281 enee,
517 2217 618 2294 ques
660 2192 789 2270 habet
816 2196 856 2270 in
885 2199 1034 2270 nostro
1063 2197 1271 2280 erronem,

185 2321 230 2391 et
243 2313 489 2394 conducere
518 2313 568 2390 ad
591 2316 685 2394 loco
712 2339 800 2406 sua,
829 2314 1131 2418 respondemus
1160 2309 1271 2414 qood

188 2436 241 2512 de
269 2437 356 2514 hoo
383 2460 525 2512 sumus
554 2435 674 2512 valdo
703 2437 901 2524 eontenti3
929 2435 1003 2514 sed
1032 2437 1082 2512 od
1111 2439 1291 2541 partem¹

185 2557 237 2633 de
277 2557 469 2635 faciendo
511 2582 582 2634 eas
622 2559 776 2636 sociari
815 2583 892 2661 per
931 2559 1071 2656 galeas
1109 2563 1273 2632 nostras

186 2676 365 2780 Culphy,
392 2685 572 2779 propter
601 2700 801 2756 cursores
830 2679 899 2780 qui
928 2685 1022 2754 eunt
1050 2678 1156 2755 intre
1185 2674 1272 2751 Cui·

184 2796 336 2896 phnm‚
366 2799 428 2876 sio
469 2797 673 2882 dicimus,
713 2801 826 2900 quod
866 2798 983 2898 galee
1020 2805 1192 2876 nostrae
1219 2795 1268 2873 od

183 2939 387 3018 praesens
426 2943 511 2994 non
550 2927 645 2996 sunt
678 2919 832 2996 inistis
873 2920 1086 3020 portibus3
1126 2919 1202 2994 sed
1225 2915 1271 2994 -in
1382 2961 1386 2970 ·

183 3037 370 3138 partibus
398 3039 519 3116 vaide
547 3039 734 3131 remotis,
773 3062 851 3142 pro
881 3041 1018 3117 arduis
1047 3037 1272 3117 inotisnos·

184 3159 286 3244 trie,
326 3159 467 3260 itaque
508 3157 776 3248 hoctocere
816 3186 900 3238 non
942 3183 1193 3264 possumus,
1229 3166 1272 3237 et

185 3285 416 3382 propterea
444 3302 655 3382 rogemus,
683 3285 794 3383 quod
822 3283 986 3383 placeat
1009 3281 1165 3358 habere
1193 3303 1270 3356 nos

27 3471 33 3488 ,.
184 3400 339 3480 merito
369 3408 608 3480 excusatos.

289 3523 353 3602 nd
381 3523 423 3600 id
453 3529 590 3600 eutem
620 3524 735 3626 quod
762 3525 854 3628 ipse
881 3525 1140 3601 emboxiotor
1168 3521 1271 3600 dixit

187 3642 239 3718 de
269 3640 589 3744 interpositione
618 3669 739 3747 quom
768 3646 860 3747 ipse
888 3645 1080 3723 dominus
1108 3669 1184 3719 rex
1213 3643 1304 3719 oi.

186 3760 269 3838 fert
295 3786 342 3842 se
380 3761 582 3839 foetorum
625 3765 735 3842 inter
762 3763 969 3840 dominam
1010 3785 1069 3840 re
1084 3763 1176 3862 gin
1192 3787 1214 3838 o
1231 3787 1270 3840 rn

184 3881 570 3979 Margaritem
601 3890 644 3960 et
675 3907 767 3974 nos,
796 3905 846 3962 eo
873 3883 1014 3960 verbis
1041 3882 1119 3958 sibi
1147 3882 1269 3962 dietis

20 3969 21 4048 ἶ
72 4068 75 4078 ,
185 4026 261 4106 per
276 3999 590 4080 embaxotorem
631 4004 763 4106 ipsius
791 4003 982 4081 dominae
1011 4003 1269 4104 reginem

186 4123 504 4224 respondemur,
544 4127 656 4226 quod
683 4148 758 4201 nos
788 4133 830 4200 et
855 4131 1044 4202 nos-trum
1086 4151 1266 4204 comune

184 4267 352 4350 semper
380 4247 611 4348 optavimus
638 4255 680 4326 et
709 4253 900 4350 optamus
931 4248 1072 4326 vivero
1094 4247 1268 4350 pacifice
