3212 5116
1213 389 1277 460 1oe

186 597 400 678 dotalibus
453 595 667 676 lavoribus
720 595 982 688 convallare,
1024 607 1066 678 et
1092 601 1275 702 ipsarum
1368 625 1374 632 ·

185 721 416 821 petitiones
445 719 657 800 liberalius
684 719 897 806 exaudire,
927 728 1082 821 quanto
1109 721 1276 801 ducatui

185 850 335 920 nostro
376 842 624 920 devotiores
664 842 747 920 tide
800 849 842 918 et
885 840 1086 945 operibus
1124 869 1171 920 se
1214 869 1276 921 os·

184 961 389 1040 tendunt:
429 963 693 1042 attendentes
731 959 858 1059 igitur
898 962 1140 1065 multiplicis
1181 959 1277 1040 lidei

184 1082 410 1184 puritatem
451 1090 494 1161 et
521 1081 759 1160 devotionis
798 1081 1113 1182 plenitudinem,
1153 1103 1275 1184 quam

184 1199 431 1299 magnificus
460 1209 501 1279 et
526 1211 678 1304 potens
704 1202 1066 1300 virVoyslaus
1094 1224 1276 1280 comes

186 1329 501 1420 etmagnus
541 1345 767 1425 procer
805 1323 1152 1402 serenisimi
1192 1323 1275 1400 do·

184 1443 285 1520 mini
317 1442 1075 1545 imperatorisSclavonie,
1104 1445 1154 1523 ad
1183 1469 1276 1522 nos·

185 1570 250 1640 tre
279 1563 567 1662 magnitudinis
595 1563 887 1642 excellentiam
915 1563 1074 1642 habere
1108 1587 1276 1668 promp-

185 1685 237 1762 tis
265 1683 484 1761 affectibus
510 1709 556 1762 se
585 1683 780 1762 ostendit.
828 1685 905 1784 Qui
933 1686 974 1762 in
1001 1683 1173 1784 agendis
1198 1707 1277 1762 nos

184 1805 383 1882 ducatum
410 1810 599 1881 nostrum
643 1813 686 1882 et
714 1805 947 1903 singulares
974 1813 1177 1907 personas
1204 1803 1273 1880 du·

186 1931 305 2004 catus
321 1924 507 2023 ejusdem
537 1925 813 2023 tangentibus,
841 1927 1040 2004 devotum
1056 1933 1098 2003 et
1111 1949 1277 2028 promp-

184 2053 272 2123 tum
302 2044 563 2124 laudabiliter
579 2055 621 2125 et
647 2045 911 2125 incessanter
937 2071 985 2122 se
1012 2045 1194 2150 prebuit,
1222 2053 1275 2124 at·

185 2189 267 2268 que
295 2168 468 2267 prebet,
504 2165 849 2270 suplicationibus
877 2167 1000 2246 nobis
1040 2191 1114 2244 sua
1156 2175 1275 2270 parte

182 2289 392 2390 porrectis
421 2289 643 2386 gratiosius
686 2297 926 2377 occurentes,
967 2312 1062 2366 eum
1093 2313 1187 2368 cum
1215 2316 1275 2367 su·

182 2407 218 2485 is
233 2407 326 2485 tiliis
349 2416 390 2486 et
418 2407 660 2506 heredibus,
690 2417 936 2486 nostrorum
966 2406 1152 2486 omnium
1180 2433 1274 2485 con·

181 2530 372 2606 siliorum
402 2537 444 2606 et
460 2530 846 2607 ordinamentorum
860 2529 1098 2608 necessaria
1125 2530 1274 2607 solem·

181 2649 309 2728 nitate
337 2659 513 2748 servata,
542 2659 753 2754 perpetuo
784 2651 822 2726 in
852 2659 1041 2730 nostrum
1070 2651 1203 2728 civem
1234 2660 1274 2730 et

181 2767 390 2847 Venetum
434 2771 674 2873 recepimus
714 2776 841 2872 alque
869 2769 1094 2874 recipimus
1130 2778 1172 2848 et
1198 2771 1274 2848 Ve·
1368 2849 1373 2860 ,

181 2897 325 2969 netum
355 2899 397 2970 et
425 2891 559 2968 civem
587 2897 776 2969 nostrum
807 2893 984 2971 lecimus
1013 2899 1055 2970 et
1087 2893 1274 2979 facimus,

182 3020 224 3089 et
252 3035 329 3116 pro
359 3013 526 3088 Veneto
556 3019 598 3090 et
626 3012 717 3088 cire
758 3012 975 3089 nostruin
1016 3011 1205 3090 Venetiis
1233 3019 1274 3090 et

182 3129 278 3208 alibi
306 3131 507 3234 deinceps
537 3131 684 3210 baberi
710 3139 751 3210 et
765 3137 987 3235 procurari
1014 3134 1126 3210 omni
1155 3134 1274 3211 ellec-

179 3258 223 3330 tu
253 3261 294 3330 et
322 3253 580 3353 plenitudine
607 3254 799 3329 volumus
829 3263 870 3332 et
896 3255 1086 3342 tractari;
1125 3255 1273 3356 ipsum·

180 3396 263 3474 que
303 3375 471 3450 sincere
524 3371 818 3451 benevolentis
864 3373 1045 3455 brachiis
1099 3372 1274 3476 amplec-

181 3499 339 3579 tantes,
393 3499 435 3569 et
468 3493 644 3572 tirmiter
682 3499 936 3583 statuentes,
990 3495 1102 3594 quod
1138 3491 1272 3592 singu·

180 3613 228 3689 lis
298 3611 587 3702 libertatibus,
642 3610 882 3700 beneflciis,
951 3611 1273 3692 immunitatibus

178 3741 221 3811 et
260 3732 493 3812 bonoribus
529 3733 891 3836 quibuscumque,
934 3731 1086 3834 quibus
1126 3731 1192 3808 alii
1222 3732 1273 3808 ci·

178 3871 252 3930 res
292 3855 443 3932 Veneti
491 3856 674 3953 gandent
724 3861 766 3932 et
810 3853 974 3957 perfrui
1027 3851 1271 3950 dignoscun-

175 3981 265 4064 tur,
294 3973 479 4076 prelatus
506 3973 752 4074 magnificus
788 3981 831 4050 et
869 3980 1020 4076 potens
1047 3973 1110 4049 vir
1137 3972 1270 4072 Voy·

176 4095 332 4171 slaus
369 4117 562 4174 comes
604 4117 700 4170 cum
739 4091 860 4170 dictis
886 4092 971 4168 suis
1012 4093 1105 4170 filiis
1134 4103 1177 4169 et
1202 4091 1271 4170 ba·

180 4214 353 4298 redibas
380 4217 419 4294 iu
446 4215 636 4296 Venetiis
664 4219 705 4290 et
732 4219 862 4304 extra,
887 4218 1095 4319 perpetuo
1123 4210 1270 4312 gaude·
