3226 5112
309 371 408 448 ,334

341 580 512 678 vettent,
531 579 642 681 quod
671 577 1037 682 steph-antea
1064 581 1260 664 frater
1283 607 1437 662 eorum

341 709 455 780 esset
470 702 713 804 capitaneus
730 699 916 802 gentium
933 701 1098 779 iliarum
1127 703 1324 805 partium,
1340 727 1440 782 cou-

339 822 444 900 teuti
470 847 612 900 sumus
640 823 681 900 in
712 822 797 904 hoo
824 823 905 900 iilis
945 823 1068 902 etiam
1102 825 1351 904 satisfacere
1381 883 1391 904 .
1425 885 1437 904 .

339 949 381 1020 et
408 942 445 1018 si
473 943 596 1020 etiam
625 944 879 1023 vettetidem
895 943 1150 1046 stephaniae
1180 947 1324 1026 locum
1350 945 1438 1024 Bu·

339 1063 483 1141 due.
512 1123 519 1138 .
549 1123 557 1140 .
586 1070 629 1141 et
664 1064 785 1141 aliter
825 1088 908 1143 uou
949 1065 1131 1168 possetis
1174 1067 1437 1146 concludere

340 1208 434 1261 oum
462 1183 664 1264 iratribus
690 1183 946 1290 praedietis,
988 1185 1183 1266 volumus
1212 1191 1436 1289 antequam
1533 1181 1534 1184 Ὺ
1606 1155 1607 1160 i

340 1305 461 1385 locus
494 1307 585 1408 ipse
624 1307 846 1408 perveniat
881 1305 931 1384 ad
959 1331 1106 1386 manus
1150 1307 1319 1386 comitis
1348 1305 1436 1386 Ste-

339 1425 447 1513 fani‚
477 1427 591 1528 quod
616 1427 746 1504 'ilium
787 1425 869 1504 sibi
909 1425 1175 1530 promittatis,
1218 1426 1435 1528 Sequente

266 1572 270 1587 “
339 1555 479 1626 autem
514 1548 629 1626 dioto
672 1547 907 1628 concordio
948 1547 1143 1625 volumus
1181 1547 1295 1625 utin
1323 1548 1436 1625 bona

336 1667 468 1766 gratia
498 1667 741 1770 procedatis
770 1667 821 1746 ad
849 1667 1144 1771 accipiendum
1161 1670 1256 1745 toea
1272 1669 1436 1745 (lentae

338 1789 566 1866 inferioris.
1134 1887 1135 1890 Ἴ

440 1909 487 1986 Si
515 1933 617 1988 vero
647 1909 935 1990 deliberabitis
963 1910 1063 1988 dare
1099 1909 1354 2013 principium
1384 1911 1436 1988 ad

337 2031 576 2110 habendum
618 2030 1010 2109 concordium
1054 2055 1174 2110 oum
1216 2032 1436 2110 comite

338 2151 613 2240 Stefauo,
655 2157 724 2230 aut
765 2153 860 2254 quia
889 2153 967 2229 iam
1009 2151 1224 2250 ingressus
1253 2157 1367 2228 esset
1394 2147 1435 2225 iu

338 2261 578 2353 Gentem
609 2300 703 2352 oum
733 2271 881 2354 favore
910 2274 1121 2353 dictorum
1150 2274 1324 2350 fratrum
1351 2269 1377 2348 J
1395 2297 1435 2347 u·

201 2390 228 2470 s
339 2394 1435 2487 rasevieh'iorum,autexaliiscausisvo·

338 2519 508 2594 tumus·
538 2575 549 2598 .
577 2575 585 2590 .
615 2519 728 2620 quod
758 2575 805 2597 ..
834 2575 844 2598 .
872 2577 880 2594 .
910 2524 951 2596 te
981 2517 1180 2596 oouieras
1222 2514 1274 2594 ad
1315 2535 1435 2618 prae·

337 2637 512 2718 sentiam
540 2637 642 2715 dicti
670 2638 839 2728 comitis
855 2635 1030 2726 stefani,
1059 2639 1128 2718 oui
1156 2693 1167 2716 .
1198 2694 1208 2714 .
1239 2633 1358 2714 dices
1388 2691 1398 2711 .
1426 2691 1438 2710 .

337 2761 448 2861 quod
476 2759 576 2836 satis
606 2761 796 2838 admirati
811 2783 953 2838 sumus
982 2762 1035 2839 de
1064 2755 1340 2860 dispositione
1356 2779 1439 2831 ma·

256 2982 257 2986 Ν
337 2879 600 2978 gnifioentiae
627 2903 728 2957 suae
770 2881 937 2958 volendi
980 2901 1197 2984 occupare
1239 2877 1335 2955 loca
1365 2876 1438 2953 do·

336 2999 436 3079 mini
464 3000 708 3104 despoti
745 2997 1018 3100 Georgii,
1048 3023 1175 3104 quum
1203 2995 1437 3098 sicutipse

336 3125 445 3199 bene
474 3123 587 3200 seire
616 3128 770 3222 potest,
798 3146 877 3200 nos
907 3121 1009 3202 alias
1038 3121 1152 3197 iusto
1181 3117 1297 3196 betto
1324 3115 1438 3218 aqui·

334 3241 505 3320 sivimus
534 3247 577 3319 et
604 3241 825 3320 habuimus
855 3243 950 3321 loca
972 3245 1104 3344 ipsius
1127 3237 1310 3343 despoti,
1326 3259 1437 3339 quae

335 3361 498 3439 taudem
528 3363 609 3440 sibi
635 3363 862 3442 restituere
901 3361 1088 3440 contenti
1125 3359 1304 3444 fuimus,
1337 3379 1435 3436 oum

332 3485 420 3562 hoo
459 3491 620 3569 tamen,
662 3484 780 3586 quod·
818 3485 879 3561 iu*
904 3507 1071 3561 omnem
1115 3475 1259 3562 casum
1301 3479 1436 3580 ipsius

332 3589 501 3708 'despoti
538 3605 663 3683 nobis
692 3587 915 3682 remanere
945 3601 1175 3700 deberent,
1205 3602 1431 3702 ideoque.

334 3785 383 3808 ..
414 3727 669 3836 requirimus
711 3752 807 3829 eum
837 3787 843 3800 .
874 3784 882 3799 .
911 3787 920 3804 .
950 3726 1063 3828 quod
1092 3723 1144 3804 de
1173 3722 1280 3802 loeis
1315 3745 1436 3824 prae·

332 3847 455 3928 dictis
485 3909 493 3926 .
522 3903 534 3924 .
565 3908 575 3927 .
602 3875 650 3926 se
678 3847 885 3952 impedire
913 3873 998 3927 non
1027 3846 1127 3925 vetit
1153 3903 1163 3923 .
1192 3903 1201 3920 .
1230 3903 1238 3920 .

435 3967 479 4047 Si
516 3994 618 4047 vero
662 3965 860 4047 dietus
905 3989 1101 4048 comes
1142 3961 1433 4041 stefanus

332 4094 669 4196 perseveraret.
699 4143 710 4164 .
740 4145 751 4166 .
777 4083 819 4164 in
845 4085 1030 4166 volendo
1062 4085 1156 4162 lo'ua
1195 4081 1431 4186 praedicta,

330 4211 525 4291 volumus
553 4269 564 4292 .
595 4209 707 4315 quod
729 4211 895 4288 'intrare
925 4207 1081 4286 debeas
1109 4227 1254 4285 seeum
1278 4206 1328 4282 ad
1342 4227 1432 4307 pra·
