3192 5112
289 284 353 352 122

204 571 209 580 ,
290 491 484 600 ὴειςαΐονί
524 492 636 570 ituro
667 492 716 568 ad
743 493 1024 574 dominum
1053 515 1237 592 rogem
1263 491 1385 572 *Ser-

290 607 431 698 viae,
461 614 573 715 quod
615 620 726 692 tacto
767 613 903 712 primo
934 621 974 692 et
1000 611 1291 720 principaliter
1332 615 1385 694 ei·

247 771 254 785 =
289 733 382 810 dem
427 733 518 832 regi
559 735 741 832 negocio
779 733 1182 832 llaguseorum
1225 740 1383 810 etnos·

288 863 449 932 trorum
476 854 754 948 Venetorum,
783 881 862 958 pro
893 856 1041 956 quibus
1063 854 1387 957 specialiterde·

288 971 479 1070 stinatur,
497 974 650 1052 debeat
667 999 762 1052 oum
778 976 916 1052 verbis
942 971 1272 1052 condecentibus
1301 999 1386 1051 mo·

289 1118 393 1171 vere
408 1095 538 1170 verba
556 1093 694 1170 eidem
724 1093 839 1192 regi
868 1091 1110 1179 serviae,
1138 1092 1191 1172 de
1208 1101 1384 1172 tractan-

290 1214 343 1290 do
367 1210 601 1291 concordio
631 1212 740 1290 inter
767 1213 903 1316 ipsum
932 1210 1202 1288 etdomioum
1229 1211 1387 1315 lmpe·

289 1341 538 1412 retorem
575 1331 1140 1436 Constantinopolin.
1167 1330 1269 1410 Etsi
1297 1322 1387 1435 ipse

291 1479 368 1531 rex
384 1452 592 1530 ridebItnr
621 1454 838 1532 attendere
858 1451 908 1529 ad
935 1452 1072 1554 ipsum
1102 1453 1389 1538 concordium,

289 1573 454 1652 etdicto
467 1573 727 1652 ambaxatori
744 1575 970 1658 videbitur,
996 1573 1187 1652 notificet
1207 1572 1291 1651 hoc
1311 1597 1390 1649 am·

291 1696 484 1774 baxatori
512 1703 660 1772 nostro
695 1693 1180 1796 Constantinopolitano,
1207 1691 1388 1772 scriben-

290 1819 344 1896 do
364 1818 415 1902 ei,
432 1817 546 1918 quod
562 1817 794 1919 persentiat
808 1817 1069 1893 voluntatem
1086 1814 1217 1918 ipsius
1232 1813 1391 1892 domini

290 1937 561 2039 imperatoris
586 1935 975 2040 Constantinopolis
992 1937 1032 2012 in
1050 1935 1164 2012 facto
1181 1935 1281 2012 dicti
1297 1960 1390 2013 con·

296 2055 448 2147 cordii,
477 2055 682 2134 trahendo
711 2057 868 2158 abipso
899 2055 1161 2158 imperatore
1190 2053 1389 2158 quidquid

81 2187 154 2217 “’
292 2175 434 2252 inhoc
460 2175 633 2280 poterit,
659 2186 701 2255 et
727 2177 936 2256 velociter
963 2172 1243 2254 rescribendo
1274 2173 1389 2254 dicto
1527 2203 1529 2208 ¹

291 2294 578 2385 ambassatori,
594 2299 722 2377 misso
740 2299 791 2375 ad
808 2320 951 2398 regem
968 2295 1155 2374 Serviae.
1180 2295 1232 2372 Et
1249 2293 1282 2370 si
1299 2293 1390 2398 ipso

291 2415 550 2531 ambaxatori
566 2427 714 2498 nostro
732 2420 858 2497 misso
875 2421 916 2497 in
933 2417 1141 2512 Serviam,
1159 2415 1389 2496 secundum

292 2561 353 2625 ea,
386 2563 494 2640 quae
522 2538 694 2617 habebit
722 2547 802 2617 tam
833 2565 854 2617 a
892 2525 994 2639 rege
1024 2538 1226 2630 Serviae,
1268 2525 1407 2640 quam‘

291 2659 341 2734 ab
371 2657 641 2738 ambaxatore
672 2659 1153 2762 Constantinopolitano,
1180 2656 1392 2737 videbitur

290 2775 340 2852 do
370 2777 507 2855 eundo
545 2804 677 2881 nsque
720 2777 1130 2880 Constantinopolim
1183 2778 1235 2854 ad
1262 2778 1389 2858 domi·

292 2925 368 2977 nos
418 2899 696 3003 imperatores
735 2925 815 3002 pro
857 2899 946 3002 ipsa
990 2923 1115 2978 causa
1158 2900 1392 2988 concordii,

291 3021 411 3100 vadat
439 3019 480 3098 in
509 3022 618 3098 bona
647 3022 791 3118 gratia.
844 3021 896 3099 Et
925 3021 964 3098 in
993 3020 1078 3100 hoc
1119 3020 1243 3100 iaciat
1277 3021 1388 3126 quid·

140 3201 144 3206 .
294 3140 391 3242 quid
421 3142 519 3218 boni
548 3141 716 3245 poterit.
771 3141 823 3220 Et
852 3141 901 3217 ad
932 3141 1134 3220 cautelam
1163 3127 1315 3221 dentur
1341 3145 1388 3221 si·

195 3273 200 3287 ·
294 3261 333 3336 bi
361 3262 459 3341 hino
487 3263 652 3340 litterae
682 3262 952 3350 credulitatis,
981 3286 1059 3364 pro
1088 3262 1285 3342 iaciendo
1313 3289 1390 3342 am·

293 3382 497 3460 baxiatam
524 3384 624 3486 ipsis
655 3383 831 3460 dominis
860 3381 1198 3483 imperatoribus.
1220 3381 1387 3462 Praete·

293 3527 364 3582 rea
393 3505 634 3582 comitiatur
676 3503 814 3582 eidem
843 3505 1120 3593 ambaxatori‚
1161 3505 1275 3604 quod
1302 3529 1385 3580 non

293 3625 562 3726 impediendo
615 3633 844 3726 propterea
879 3625 1097 3726 praedicta
1136 3625 1218 3702 duro
1260 3649 1385 3725 nego·

284 3747 372 3834 cia,
401 3746 597 3824 videlicet
624 3743 914 3845 Raguseorum
945 3753 988 3823 et
1008 3747 1268 3824 Venetorum
1298 3771 1388 3824 nos·

294 3849 454 3946 trorum
484 3873 526 3943 et
558 3865 858 3969 imperatorum
890 3863 1286 3970 Constantinopolis
1313 3866 1386 3946 sed

292 3991 381 4086 ipsa
409 3985 547 4087 primo
577 3995 619 4064 et
648 3987 936 4090 principaliter
965 3984 1247 4089 procurando.
1275 3985 1388 4064 sisi.

293 4107 332 4188 bi
362 4107 589 4198 videbitur,
616 4131 741 4212 posse
780 4115 940 4188 tentare
982 4104 1252 4188 concordiam
1280 4107 1391 4192 inter
