3226 5112
172 608 485 699 cognoscentes
512 599 697 678 astucius
736 599 839 679 dicti
877 601 1058 689 comilis,
1087 602 1270 683 volesus

171 745 353 826 vesper
380 722 511 800 verba
540 722 581 796 in
611 727 777 821 tompus
813 719 998 814 discere,
1036 729 1077 796 et
1106 721 1268 822 postte·-

171 866 241 920 mo
271 843 395 920 etiam
424 865 502 946 per
528 849 691 917 vestras
708 840 869 918 litteras
888 840 1115 925 informati,
1130 843 1268 918 omnia

172 961 332 1060 agenda
360 961 525 1039 illarum
554 959 733 1062 partium
763 957 966 1039 Albaniae
1003 983 1099 1036 cum
1136 959 1267 1039 hono·

172 1105 219 1159 re
246 1083 380 1158 nostri
410 1083 585 1160 dominii
614 1082 881 1184 procedere,
909 1079 1112 1186 illumque
1142 1085 1298 1162 comi·

172 1211 256 1280 tem
285 1203 337 1282 ab
366 1203 448 1279 illis
478 1201 668 1307 pamibns
695 1202 956 1282 Albaniae
984 1227 1032 1278 se
1061 1205 1269 1282 absentas·

170 1349 231 1414 se,
259 1321 535 1402 libentissime
563 1325 859 1408 voluissemus,
887 1324 997 1425 quod
1027 1324 1076 1404 sd
1107 1328 1267 1404 ruinam

172 1445 370 1524 locorum
413 1444 512 1523 dicti
544 1445 763 1522 comitisa
791 1450 911 1546 parte
940 1448 1065 1524 maris
1098 1469 1268 1550 proces·
1328 1469 1348 1510 ·-

173 1568 342 1654 sissetis
371 1577 415 1645 ut
444 1566 494 1643 ad
525 1591 677 1670 pacem
695 1571 766 1644 aut
782 1565 950 1664 longam
968 1577 1184 1666 treuguam
1201 1592 1270 1645 no·

172 1691 285 1762 strae
312 1685 533 1764 intentioni
561 1685 847 1778 conformem,
886 1694 1060 1764 coactus
1088 1688 1173 1766 cito
1203 1687 1295 1764 de·

173 1807 383 1896 venisset;
419 1805 494 1886 sed
536 1815 759 1910 postquam
789 1831 856 1886 res
886 1809 925 1884 in
955 1806 1104 1886 talibus
1135 1809 1269 1888 lermi·
1319 1803 1325 1816 “

131 1999 135 2008 ,
175 1927 237 2002 nis
267 1927 490 2030 reperitur,
519 1937 561 2006 ct
590 1929 832 2032 cupiamus,
874 1929 987 2030 quod
1030 1931 1268 2032 imponatur

173 2045 265 2126 linis
292 2049 390 2126 huic
418 2049 642 2153 impresic,
686 2073 780 2126 cnm
820 2075 926 2152 opus
967 2059 1033 2130 est
1060 2075 1268 2141 exercere

173 2192 250 2245 vos
280 2225 289 2244 .
319 2225 329 2246 .
358 2222 368 2242 .
397 2168 538 2257 aliter,
574 2169 768 2248 volumus
797 2227 807 2248 .
834 2227 844 2246 .
872 2227 882 2247 .
911 2170 1023 2278 quod
1061 2171 1095 2246 si
1126 2172 1175 2248 ad
1206 2196 1268 2248 rc·

175 2287 410 2392 ceptionem
425 2291 657 2391 praesentis
674 2289 899 2392 accepistis
916 2287 1158 2392 improsiam
1176 2315 1269 2371 oon·
1383 2297 1386 2306 '

175 2419 236 2484 tra
265 2407 359 2488 loca
396 2409 495 2489 dicti
536 2411 704 2489 comitis
733 2438 755 2488 a
784 2415 903 2508 parte
935 2411 1074 2502 maris,
1105 2469 1114 2486 .
1142 2468 1152 2489 .
1180 2468 1190 2490 .
1219 2409 1269 2488 ad

175 2529 288 2607 illam
316 2535 535 2611 attendere
564 2527 774 2626 debeatis,
803 2539 848 2608 ut
877 2555 1024 2610 comes
1053 2535 1268 2637 predictus

173 2650 223 2728 ad
251 2675 397 2752 paoem
426 2653 490 2732 vel
512 2655 563 2733 ad
579 2665 800 2754 treuguam
829 2663 1002 2734 coactus
1018 2653 1103 2732 cilo
1129 2653 1269 2732 veniat

173 2829 183 2851 .
212 2829 222 2850 .
254 2831 263 2850 .
294 2781 339 2850 ut
365 2773 538 2878 possitis
566 2774 619 2851 de
650 2773 730 2850 illis
759 2771 950 2876 pastillus
975 2773 1270 2853 citissimovos
1301 2837 1312 2860 ,
1420 2840 1422 2850 ,

177 2893 334 2972 levare.
375 2891 427 2970 lli
461 2893 496 2969 si
524 2917 617 2971 eam
660 2919 743 2971 non
786 2895 1063 2995 accepissetis
1090 2899 1132 2969 et
1160 2895 1269 2972 vide·

174 3015 289 3103 retis,
318 3015 431 3118 quod
459 3015 710 3120 accipiendo
739 3037 831 3090 eam
861 3013 971 3092 intra
999 3039 1162 3114 paucos
1179 3014 1269 3092 dies
1330 3004 1340 3024 '

173 3135 355 3238 possetis
383 3137 539 3216 dictum
577 3139 777 3217 comitem
807 3136 859 3214 ad
887 3161 1036 3239 pacem
1067 3137 1131 3213 sel
1161 3139 1270 3214 treu-

173 3277 295 3355 guam
333 3281 601 3360 provocare‚
640 3266 712 3340 aut
740 3283 836 3336 oum
866 3259 1032 3336 honore
1061 3316 1071 3335 .
1100 3315 1109 3336 .
1141 3314 1151 3335 .
1180 3313 1190 3332 .
1219 3255 1270 3336 ab

172 3375 471 3481 illa'impresia
499 3403 574 3458 vos
603 3381 772 3468 levare,
815 3379 940 3458 etiam
979 3379 1122 3482 placet
1147 3376 1271 3456 nobis

175 3558 181 3574 .
210 3525 245 3586 .;
273 3506 317 3576 et
343 3499 484 3578 taliter
512 3523 588 3577 vos
619 3501 797 3598 geratis,
826 3503 938 3602 quod
966 3521 1113 3600 pacem
1141 3496 1297 3576 hono·-

174 3625 305 3696 ratam
334 3621 401 3698 vol
430 3629 626 3719 treuguas
642 3619 785 3698 lacere
812 3619 998 3723 possitis,
1025 3620 1174 3697 saltem
1194 3641 1273 3722 per

175 3763 325 3820 annom
368 3765 496 3820 unum
525 3797 692 3821 .....
731 3741 858 3820 Facta
884 3747 1041 3846 'atatem
1068 3765 1177 3843 pace
1205 3742 1273 3818 vel

174 3869 351 3962 treugas
373 3861 445 3939 vel
473 3885 583 3949 non,
612 3867 791 3965 propter
817 3885 1033 3942 accessum
1061 3863 1164 3944 dicti
1192 3888 1273 3942 oo·

176 3982 338 4062 mitis
365 3985 418 4061 in
447 3982 751 4061 Bossinam
781 3991 824 4062 ct
851 3987 1274 4078 oratorumsoorom,

1045 4349 1069 4412 ti
