3212 5116
1188 438 1267 505 slot

175 651 386 722 terrarum
413 649 668 740 nostrarum,
696 642 804 720 sicut
837 643 878 720 in
907 665 1057 722 eornm
1085 645 1266 724 comissi-

173 760 326 840 onibus
352 762 537 863 pleniter
563 762 751 838 dedimus
780 763 822 840 in
850 763 1063 841 mandatis.

560 949 655 1014 Misll
677 949 737 1014 del
759 949 900 1018 senato
922 951 1069 1020 xxvn.
1093 951 1148 1018 ch.
1170 953 1222 1022 49.

199 1215 206 1224 .
331 1117 474 1220 CXI·
516 1143 628 1220 1355.
658 1143 720 1220 12.
748 1137 1111 1222 Decembris.

174 1347 342 1408 flasconis
373 1363 620 1426 nposnpyropa
657 1348 824 1432 Caesonio
848 1366 1001 1410 nocaano
1038 1355 1152 1428 Amy
1178 1355 1265 1414 llae-

172 1469 334 1524 rasao=a‚
356 1456 483 1528 nappis
504 1467 546 1510 ne
571 1469 652 1530 para
679 1456 804 1530 saaehy
828 1455 1105 1532 napacpticnorr.
1130 1473 1264 1532 nnpasn

280 1558 497 1632 &rapaton-s,
531 1571 595 1614 ono
619 1572 766 1629 rsppnna
791 1560 924 1617 llancce
954 1576 973 1613 a
999 1561 1180 1636 Cupapnna.

275 1725 618 1806 Excellentisime
645 1723 811 1822 domine
840 1735 1000 1806 noster.
1027 1729 1149 1810 Novit
1176 1755 1263 1810 ves-

174 1856 239 1925 tra
266 1845 518 1926 excellentia
540 1846 653 1948 quod
680 1846 746 1923 die
775 1869 888 1924 nono
918 1847 1042 1925 huius
1068 1863 1265 1953 praesen·

173 1970 225 2046 lis
261 1970 416 2047 mensis
471 1969 708 2074 recepimus
761 1971 968 2070 quandam
1022 1972 1200 2052 litteram
1242 1999 1264 2052 a

173 2088 330 2167 comite
346 2085 491 2178 Panlo,
519 2090 783 2168 continentes
811 2090 924 2192 quod
951 2091 1012 2170 illi
1039 2094 1092 2170 de
1121 2091 1263 2172 Scar-

173 2209 335 2294 dona,
376 2233 460 2288 non
504 2216 802 2288 contentantur
828 2218 942 2288 stare
970 2213 1046 2289 sub
1076 2213 1263 2294 dominio

173 2329 396 2409 domini
435 2330 829 2432 imperatoris
870 2329 1116 2432 Rani-ae,
1159 2334 1265 2414 sicut

174 2475 252 2554 per
293 2449 451 2528 litteras
478 2449 519 2526 in
547 2458 792 2552 praesentes
831 2451 1079 2532 interclusas
1118 2453 1264 2534 videre

169 2571 378 2677 poteritis.
423 2569 633 2650 Solvimus
672 2573 798 2651 otiam
827 2571 941 2674 quod
969 2573 1010 2648 in
1037 2573 1265 2655 Tininoiit

172 2691 351 2769 maxima
393 2691 667 2789 congregatio
708 2689 923 2788 gentium,
965 2693 1040 2769 sed
1081 2694 1131 2772 ad
1166 2695 1264 2796 quid

171 2815 397 2892 nescimus.
439 2811 503 2890 Ex
530 2813 682 2912 quibus
711 2813 832 2889 novis
859 2813 994 2890 visum
1023 2813 1100 2894 fnit
1126 2817 1263 2910 nobis,

172 2933 286 3036 qnod
312 2957 419 3010 unus
459 2939 650 3011 nostrum
690 2933 772 3012 iret
813 2929 1055 3012 Sibenicnm
1096 2943 1262 3015 etcum

172 3056 330 3132 comite
366 3051 553 3132 Sibenici
592 3053 812 3134 notificare
839 3053 948 3133 haec
990 3057 1139 3142 omnia,
1181 3081 1263 3136 cas·

171 3175 329 3253 tellano
356 3173 598 3252 Scardonae
628 3196 681 3250 eo
710 3173 838 3250 modo
868 3177 1013 3269 stria,
1041 3183 1086 3256 ut
1114 3179 1151 3254 ei
1179 3201 1262 3256 me·

169 3299 250 3377 lius
275 3293 508 3379 videbitur.
537 3303 579 3373 et
604 3292 718 3370 radit
743 3295 844 3373 illuc
865 3297 1094 3400 Maphaeus
1115 3295 1262 3376 Conta-

168 3443 306 3496 renus.
361 3417 452 3516 ligo
489 3439 593 3492 vero
630 3413 877 3494 Dominicns
906 3417 1088 3497 Michael
1129 3439 1258 3497 rema·

171 3567 255 3620 neo
297 3539 338 3616 in
374 3538 564 3641 Spaleto.
617 3538 670 3616 nt
695 3563 948 3643 responsum
976 3539 1152 3616 fecimus
1183 3565 1261 3619 oo·

170 3661 301 3736 miti
326 3657 437 3736 Pau
455 3660 496 3736 lo
525 3660 744 3762 praedicto
781 3659 921 3737 tenori
949 3681 1117 3734 suarum
1158 3659 1262 3738 litte·

171 3805 313 3859 rarum
343 3781 535 3860 cumillis
557 3779 696 3859 verbis
724 3789 849 3883 prout
877 3778 998 3856 nobis
1015 3781 1147 3857 visum
1175 3781 1261 3872 fuit,

172 3901 309 3980 dando
351 3901 391 3978 ci
430 3903 798 4004 prolongationem
840 3899 1088 3990 verborum,
1118 3907 1159 3980 et
1199 3903 1286 3981 sic·

175 4005 350 4084 iacimus
377 4005 518 4085 donec
546 4028 569 4080 a
596 4009 734 4082 vestra
762 4003 1049 4082 dominatione
1088 4003 1258 4082 habebi·

171 4149 263 4204 mus
292 4123 596 4228 responsivam.
622 4121 766 4201 {locha
785 4125 922 4200 antem
950 4122 1077 4204 castri
1106 4123 1259 4204 Cliss·

161 4244 250 4324 ,cii
276 4248 404 4348 prout
429 4245 552 4331 vobis
577 4243 675 4322 alias
703 4243 962 4350 scripsimus,
991 4253 1156 4326 tenetur
1182 4268 1258 4347 per
