3234 5116
182 619 383 712 dominil,
411 621 462 700 ad
490 618 683 699 damnum
712 625 756 696 et
780 620 1050 700 incomodum
1085 631 1275 702 nostrum

184 749 226 818 et
267 742 534 822 subditorum
577 748 849 830 nostrorum,
890 744 943 818 sit
977 743 1144 846 sapiens
1172 745 1275 824 dare

183 863 263 943 sibi
291 863 382 942 vive
420 889 525 942 voce
553 861 743 942 notitiam
773 919 783 940 .
813 919 822 938 .
932 874 976 943 ut
1003 863 1183 944 habeant
1210 889 1275 946 ca·

183 1007 300 1064 usam
331 983 521 1062 cessandi
551 993 593 1060 et
621 981 864 1060 retrahendi
896 1007 944 1060 se
973 1007 994 1060 a
1024 985 1096 1064 tali
1122 1007 1276 1090 propo·

182 1104 284 1190 sito;
313 1104 555 1208 vaditpars:
585 1101 873 1184 fiatcomissio
901 1127 973 1181 ser
1001 1103 1161 1185 Petro
1189 1103 1276 1184 Po·
1427 1152 1437 1166 -

134 1227 139 1234 “
187 1225 305 1311 lani,
334 1228 625 1329 strprecomito
656 1233 803 1305 nostro
822 1225 989 1330 Culphi,
1017 1229 1057 1306 in
1084 1227 1164 1308 hac
1194 1229 1277 1308 lor·

186 1367 265 1434 ma,
291 1345 508 1424 videlicet:

288 1465 374 1543 Nos
402 1465 656 1544 Thomas
696 1466 1013 1566 llloccnigo
1049 1467 1117 1544 dei
1145 1467 1277 1564 gratia
1382 1547 1386 1556 ,

188 1584 272 1661 dux
287 1587 563 1666 Venellorum
591 1593 671 1664 etc.
702 1585 969 1664 Comittlmus
999 1583 1097 1662 tibi.
1127 1643 1137 1664 .
1165 1583 1280 1687 quod

191 1757 200 1778 .
230 1763 240 1779 .
270 1761 280 1780 .
309 1703 465 1780 debens
494 1711 535 1781 te
565 1705 727 1780 referre
758 1702 1066 1801 bergusium,
1095 1711 1137 1780 et
1165 1727 1282 1807 prae·

191 1825 362 1903 conlatis
390 1827 550 1903 nostris
592 1827 743 1904 litteris
773 1826 1037 1904 credulitatis
1066 1881 1076 1901 .
1105 1885 1113 1902 .
1217 1825 1279 1902 illi

191 1945 385 2045 regimini
414 1943 662 2044 Ragusii
703 2009 708 2022 .
747 2005 757 2023 .
793 2006 803 2025 .
840 1969 1069 2049 ‚expones
1097 1954 1139 2024 et
1166 1947 1283 2024 dices

190 2073 309 2170 parte
338 2063 470 2143 nostri
499 2065 685 2153 dominii,
716 2067 831 2168 quod
854 2065 1074 2144 habuimus
1102 2067 1186 2146 iam
1214 2065 1283 2144 diu

191 2185 528 2272 informationes,
556 2185 673 2288 ipsos
701 2183 916 2284 lloguseos
959 2199 1215 2288 procurasse
1244 2195 1286 2265 et

194 2315 397 2386 tractasse
427 2315 469 2384 et
496 2311 682 2386 tractare
713 2361 723 2380 .
752 2363 764 2384 .
792 2365 801 2382 .
832 2365 842 2384 .
871 2306 912 2384 in
941 2307 1130 2408 partibus
1172 2305 1286 2382 Dal·

193 2426 409 2506 matiae
439 2434 482 2504 et
517 2427 823 2515 Albaniae,
858 2435 1006 2505 contra
1033 2433 1185 2506 statum
1214 2449 1286 2504 no·

193 2553 326 2626 strum
354 2552 398 2624 et
425 2547 522 2625 loca
548 2545 683 2625 nostri
710 2546 901 2632 dominii,
944 2554 986 2626 et
1013 2547 1168 2628 fecisse
1196 2547 1286 2625 des·
1373 2541 1378 2554 '

196 2667 381 2746 condere
423 2667 684 2745 dominum
726 2669 1039 2769 despotum
1069 2674 1112 2745 ot
1139 2675 1287 2768 gentes

196 2812 307 2876 suas,
335 2788 384 2866 ad
414 2787 562 2868 damna
591 2796 749 2880 nostres
779 2791 891 2891 qood
920 2789 1074 2868 dudum
1104 2787 1289 2891 nequivi·

197 2933 287 2987 mus
316 2935 397 2988 nec
424 2911 627 2988 voluimus
656 2912 836 2990 credere
867 2963 1030 2986 .....
1058 2909 1133 2988 sed
1161 2908 1288 2988 modo

198 3057 342 3111 sumam
371 3033 561 3134 plenarie
590 3041 632 3110 et
660 3031 821 3130 optime
852 3030 1289 3121 informati‚...dictas

189 3151 521 3229 informationes
549 3205 712 3228 .....
741 3177 835 3230 esse
863 3175 999 3240 veras
1029 3150 1141 3254 quod
1170 3150 1292 3228 nobis

201 3271 414 3373 displicuit
441 3279 484 3349 et
511 3273 710 3376 displicet
735 3271 1015 3350 vehementer
1043 3327 1054 3348 .
1085 3329 1093 3349 .
1206 3329 1214 3346 .
1244 3323 1255 3348 .
1284 3327 1292 3345 .
1335 3297 1340 3306 ²

202 3393 382 3470 maxime
413 3391 700 3480 considerato,
730 3395 844 3493 quod
875 3417 976 3470 suos
1004 3390 1223 3490 llaguseos
1250 3389 1292 3468 ln

203 3513 310 3590 locis
339 3520 382 3590 et
408 3512 536 3588 terris
575 3513 734 3590 nostris
773 3517 1089 3601 conversantes,
1117 3511 1293 3588 lecimus

205 3639 248 3710 et
275 3632 451 3712 facimus
479 3641 607 3734 prout
639 3633 779 3714 sciunt
806 3631 1092 3713 favorabiliter
1120 3631 1295 3712 tractari

205 3763 248 3830 et
274 3753 552 3833 amicabiliter
592 3754 800 3856 expediri.
853 3754 906 3832 lli
947 3761 1180 3858 propterea
1221 3775 1296 3830 eos

207 3873 470 3974 requirimus,
498 3884 703 3975 quatenus
731 3875 864 3954 velint
893 3898 1064 3954 cessare
1094 3881 1210 3950 etse
1239 3895 1299 3948 re·

207 4017 382 4072 movere
410 4017 432 4068 a
462 3995 534 4074 tali
568 3995 821 4096 proposito,
864 4020 916 4071 ne
944 3993 1175 4098 habeamus
1200 4016 1295 4072 cam

208 4137 294 4196 sam
323 4114 521 4215 gravandi
550 4139 629 4194 nos
656 4114 707 4192 de
732 4117 806 4193 eis.
837 4159 881 4174 ·-
911 4117 1062 4198 Audita
1090 4122 1230 4196 autem
1260 4123 1300 4192 el
1376 4197 1379 4210 ,

208 4233 346 4316 habite
375 4237 655 4340 responsione
682 4261 768 4324 sua,
795 4236 955 4316 debeas
974 4241 1155 4340 accepto
1184 4259 1301 4338 com-g
