3224 5110
344 573 470 666 nium,
498 574 567 651 cui
595 571 959 677 impresentiarum
974 595 1058 650 non
1074 574 1222 650 minus·
1239 573 1441 651 bonorib-

345 719 395 773 ce
412 717 534 797 quam
546 694 709 772 utiliter
724 693 925 797 presidet,
942 692 1115 771 illustris
1131 719 1182 773 ac
1196 704 1348 796 potens
1364 697 1440 772 do·

345 813 479 892 minus
507 815 591 890 dux
618 813 971 892 Franciscus
999 813 1224 892 Fuscari
1253 839 1332 916 pro
1361 839 1441 890 sua

344 943 477 1038 parte,
504 935 613 1012 inter
639 961 739 1012 suos
767 935 927 1012 amicos
955 942 997 1010 et
1025 933 1328 1014 confederatus
1356 957 1440 1012 nos

344 1053 586 1156 specialiter
627 1077 676 1130 ac
716 1055 960 1132 nominatim
1004 1054 1355 1155 comprehendit,
1396 1065 1443 1131 et

345 1199 422 1252 nos
449 1175 582 1251 voluit
608 1179 794 1277 presenti
836 1175 952 1277 pacis
994 1175 1204 1255 beneficio
1234 1177 1440 1274 gaudere,

345 1295 474 1373 veluti
503 1320 627 1372 rrnum
658 1323 679 1374 c
709 1296 793 1372 suis
823 1295 1012 1398 antiquie,
1040 1305 1082 1375 et
1124 1297 1235 1374 caris
1276 1295 1439 1372 amicis.

348 1414 468 1493 Hunc
536 1416 663 1515 igitur
734 1417 945 1494 honorem
1018 1441 1160 1496 carum
1223 1414 1444 1501 habemus,

346 1537 455 1614 hunc
478 1536 804 1614 nominationem
834 1543 992 1635 gratam
1035 1536 1299 1638 suscipimus,
1328 1535 1445 1612 hanc

349 1655 778 1757 comprehensionem
808 1665 1029 1758 acceptam
1059 1656 1250 1733 latemur.
1279 1654 1327 1730 ln
1354 1653 1445 1730 boc

358 1775 509 1872 gratias
552 1773 761 1852 babentes
789 1775 932 1854 inclite
969 1775 1242 1854 dominationi
1285 1772 1445 1876 preiati

353 1893 527 1970 illustris
555 1894 741 1974 dominii.
776 1895 829 1973 nt
855 1921 933 1999 per
957 1905 1177 1998 presentes
1206 1919 1286 1999 pro
1316 1891 1446 1971 nobis

354 2039 405 2093 ac
434 2013 587 2092 nostris
615 2017 866 2118 suscipimus
895 2020 1032 2095 omnin
1049 2023 1091 2094 et
1118 2017 1282 2116 singula
1324 2039 1442 2092 com·

351 2143 516 2238 puciata
545 2135 725 2237 capitula
755 2140 797 2211 et
826 2136 1010 2213 omnium
1041 2135 1317 2214 articulorum
1347 2159 1449 2214 con·

348 2262 462 2334 tenta
500 2256 613 2334 dicte
653 2257 784 2360 pacis,
821 2270 1019 2359 quantum
1073 2283 1151 2336 nus
1180 2265 1449 2336 concernunt

347 2375 669 2478 promittentes,
711 2383 754 2452 et
791 2378 921 2478 regali
962 2378 1044 2455 lide
1087 2403 1165 2458 nos
1209 2377 1446 2477 obligantes

350 2495 400 2572 ad
429 2520 577 2574 eorum
608 2501 774 2600 plenam
805 2501 1159 2579 observationem.
1189 2505 1230 2578 ln
1260 2523 1444 2602 quorum

352 2615 534 2694 omnium
577 2617 860 2696 testimonium
902 2627 1123 2722 presentes
1166 2627 1332 2696 nostras
1375 2641 1447 2717 pa·

356 2741 494 2814 tentes
522 2736 663 2816 literas
693 2740 879 2832 fecimus,
907 2742 1041 2818 nostri
1066 2737 1196 2839 regali
1222 2737 1345 2837 sigilli
1375 2763 1450 2841 ap·

351 2858 557 2958 pensione
586 2862 849 2939 communiri.
881 2862 1001 2938 Anno
1018 2861 1175 2938 domini
1199 2859 1442 2954 millesimo,

216 3062 218 3064 ,
351 2978 765 3078 quadringentesimo
798 2981 1164 3083 quinquagesimo,
1180 2979 1246 3057 die
1263 2977 1444 3056 xxtnl.

351 3097 553 3176 Octobris
580 3101 620 3176 in
651 3101 778 3200 opido
807 3113 953 3180 nostro
983 3103 1035 3178 de
1073 3101 1271 3178 Yaice.

808 3235 1121 3302 Commemoriale
1146 3235 1240 3299 xlv.
1266 3235 1319 3300 cb.
1344 3237 1398 3300 71.

505 3419 767 3550 anXVt
806 3447 917 3520 1451.
950 3448 1014 3522 an.
1044 3429 1287 3543 Aprilis.

392 3617 572 3691 Otrosop's
596 3632 828 3686 nortmannus
854 3635 955 3692 apaan
980 3621 1210 3686 Bocauusoru,
1234 3635 1273 3675 na
1294 3635 1397 3693 paena

727 3720 842 3761 aurosa
873 3719 1066 3762 saxresans.

452 3821 572 3921 Quod
603 3819 904 3924 spectabilibus
930 3823 955 3899 d
973 3849 998 3900 o
1016 3847 1052 3898 m
1072 3822 1159 3899 ino
1189 3823 1219 3898 S
1236 3832 1249 3900 t
1266 3848 1289 3899 c
1307 3823 1326 3899 l
1336 3847 1357 3900 a
1376 3851 1442 3902 no

350 3943 595 4043 Clesigh
625 3940 814 4028 militi,et
840 3941 900 4017 Ni
925 3943 1100 4021 colno
1129 3941 1329 4020 Jacobi
1355 3941 1442 4018 Te·

349 4091 368 4140 s
385 4075 462 4151 ta,
502 4063 741 4143 oratoribus
782 4061 1037 4140 serenissimi
1075 4063 1233 4141 domini
1271 4063 1400 4164 regi
1417 4091 1439 4141 s

351 4183 385 4258 B
402 4207 427 4258 o
443 4207 463 4258 s
485 4183 626 4281 sine,
657 4186 726 4284 qui
755 4184 813 4262 uti
829 4184 1001 4264 relatum
1033 4183 1108 4261 t'uit
1137 4182 1233 4262 huic
1261 4183 1441 4264 consilio
