3206 5110
1174 445 1240 511 559

239 645 327 746 Ego
360 647 530 725 Marcus
567 647 748 728 Michaei
778 675 925 727 comes
954 651 1078 728 iadre
1115 677 1237 730 uranu

137 789 227 843 mea
255 765 512 869 subscripsi,
554 794 738 870 meoque
768 769 909 866 sigilio
949 767 1150 874 pendenti
1191 771 1242 846 nd

136 886 369 987 pleniorem
400 885 531 964 iidem
563 889 816 965 communiri
835 890 945 966 feci.¹
1031 991 1039 1002 ·

239 1044 327 1143 Ego
358 1045 544 1122 Marinus
571 1043 812 1124 Barbadicc
837 1071 1011 1150 presens
1040 1045 1180 1124 scriru
1199 1047 1238 1124 in

138 1187 272 1239 rocam
302 1163 557 1262 presentiam
588 1163 777 1242 t'idetiter
804 1165 852 1241 ad
883 1165 1138 1244 autenticum
1178 1189 1238 1241 as·

138 1281 305 1371 coitari,
333 1287 374 1358 et
404 1283 498 1384 qnia
526 1287 750 1384 utrumque
791 1285 1045 1362 concordari
1087 1285 1239 1374 inveni,

140 1411 259 1480 manu
289 1427 380 1480 mea
411 1405 528 1480 testis
556 1405 800 1508 subscripsi.

239 1539 327 1638 Ego
359 1539 521 1640 Petrus,
541 1541 658 1617 Meso
676 1565 852 1643 presens
869 1542 1075 1648 scripturn
1095 1542 1134 1618 in
1157 1543 1240 1620 mei

138 1663 351 1762 presentia
381 1659 563 1740 tidetiter
592 1663 890 1740 autenticatum
926 1663 1157 1753 oscultavi,
1199 1671 1240 1742 et

138 1783 235 1884 quia
264 1790 488 1883 utrumque
520 1781 776 1862 concordari
807 1783 966 1874 inveni,
996 1806 1061 1858 me
1092 1784 1131 1858 in
1161 1791 1240 1860 tes·

139 1909 221 1978 tem
251 1901 499 2004 subscripsi.

241 2039 330 2138 Ego
361 2029 565 2114 Nicotaus
584 2035 802 2114 Benedicti
826 2039 878 2116 de
911 2037 1114 2116 blatafaro
1145 2061 1255 2114 esav

137 2157 318 2236 minator
346 2183 525 2263 presens
555 2159 759 2261 scriptum
789 2160 828 2234 in
844 2158 924 2236 urei
954 2160 1170 2262 presentia
1186 2155 1237 2234 ad

137 2280 394 2358 autenticum
410 2279 592 2358 fideliter
608 2277 703 2375 tegi,
727 2277 875 2366 audivi,
904 2287 946 2355 et
970 2279 1066 2379 quia
1081 2285 1237 2356 utrum·

137 2423 218 2498 que
248 2400 516 2477 concordare
545 2398 696 2481 inveni,
726 2419 850 2478 manu
872 2421 964 2476 mea
990 2397 1239 2499 subscripsi.

240 2537 328 2636 iigo
358 2535 592 2635 Gregorius
621 2535 673 2612 de
715 2534 931 2620 Zadotmts
975 2535 1100 2614 iudex
1144 2557 1237 2618 esu·

138 2653 321 2732 minator
348 2681 527 2758 presens
555 2658 758 2758 scriptum
789 2657 827 2730 in
844 2655 927 2735 mei
956 2654 1238 2757 presentiaad

136 2774 392 2854 autenticum
408 2773 590 2854 iidetiter
618 2774 875 2872 tegiautliri,
903 2782 945 2850 et
973 2773 1067 2874 quia
1086 2777 1240 2850 utrum·

139 2921 222 2996 qne
252 2897 519 2974 concordare
547 2895 702 2981 inveni,
730 2917 853 2972 manu
883 2913 975 2970 meu
997 2891 1240 2994 subscripsi.

239 3032 328 3132 ligo
357 3029 591 3131 Egidiottus
619 3030 671 3108 do
699 3029 922 3108 Predetata
952 3029 1004 3105 de
1027 3025 1238 3109 Cremona

139 3149 349 3253 imperiali
379 3152 629 3230 auctoritate
672 3147 896 3254 pubbiirus
925 3148 1114 3225 notarius
1155 3151 1238 3226 hoc

141 3271 382 3373 exemptum
413 3273 461 3348 ad
491 3273 747 3351 autenticum
770 3273 981 3371 sumptum
999 3292 1121 3346 manu
1150 3267 1238 3346 nta-

95 3481 105 3492 ι
139 3391 190 3466 sii
219 3389 440 3470 Michaelis
470 3390 678 3468 Leonardi
719 3389 875 3486 notari]
903 3389 1156 3491 infrascripti
1186 3387 1250 3476 di·¹

138 3509 334 3610 iigenter‚
362 3521 403 3586 et
432 3507 618 3586 fideliter
645 3509 845 3587 ascuttari
875 3531 953 3584 unu
995 3535 1091 3587 cum
1120 3509 1240 3587 inira·

135 3629 305 3732 scriptis
333 3629 516 3710 notariis:
544 3639 585 3710 et
615 3629 712 3732 quia
741 3635 965 3736 utrumque
1008 3631 1239 3710 concorda·

137 3773 185 3829 re
214 3751 365 3840 inveni,
394 3777 461 3830 me
491 3751 530 3828 in
560 3759 713 3829 testem
743 3752 989 3853 subscripsi.

239 3903 331 4003 Ego
361 3903 558 3983 Nicotaus
587 3905 798 4005 quondam
828 3904 1026 3984 lobannis
1042 3903 1093 3982 de
1118 3903 1236 3983 iadra

138 4025 350 4127 imperiali
378 4028 629 4104 auctoritate
658 4027 846 4103 notarius
876 4023 962 4102 hoc
997 4027 1238 4130 exemptum
1279 4019 1286 4036 ‘

134 4145 187 4223 ad
217 4171 338 4226 snum
367 4147 624 4226 autenticum
653 4146 856 4250 scriptum
881 4145 1109 4245 diiigenter
1138 4145 1239 4226 etii·

133 4268 292 4346 detiter
334 4267 532 4347 oscultavi
573 4283 652 4348 nna
698 4293 803 4349 cunr¹
836 4267 1243 4450 notariip9predictis
