3192 5112
308 371 379 460 rt&

306 579 503 680 'Oasitae
529 581 763 686 presbyter
784 577 1037 670 cardinalis,
1062 580 1323 684 apostaticus
1348 603 1411 662 ss·

315 702 380 782 dis
406 701 586 804 legatas.
611 699 783 788 illustri,
793 701 976 806 principi
1012 703 1079 784 (iu
1096 702 1206 782 min
1222 727 1249 782 ο
1267 735 1271 742 ’
1286 725 1307 780 r
1321 698 1414 800 agi

316 821 636 922 Hungariae‚
665 830 707 900 et
725 821 892 901 dilectis
921 821 962 900 in
986 821 1154 900 Christo
1182 818 1306 900 darei
1332 821 1412 896 Ve-

317 939 589 1025 nariarum
618 965 668 1022 aa
696 943 956 1050 magistro
985 941 1277 1046 hospitatis
1298 962 1412 1020 sane·

317 1064 356 1144 ti'
375 1057 578 1140 iohannis
602 1059 953 1161 ierosolimitani,
983 1065 1161 1142 satutem
1197 1071 1241 1141 at
1279 1063 1413 1141 since·

318 1207 406 1262 ram
434 1182 474 1260 in
499 1182 670 1262 domino
699 1183 928 1264 karitatem.
958 1182 1064 1264 Cum
1090 1191 1219 1288 prout
1246 1183 1414 1284 fidedig·

316 1327 467 1383 norum
491 1305 695 1384 retationa
723 1305 1008 1410 percepimus,
1037 1303 1314 1384 Stefanus
1342 1305 1415 1407 qui

316 1447 362 1502 se
404 1449 670 1508 cesarum
711 1453 811 1513 seu
851 1451 1050 1529 regem
1091 1421 1309 1506 itariae
1361 1425 1413 1502 ia·

318 1547 377 1626 cit
417 1549 655 1627 comuniter
696 1548 928 1633 nominari,
968 1551 1182 1628 nonnuios
1225 1547 1416 1627 christia·

312 1693 395 1750 uus
420 1671 469 1748 in·
490 1673 580 1768 ejus
608 1693 740 1770 regno
769 1671 1016 1768 habitantes,
1044 1671 1231 1772 pervim
1260 1671 1416 1747 at'rio·

313 1791 486 1870 tentiam
515 1792 566 1868 ad
596 1794 685 1890 ejus
712 1793 930 1896 perfidiam
954 1801 997 1871 et
1024 1789 1310 1870 infidelitatem
1332 1793 1414 1866 tra·

317 1911 400 2000 hat,
428 1913 545 2018 ipsos
583 1913 746 2014 quando
788 1903 959 2017 poterit,
987 1921 1030 1994 et
1058 1923 1206 1993 cantra
1236 1912 1415 1989 formam

312 2031 550 2144 *eeclesiae
581 2033 707 2117 faciat
734 2033 930 2131 batinari,
972 2035 1012 2113 in
1042 2034 1292 2143 christianae
1319 2029 1416 2108 fidei

315 2152 653 2253 permodicum
694 2155 1006 2238 detrimentum.
1062 2143 1416 2266 Magnificentiam

315 2275 502 2354 restram
531 2274 809 2378 requirimus,
832 2300 1029 2376 rogamus
1055 2285 1099 2358 et
1126 2275 1349 2356 hortamur
1373 2274 1416 2353 iu

319 2395 493 2484 domino
535 2395 683 2476 Yehsu
741 2395 941 2490 Christo,
997 2403 1204 2500 quatenus
1258 2383 1417 2474 eisdem

316 2514 557 2598 ahristianis
585 2513 771 2600 efficacis
798 2513 1067 2600 deffensienis
1095 2511 1307 2620 praesidio
1325 2511 1416 2595 asis-

316 2639 475 2750 tentes,
503 2637 619 2744 ipsos
647 2661 730 2716 non
759 2636 1011 2742 permittatis
1040 2639 1090 2716 ad
1119 2635 1204 2718 isac
1247 2657 1325 2738 par
1350 2659 1416 2716 re·

319 2782 415 2860 gem
444 2758 705 2860 praedictum
735 2756 843 2834 trahi
871 2754 1011 2859 aliquo
1043 2756 1172 2833 modo
1200 2780 1275 2836 seu
1304 2753 1417 2836 iudu-

319 2879 371 2972 ci,
400 2879 611 2982 quinimo
641 2899 784 2978 regem
813 2881 963 2980 ipsum,
993 2899 1071 2978 per
1097 2885 1257 2954 vestras
1283 2875 1416 2979 speci·

318 3001 407 3086 uias
436 3000 596 3102 litteras
623 2999 841 3111 inducatis,
861 3006 915 3084 et.
932 2997 1256 3084 comminatorie
1284 2997 1318 3075 si
1347 3022 1417 3074 vo·

320 3105 392 3200 hi's'
409 3145 587 3202 necesse
615 3119 840 3219 ridebitur,
870 3119 1108 3222 requiratis,
1138 3127 1181 3197 ut
1209 3141 1230 3193 a
1259 3117 1417 3224 praeia-

320 3251 365 3322 tu
394 3267 544 3321 errore
585 3241 785 3332 desistat,
822 3251 864 3320 et
899 3238 1115 3343 praedicta
1154 3263 1229 3317 seu
1270 3238 1418 3316 similia

318 3361 494 3440 ulterius
523 3361 667 3442 faeere
694 3385 776 3439 uon
807 3365 1059 3464 praesumat.
1094 3357 1225 3438 Datae
1252 3358 1418 3436 Padusa

319 3483 454 3564 tercia
493 3481 598 3585 ydus
635 3483 763 3574 Maii,
816 3481 1085 3586 pontificatus
1123 3479 1281 3559 domini
1327 3477 1417 3558 Cia·

319 3603 470 3684 mentis
498 3603 636 3706 Papae
664 3603 797 3696 Viti,
826 3627 934 3681 anno
966 3611 1134 3682 octavu.

800 4223 1114 4294 Gnnmamnriaie
1140 4219 1197 4288 Ν.
1220 4224 1279 4290 cit.
1302 4223 1375 4288 tau
