3192 5112
1246 407 1280 422 ιι,
1374 427 1377 434 Ι

1239 431 1281 500 01
1447 460 1455 480 ι

1438 549 1449 560 F

192 631 304 716 iacta
332 641 475 717 nostra
501 637 541 714 iu
571 615 775 737 quolibet
802 657 926 724 casu,
954 617 1068 716 reiut
1107 637 1283 738 speciali
1427 739 1430 749 Δ

191 765 234 834 et
268 759 412 836 intimo
454 757 605 842 amieo,
647 778 768 857 quem
811 779 905 834 eum
947 763 1211 860 reputamus,
1240 765 1283 836 et

189 877 444 956 intendimus
483 899 654 978 semper
703 885 915 977 reputare.
968 876 1019 955 lit
1072 879 1283 956 scribatur

191 999 435 1101 dompno
466 997 692 1099 Heiyae,
721 996 836 1097 quod
862 999 1029 1101 piaceat
1055 1021 1102 1074 se
1129 997 1282 1076 iterum

191 1116 363 1216 fatigare
416 1115 467 1194 ad
518 1115 811 1196 dominum
871 1117 1075 1194 bonum
1130 1125 1173 1194 et
1226 1117 1279 1194 ia·

190 1260 291 1315 cere
325 1239 365 1316 ei
417 1238 540 1317 istam
592 1245 781 1315 nostram
837 1237 1182 1341 responsionem,
1239 1245 1282 1316 et

190 1357 305 1458 quod
356 1357 481 1435 nobis
535 1357 662 1437 iaciat
702 1365 848 1439 notum
903 1359 1102 1438 continue
1130 1366 1278 1457 totum,

191 1477 305 1579 quod
332 1475 382 1552 ab
411 1501 465 1554 eo
494 1475 688 1556 babuerit
727 1478 953 1584 superinde
988 1478 1055 1555 v'el
1085 1479 1162 1556 alia
1190 1479 1279 1560 sine

189 1597 404 1675 dilatione.
426 1595 479 1674 Et
505 1600 744 1677 scribentur
764 1599 873 1678 baec
897 1597 1092 1678 Nicoiino
1109 1607 1150 1678 et
1167 1595 1278 1701 quod

189 1724 395 1819 procuret
422 1741 517 1794 cum
553 1718 736 1821 dompno
764 1717 907 1816 Helia,
950 1720 1062 1821 quod
1090 1718 1212 1796 vadat
1239 1723 1281 1797 et

188 1837 314 1916 iaciat
340 1847 385 1915 ut
422 1845 487 1915 est
524 1839 704 1930 dictum,
732 1845 773 1916 et
801 1838 912 1917 iacto
953 1839 1039 1919 hoc
1080 1839 1279 1920 Venetiae

185 1967 434 2037 revertatur.
466 2051 469 2060 ,

288 2079 370 2158 Alii
398 2081 544 2157 volunt
577 2079 689 2182 quod
729 2079 989 2159 rescribatur
1029 2081 1054 2157 d
1071 2107 1097 2159 o
1113 2107 1152 2158 m
1167 2109 1194 2186 p
1210 2105 1234 2159 n
1251 2107 1276 2160 o

186 2197 546 2298 Halyaeete.
575 2205 775 2302 utsupra
803 2223 936 2301 usquc
964 2211 996 2292 ᾗ,
1026 2206 1278 2302 etpootmo·

185 2317 283 2396 dum
311 2317 485 2396 dicatur:
511 2317 565 2397 Et
591 2327 636 2396 ut
661 2319 703 2396 id
730 2319 878 2398 meiius
908 2319 998 2398 iieri
1036 2321 1180 2425 possit,
1207 2347 1277 2400 no·

185 2440 318 2525 lentes
347 2439 461 2541 quod
487 2463 566 2543 pro
607 2447 726 2544 parte
755 2449 902 2520 nostra
942 2441 1151 2535 demetat,
1179 2441 1276 2544 quin

183 2557 426 2662 pacificatio
456 2565 498 2636 et
524 2582 643 2635 amor
671 2561 724 2638 sit
754 2558 864 2638 inter
891 2561 1168 2640 dominum
1209 2583 1278 2640 re·

182 2699 305 2776 gem
341 2685 384 2755 et
422 2701 515 2770 nos,
556 2679 923 2759 determinavimus
964 2680 1014 2758 ad
1042 2682 1176 2790 ipsum
1215 2704 1276 2786 re·

183 2821 282 2899 gem
310 2799 477 2876 mittere
505 2807 677 2878 nostros
706 2801 947 2904 solempnes
984 2791 1276 2881 ambaxatores

183 2925 230 2996 ut
256 2917 465 3020 possimus
493 2921 763 2998 reconciliari
791 2945 886 3000 casm
914 2948 981 3007 eo,
1010 2929 1052 3000 et
1080 2925 1192 3026 quod
1221 2921 1276 3026 ip·

182 3063 260 3118 sos
300 3039 591 3117 ambaxatores
620 3049 662 3120 et
704 3041 809 3120 iacta
853 3049 893 3119 et
932 3042 1140 3122 honoiem
1181 3068 1274 3121 nos·

185 3168 294 3238 trum
323 3159 500 3264 placeat,
528 3168 572 3240 ut
586 3159 638 3238 de
666 3189 719 3241 eo
748 3162 925 3242 firmiter
951 3186 1180 3266 speramns,
1208 3161 1274 3240 ba·

187 3283 292 3360 bere
321 3281 610 3362 favorabiliter
638 3287 900 3376 comendata;
927 3293 970 3362 et
997 3293 1078 3364 cet.

651 3437 761 3504 Scor:
779 3439 869 3527 nog.
893 3437 965 3504 Lib.
991 3437 1017 3502 Ι.
1039 3439 1078 3503 Α.
1103 3437 1158 3502 cb.
1179 3439 1232 3502 68.

189 3740 212 3756 ..
310 3623 1148 3754 bXXlll.mamsehruarrr.
1260 3623 1273 3654 ’·

228 3835 487 3909 Repentinum
512 3853 549 3905 aa
574 3851 613 3893 ce
638 3853 716 3910 syna
743 3836 943 3909 aapobsbna
969 3853 1073 3895 aeeon
1104 3835 1230 3911 Apina.

286 4003 1012 4108 Captazquiacomesiiujni,
1060 4029 1272 4106 quemse·

182 4126 362 4206 eundum
390 4134 582 4204 nostrum
610 4126 846 4203 mandatum
875 4123 958 4205 huc
986 4125 1097 4204 misit
1123 4133 1272 4204 noster

184 4249 427 4354 capitaneus
454 4247 705 4355 pasynatici‚
734 4253 1013 4327 conservetur
1039 4247 1079 4325 in
1117 4245 1270 4326 Sancto
