3228 5108
1234 335 1315 411 „M

222 539 1314 653 riroliranciscoJustinianodilentoci·
1451 577 1454 583 ·

223 667 262 742 vi
277 673 322 744 et
335 661 458 742 fldeu·
474 673 636 750 nostro,
665 661 780 764 quod
807 661 1043 754 innomine
1072 662 1167 742 lesu
1197 661 1313 748 (ibri.

223 787 276 864 sti
303 785 428 862 vadas
455 793 604 865 noster
631 783 885 860 ambasiator
911 783 1102 860 solennis
1124 786 1314 872 curnistn
1421 839 1425 852 .

223 908 342 1008 galea
383 913 529 986 nostra
569 903 833 990 bauredana,
875 927 998 1006 quam
1038 902 1238 987 mittimus
1261 909 1315 990 ad
1410 911 1412 914 ’

223 1037 366 1130 partes
392 1023 598 1121 levantis,
615 1023 665 1102 ad
688 1025 957 1130 presentiam
972 1024 1131 1102 excelsi
1151 1031 1194 1103 et
1207 1041 1314 1127 moue

223 1143 902 1234 uuetuomrntuusutmanr
931 1121 1154 1232 darant,
1183 1171 1315 1248 mag..

226 1268 280 1346 ui
305 1265 585 1344 admirati
626 1263 968 1360 'l‘urchorum
998 1273 1165 1346 etcum
1191 1267 1316 1372 appiir

78 1401 80 1406 ’
226 1385 363 1464 coeris
378 1385 430 1462 ad
444 1387 702 1486 presentiam
729 1408 858 1474 suam,
887 1385 993 1462 lacta
1013 1385 1149 1488 primo
1178 1386 1315 1471 eidam
1411 1427 1414 1437 ·

226 1505 365 1584 debita
403 1515 447 1582 et
472 1502 713 1584 honorabili
739 1505 987 1583 salutatione
1017 1513 1059 1584 et
1086 1507 1316 1596 oblatione.

225 1623 381 1702 nostris
411 1623 742 1702 credentialibus
769 1622 898 1702 literis
940 1623 1219 1726 presentatio,
1242 1626 1316 1730 ip·

224 1767 316 1822 sum
344 1754 540 1846 tanquam
568 1745 758 1824 intimum
784 1745 964 1822 amicum
980 1746 1117 1824 nostri
1142 1745 1317 1827 dominii

224 1864 424 1942 salutabis
464 1873 584 1967 parte
612 1871 768 1950 nostra,
795 1865 1013 1944 ollerendo
1041 1889 1120 1949 uos
1148 1873 1342 1946 statum·

225 2007 308 2086 que
334 1989 525 2062 nostrum
553 1985 604 2062 ad
632 1985 848 2088 quaelibet
875 1991 991 2086 grata
1019 1987 1317 2074 et‘couiorrniu

223 2105 335 2184 votis
360 2105 460 2186 suis.
1068 2157 1070 2165 ι
1280 2134 1312 2196 A

328 2223 644 2327 subsequenter
658 2250 878 2332 exponere
900 2224 1068 2326 debeas,
1086 2227 1200 2329 qood
1214 2229 1317 2312 mit·

224 2355 360 2427 tantos
394 2353 639 2424 nostrorum
663 2345 851 2444 uestigia
876 2347 1206 2450 precessorum‚
1244 2351 1316 2452 qul

225 2465 447 2548 maximam
476 2465 742 2546 allectionem
769 2476 992 2565 gesserunt
1032 2468 1187 2548 illustri
1219 2495 1317 2556 cour

224 2587 319 2664 dam
355 2586 539 2686 genitori
564 2611 670 2678 suo,
712 2595 755 2666 et
781 2586 1079 2688 predecessori
1114 2589 1317 2681 eiusdem

226 2715 270 2786 ot
295 2731 321 2784 e
349 2731 560 2791 converso
600 2707 679 2812 ipsi
714 2706 1049 2812 predecessores
1076 2709 1140 2786 sui
1168 2717 1316 2794 noum

225 2827 426 2918 dominio,
454 2827 642 2906 misimus
672 2831 774 2908 te‘in
801 2832 991 2906 nostrum
1020 2827 1317 2918 honorabilem

130 3001 134 3008 ,
227 2947 551 3029 ambassiatorem
565 2951 615 3028 ad
632 2950 890 3052 presentiam
904 2971 1033 3036 suum,
1050 2954 1093 3026 et
1106 2949 1193 3030 lroc
1208 2950 1317 3052 prim

230 3069 426 3173 cipaliter
454 3093 534 3172 pro
563 3070 768 3150 visitando
799 3063 1090 3150 celsitudinem
1118 3092 1247 3158 suam,
1275 3077 1318 3150 et

224 3189 391 3270 insimul
419 3189 732 3289 congaudendo
748 3191 801 3270 de
819 3190 1018 3273 felicibus
1046 3191 1319 3285 successibus

226 3309 327 3402 suis,
337 3335 447 3414 quos
461 3317 656 3411 tunquam
671 3312 871 3412 proprios
886 3318 1129 3414 reputamus
1146 3317 1316 3412 etrepu

226 3437 315 3508 tare
343 3429 592 3510 intendimus
615 3431 870 3516 infuturum,
900 3455 996 3508 eum
1024 3453 1145 3512 mens
1173 3436 1318 3519 nostra

225 3547 280 3629 sit
306 3555 461 3626 tantum
492 3551 602 3628 bene
616 3550 814 3653 disposita
829 3572 977 3626 vorsus
992 3546 1317 3647 magnitudinem

225 3691 369 3760 saram,
413 3677 618 3770 quantum
633 3671 731 3766 plns
760 3695 858 3748 esse
898 3667 1059 3770 possit,
1099 3673 1317 3770 sperantes

225 3813 322 3888 ymo
347 3792 505 3871 acerto
534 3797 739 3880 tenentes,
754 3788 868 3890 quod
895 3811 970 3865 sua
998 3786 1248 3888 excellentia
1275 3797 1318 3872 et
1341 3847 1343 3855 ,
1439 3773 1443 3780 ¹

226 3907 394 3987 excelsa
419 3933 493 3994 sua
528 3909 720 4012 potentia
761 3907 953 3986 similitor
991 3905 1131 4004 vigilat
1172 3929 1319 4001 versus
1431 3986 1434 3992 ,

227 4051 303 4106 nos
332 4036 376 4122 et
399 4035 553 4138 statum
580 4034 791 4116 nostrum,
818 4032 860 4104 et
886 4033 931 4104 ut
958 4025 1038 4106 ista
1064 4029 1211 4104 nostra
1236 4027 1315 4108 sin,

16 4251 18 4260 y
226 4171 327 4228 cera
352 4147 523 4230 dilectio
552 4145 830 4253 perlectoque
867 4146 1019 4258 caritas
1055 4147 1211 4226 clarius
1237 4145 1318 4224 elu-

171 4318 175 4332 ι
227 4277 383 4362 caecat,
403 4294 560 4360 ⁴sumus
583 4267 774 4373 dispositi
803 4291 898 4366 cum
925 4266 1100 4357 licentia
1125 4265 1316 4372 suaamity.
