3212 5116
182 641 264 694 non
311 615 490 696 debcant
531 618 727 717 assignari
783 619 977 698 dominae
1029 622 1273 723 praedictae

181 763 262 816 nec
288 739 450 818 nunciis
476 739 575 825 suis,
604 739 683 816 nisi
723 741 839 840 prius
876 741 1033 818 iaceret
1061 742 1271 844 promissi·

182 883 307 936 onem
349 861 560 936 dictorum
604 860 728 938 trium
771 859 987 938 hominum
1016 885 1094 961 pro
1133 861 1271 940 Culto.

179 979 231 1055 m
271 982 515 1075 comittatur
556 979 769 1081 provisori
811 987 957 1059 nostro
988 979 1055 1059 Sr.
1096 979 1270 1076 Pacatio

180 1101 407 1203 Malipetro
436 1110 479 1179 et
505 1103 571 1178 Sr.
614 1103 835 1180 heccardo
877 1103 1136 1193 'Previsano‚
1163 1104 1272 1183 vice·

180 1223 408 1324 capitaneis
427 1221 547 1312 Culfi,
575 1221 722 1325 quibus
740 1224 1006 1324 assignentur
1031 1223 1177 1302 literae
1207 1250 1271 1327 pa-

180 1351 343 1432 tentes,
385 1344 499 1446 quod
540 1347 694 1424 dictam
736 1344 1061 1446 promissionem
1092 1343 1273 1423 debeant

181 1472 406 1563 acceptare
447 1473 489 1542 ct
529 1464 725 1568 recipere
763 1489 785 1542 a
828 1463 996 1542 domina
1048 1455 1270 1566 suprafata}
1376 1495 1378 1502 ·

180 1587 359 1685 insuper
393 1587 636 1666 comittetur
681 1587 910 1688 capitaneis
939 1587 1093 1664 nostris
1151 1585 1271 1676 Cuia,

180 1707 252 1808 qui
284 1713 406 1784 erunt
432 1731 509 1808 per
538 1713 743 1809 tempora,
772 1706 885 1808 quod
913 1707 1078 1806 quando
1108 1707 1188 1786 erit
1209 1731 1270 1786 re·

178 1827 552 1906 diturusVenetias
581 1827 728 1930 aliquis
758 1851 921 1916 eorum,
938 1827 1118 1904 debeant
1146 1830 1270 1932 depo·

177 1973 282 2026 nere
310 1948 404 2024 iilos
434 1952 519 2030 tres
548 1947 740 2024 homines
768 1950 809 2026 in
840 1951 995 2024 terram
1027 1949 1064 2024 in
1091 1948 1161 2024 iilo
1192 1945 1270 2024 abi·

179 2069 273 2146 iiori
304 2069 417 2155 ioco,
444 2091 569 2170 quem
599 2067 803 2169 poterint,
832 2077 876 2146 ut
904 2068 1076 2146 redeant
1102 2068 1270 2146 domum

93 2203 96 2208 ’
177 2190 269 2266 sire
298 2191 348 2266 ad
389 2195 531 2290 partes
560 2211 735 2275 eorum,
790 2188 1006 2289 quomodo
1050 2189 1270 2266 comodius

178 2308 270 2386 ficri
299 2308 468 2410 poterit.

601 2408 695 2474 alisii
720 2411 775 2472 dcl
800 2409 952 2475 Senatu.
979 2412 1049 2477 XL.
1074 2411 1131 2475 eh.
1159 2412 1228 2475 158.

206 2546 1246 2671 CLX101388.lndict.xn.inducitis.-
1299 2555 1303 2564 '

178 2713 301 2784 iipaaro
337 2709 510 2766 Pannona
544 2723 736 2779 uoaaoaara
762 2725 825 2774 ce,
857 2725 896 2778 pa
921 2723 1013 2766 roma
1044 2721 1167 2766 canera
1206 2725 1270 2766 aaa

487 2813 644 2870 Macram
668 2828 751 2870 nasa
778 2810 956 2872 Marsacis.

283 2946 439 3050 Capta:
476 2947 597 3046 Quod
625 2949 898 3026 serenissimo
928 2946 1099 3024 domino
1144 2947 1270 3045 regi

178 3069 213 3143 R
229 3093 285 3145 as
300 3093 319 3143 s
336 3067 348 3143 i
363 3093 384 3145 a
399 3095 435 3166 e,
467 3068 552 3146 hoc
580 3066 855 3146 amicabiliter
895 3066 1141 3168 requirenti>
1171 3090 1265 3143 con·

184 3191 371 3277 cedatur,
401 3189 513 3290 quod
528 3187 662 3293 possit
689 3189 833 3267 facere
863 3181 1028 3267 adtrahi
1055 3189 1107 3264 de
1136 3190 1270 3264 Vene-

186 3309 253 3387 tiis
282 3319 326 3385 et
352 3313 532 3388 conduci
567 3310 616 3387 ad
644 3317 788 3413 partes
815 3333 932 3394 suas,
960 3309 1097 3384 vinnm
1124 3307 1269 3382 Mono-

185 3429 325 3508 vasiac
353 3430 402 3507 ad
431 3431 616 3507 valorem
645 3430 894 3506 ducatorum
922 3429 1214 3506 ducentorum.

617 3569 712 3634 misti
735 3569 792 3634 dei
817 3569 959 3634 Sancto
984 3567 1051 3630 XL.
1077 3568 1132 3631 cir.
1158 3535 1252 3628 lla(

421 3707 634 3808 anxir.
664 3734 774 3808 1388.
803 3735 839 3807 s.
868 3725 1020 3807 mair.

179 3889 377 3964 doasoaaaa
403 3903 441 3946 ce
461 3905 499 3959 ua
523 3905 719 3946 nocaanunc
745 3905 850 3964 spara
874 3891 1043 3946 Pamrors
1069 3900 1160 3961 ponc
1190 3901 1270 3959 npe-

375 3993 414 4048 tm
439 4009 476 4048 rra
503 3989 592 4048 racia
618 3992 819 4050 Macraanoii
843 4010 862 4068 y
888 3987 1073 4050 Caanoniro.

284 4125 424 4225 Capta:
459 4123 581 4226 'Quod
624 4151 727 4204 rrnrrs
769 4128 1014 4204 ambaxator
1055 4104 1267 4202 serenissi-
1304 4107 1308 4114 ¹

181 4247 237 4323 mi
265 4247 420 4324 d⁰mi¹¹i
462 4273 483 4324 ¹¹
498 4273 562 4350 66
575 4248 622 4325 is
664 4247 922 4347 Ruscino,
968 4249 1101 4350 possit
1138 4247 1268 4324 lavari
