3224 5110
1220 399 1287 473 m'
1426 464 1428 474 ,

189 609 297 686 trahi
340 609 484 688 iacere
524 610 577 687 de
618 609 805 713 qualibet
845 607 965 712 parto
1006 613 1137 691 nostri
1166 616 1285 714 regni

190 721 441 808 mercantias
468 733 668 834 pecunias
695 739 737 808 ot
764 754 834 810 res
862 755 1147 836 quascumque
1171 735 1284 810 votn-

188 851 310 927 srint.
340 849 485 930 item
512 851 800 955 promittimus
827 851 964 929 cidem
986 851 1158 931 domino
1187 853 1284 932 duci

189 979 231 1048 ct
258 970 447 1050 dominio
476 971 759 1065 venetiarum,
787 975 901 1074 quod
930 973 1215 1076 precipiemns
1243 982 1285 1050 st

189 1117 284 1168 curn
310 1093 461 1172 effectu
492 1095 707 1182 iaciemus,
738 1093 850 1195 quod
867 1117 1016 1172 omnes
1034 1094 1167 1172 nostri
1195 1117 1286 1174 rec·
1443 1173 1454 1198 ,

191 1219 322 1301 toron,
350 1213 586 1303 castellani,
622 1217 785 1318 aupaci,
806 1213 973 1312 judices
1011 1225 1052 1294 et
1094 1213 1160 1294 atii
1202 1214 1286 1291 otn-

192 1333 323 1412 ciuiss
352 1337 467 1434 regni
505 1337 656 1425 nostri,
692 1337 849 1414 dabunt
877 1333 1073 1412 auxilium
1103 1341 1145 1413 st
1174 1336 1284 1414 iaro-

188 1477 278 1530 rsm
308 1455 622 1535 neccessarium
660 1457 914 1560 supradietis
947 1457 1122 1534 Venetis
1149 1455 1286 1534 subdi-

190 1577 240 1650 tis
268 1581 310 1651 ct
337 1573 529 1653 fidelibus
556 1579 849 1665 venetiarum,
878 1585 921 1656 et
950 1577 1060 1680 quod
1098 1579 1286 1681 provide·
1417 1572 1422 1583 '

191 1693 317 1788 bitur,
346 1699 461 1798 quod
490 1697 530 1776 in
560 1697 747 1800 quaiibet
773 1703 894 1800 ports
924 1697 1041 1798 regni
1069 1699 1219 1793 nostri,
1234 1700 1285 1777 ad
1378 1695 1380 1702 ’

194 1839 315 1917 quiam
345 1815 615 1896 declinabunt
653 1815 836 1920 predicti
864 1817 1016 1895 Veneti
1059 1816 1217 1896 subditi
1244 1823 1286 1896 st

189 1936 335 2015 fideles
364 1933 652 2028 Venetiarum,
680 1935 894 2018 habebunt
922 1938 1073 2015 domos
1109 1963 1188 2040 pro
1219 1963 1287 2016 eo·

190 2079 282 2133 rnm
311 2057 585 2144 habitatione,
614 2057 821 2135 solvendo
852 2067 1049 2158 quantum
1081 2058 1163 2136 crit
1190 2081 1287 2136 oon·

189 2177 375 2263 veniens,
405 2183 447 2255 et
475 2180 589 2280 qnod
619 2179 912 2256 tractabuntur
939 2179 980 2254 in
998 2177 1286 2281 quaiibstpar·

193 2303 234 2374 tc
264 2297 381 2396 regui
409 2297 542 2376 nostri
572 2296 867 2376 favorabiliter
888 2306 929 2376 et
946 2295 1137 2396 benigno.
1164 2297 1287 2376 Item

32 2473 41 2496 .
189 2420 478 2497 concessimus
519 2419 655 2497 eidem
698 2419 872 2496 domino
900 2418 996 2496 duci
1025 2429 1068 2496 st
1096 2417 1286 2498 dominio

166 2533 472 2629 Veneriorum,
500 2540 611 2642 quod
628 2541 782 2618 tiumsn
810 2539 876 2616 No
892 2563 947 2617 re
963 2565 988 2616 n
1006 2540 1058 2626 ti,
1087 2547 1129 2618 at
1148 2542 1287 2620 omnia
1365 2631 1367 2636 Ι

190 2658 270 2736 alia
309 2659 504 2748 fiumina,
532 2685 582 2738 uc
611 2685 759 2737 omnes
799 2660 880 2738 aiio
923 2683 1032 2760 aque
1073 2659 1219 2739 dulces
1247 2669 1287 2739 ct

191 2781 302 2858 saise
332 2781 458 2858 totins
488 2779 606 2880 regni
636 2781 790 2878 riustri,
829 2781 910 2858 sint
936 2789 1083 2882 apertu
1111 2780 1286 2858 Venetis

191 2901 369 2979 subditis
398 2907 441 2981 st
470 2901 660 2980 tidoiibus
689 2903 976 2989 venetiarum,
1007 2901 1146 2982 tntitsr
1173 2899 1286 3003 quod

192 3020 326 3098 iibere
354 3025 397 3097 et
423 3043 588 3104 scotare,
620 3021 672 3099 dc
700 3017 769 3098 dic
798 3023 920 3098 etde
948 3027 1090 3112 nocte,
1118 3021 1159 3098 in
1187 3025 1286 3096 tom·

191 3165 300 3244 pore
327 3141 445 3244 pacis
464 3151 507 3219 st
524 3140 563 3217 in
580 3155 777 3245 tompore
805 3161 973 3240 guterre,
1003 3138 1167 3241 possint
1191 3163 1287 3217 cnm

189 3259 361 3360 navigiis
397 3259 526 3360 galeis
568 3257 739 3338 armatis
784 3257 953 3338 barchis
995 3267 1038 3337 et
1078 3283 1173 3338 cum
1202 3257 1287 3340 alio

191 3382 305 3458 omni
334 3401 492 3480 genere
521 3379 808 3480 navigiorum,
850 3403 944 3458 cram
987 3378 1072 3456 suis
1099 3401 1286 3457 morcan-

190 3503 260 3580 tiis·
286 3501 472 3582 donariis
501 3511 542 3580 ct
578 3499 699 3579 bonis
741 3497 1100 3603 quibuscumque,
1140 3499 1286 3578 ramiro

188 3629 299 3699 stare
329 3627 371 3699 et
399 3619 552 3711 redire,
579 3623 668 3700 sinc
695 3621 913 3700 solutions
942 3619 1173 3718 otborsgii,
1200 3619 1286 3698 tun

188 3741 310 3842 dagii,
337 3741 437 3841 datij
465 3743 690 3841 tergovine
718 3742 784 3818 vet
816 3742 993 3841 atiquus
1021 3741 1194 3820 alterius
1222 3766 1287 3819 so·

188 3861 372 3940 iutionis.
399 3861 681 3962 lntetiig'sndo
719 3860 833 3963 quod
872 3862 1104 3964 supradicti
1131 3861 1287 3941 Veneti

189 3979 344 4061 subditi
373 3969 416 4060 et
443 3980 590 4059 fideles
626 3981 899 4060 Vcnctiarum
937 4005 1021 4060 non
1049 3980 1287 4084 possintne

193 4099 400 4204 impedire
428 4099 482 4181 dc
509 4103 611 4194 sate,
631 4101 717 4180 nisi
746 4125 800 4179 cx
829 4123 1039 4180 consensu
1067 4107 1110 4178 et
1141 4099 1287 4178 volun·

189 4229 275 4302 tato
291 4229 448 4300 nostra.
477 4221 623 4304 ltsm
650 4221 933 4329 promittimus
955 4219 1199 4326 supradicto
1214 4221 1287 4300 do·
