3234 5116
1184 293 1253 358 ab!

154 497 258 580 mini
284 501 418 594 ducis,
447 509 489 578 et
517 499 709 578 comunis
735 498 1252 587 venetiarum‚:modo,et

155 619 436 722 promissione
481 619 676 722 superius
706 641 944 722 expresso,
982 619 1254 720 promitendo

155 737 276 817 nobis
302 739 411 820 ultra
439 747 669 820 sexcentos
699 737 875 818 ducatos
893 813 895 818 ,
914 738 1145 840 predictos,
1180 739 1253 842 do·
1321 803 1326 808 .

156 885 268 938 mum
296 883 418 962 quam
445 859 706 938 habebamus
747 858 786 936 in
825 857 1182 952 civitatessalari,
1211 860 1255 946 li·

158 981 262 1059 bere
291 989 334 1058 et
362 981 672 1084 expedite,per
699 977 1009 1080 modum‚quod
1036 980 1181 1082 ipsam,
1212 993 1255 1058 et
1334 1021 1343 1039 ·

158 1099 212 1177 da
228 1102 316 1202 ipsa
345 1099 491 1179 lacere
516 1099 749 1202 poterimus
778 1097 1257 1190 libitumvnostrumsnt

159 1223 346 1322 quamvis
373 1221 588 1300 videamus
615 1230 653 1297 el
685 1243 1016 1320 cognoscamus,
1043 1217 1128 1298 hoc
1158 1244 1257 1298 esse

159 1365 256 1420 cum
277 1341 492 1422 dedecore
507 1349 550 1420 el
567 1341 796 1436 incomoda
823 1349 970 1422 nostre
987 1341 1257 1441 ,magnificen-

161 1461 232 1547 tie,
246 1470 386 1542 tamen
417 1463 683 1542 resolventes
711 1463 751 1539 in
782 1471 922 1542 mente
950 1473 1106 1548 nostra,
1136 1487 1260 1565 quan-

162 1594 248 1662 tum
277 1585 464 1690 prompti
492 1608 633 1662 snmus
664 1592 706 1660 et
734 1585 773 1661 in
804 1583 987 1662 futurum
1016 1585 1147 1664 multo
1165 1607 1259 1674 ,ma-

161 1707 226 1806 gis
254 1704 462 1810 dispositi,
494 1704 639 1784 lacere
667 1709 718 1782 de
748 1703 887 1794 rebus,
915 1732 997 1810 que
1025 1706 1108 1784 sint
1144 1711 1261 1804 grate

163 1825 333 1926 prelato
363 1825 636 1904 serenissimo
665 1825 838 1905 domino
881 1826 977 1904 duci
1015 1835 1058 1905 et
1086 1829 1259 1908 comuni

164 1947 465 2030 venetiarum.
510 1972 701 2024 necnon
731 1947 1050 2040 considerantes
1094 1948 1263 2028 iabores

166 2063 356 2154 habitos,
398 2075 440 2144 et
482 2089 631 2168 passos
658 2090 738 2169 per
765 2069 921 2146 dictum
950 2067 1164 2156 dominum
1190 2065 1261 2143 do·

165 2186 343 2264 hannem
373 2187 561 2287 Georgio
591 2185 960 2281 ambassiatorem,
988 2191 1059 2292 qui
1086 2189 1264 2268 diversis

167 2309 431 2412 temporibus
459 2307 706 2386 multotiens
734 2308 812 2384 luit
839 2309 889 2385 ad
917 2309 1172 2411 presentiam
1194 2334 1264 2388 no·

172 2437 314 2527 stram,
344 2429 521 2506 multum
549 2431 674 2508 etiam
703 2439 781 2506 nos
806 2429 1009 2508 inducunt
1035 2429 1084 2506 ad
1115 2429 1265 2510 lacien-

168 2549 279 2638 dum,
295 2573 375 2650 que
402 2539 523 2628 nobis
551 2549 789 2652 explicavit,
821 2555 863 2629 et
890 2550 948 2627 ad·
964 2549 1264 2629 removendum

169 2669 393 2748 demente
430 2677 575 2748 nostra
613 2668 925 2748 ammissionem
955 2669 1108 2750 Catari.
1163 2669 1267 2768 Qua·

157 2783 347 2892 ‘propter
372 2797 524 2869 tenore
565 2799 802 2868 nostrarum
841 2791 1099 2894 presentium
1130 2798 1267 2894 palen-

171 2913 273 2990 tiam
301 2911 544 3002 litcrarum,
571 2911 857 3014 promittimus
896 2911 935 2989 in
967 2911 1045 2990 Dei
1080 2912 1267 2996 nomine,

173 3030 287 3110 dicto
331 3030 504 3110 domino
545 3029 731 3108 «iohanni
771 3031 955 3130 Georgia
996 3031 1268 3113 ambasiatori

163 3152 315 3256 prelati
357 3153 598 3232 serenisimi
640 3151 799 3230 domini
836 3153 955 3233 ducis
992 3161 1036 3232 et
1074 3150 1266 3233 comunis

165 3273 453 3360 venetiarum,
503 3277 616 3377 quod
673 3299 748 3350 nos
791 3276 1038 3375 magnificus
1081 3271 1269 3375 vayvoda

166 3395 335 3474 Sandali
363 3396 569 3482 bussina,
612 3403 655 3474 ct
681 3395 892 3498 magnifici
932 3397 1083 3476 fratres
1122 3394 1270 3480 nostri,

167 3521 209 3592 et
236 3516 386 3594 domus
425 3523 581 3610 nostra,
622 3542 718 3596 cum
748 3523 842 3596 tolo
884 3521 1034 3596 nostro
1063 3514 1269 3601 dominio,

168 3635 361 3714 volumus
389 3660 590 3726 amorem,
621 3639 832 3726 unionem,
875 3637 1101 3716 amicitiam
1130 3644 1173 3714 et
1199 3633 1271 3713 bo·

167 3779 260 3833 uam
286 3781 436 3860 pacem
478 3758 651 3846 habere,
679 3781 773 3836 cum
817 3757 981 3858 prelato
1020 3755 1269 3834 serenisImo

168 3885 212 3956 et
239 3877 603 3957 excellentissimo
633 3877 825 3980 principe
867 3877 1052 3966 dominu,
1095 3875 1270 3956 domiuo

167 3997 398 4077 Francisco
427 3997 605 4078 Foseari
634 3998 703 4076 dei
732 3999 864 4098 gratia
891 3997 1039 4078 inclito
1068 3999 1271 4077 duceVe-

167 4120 393 4208 notiorem,
423 4142 474 4198 ac
498 4145 680 4200 comune
704 4120 1000 4214 Venellorum,
1028 4143 1078 4200 ac
1100 4111 1274 4222 promit-¹
