3212 5116
1218 465 1221 481 ⁸
1237 453 1299 521 lffl

214 661 267 738 tis
295 657 481 762 partibus
509 646 668 759 absque
687 661 887 736 'mandato
917 667 1077 738 nostro.
1126 659 1178 738 itt
1204 684 1298 766 pro·

210 781 404 858 videatur
430 779 699 861 nihilominus
728 780 895 860 interim
921 782 974 858 de
1002 779 1078 858 hiis
1106 805 1213 884 quae
1241 784 1295 862 vi·

212 903 415 981 derentur
453 903 712 1005 providenda
738 923 819 1004 pro
860 901 1025 978 honore
1066 909 1214 980 nostro
1256 911 1299 982 et

197 1023 536 1100 conservatione
578 1029 785 1099 terrarum
822 1029 864 1097 et
904 1023 1098 1100 iocorum
1135 1029 1296 1101 nostro·

211 1163 304 1220 rum
338 1141 516 1243 partium
555 1142 876 1244 praedictarum.

315 1328 367 1408 Et
407 1335 551 1434 portet
577 1327 713 1407 dictus
753 1330 886 1408 iturus
928 1331 1087 1410 litteras
1127 1336 1297 1408 nostras

211 1450 477 1530 continentes
517 1473 623 1528 nova
665 1449 802 1528 habita
842 1459 885 1528 et
937 1448 1022 1529 hoc
1061 1451 1296 1530 mandatum

210 1577 414 1662 nostrum,
452 1578 493 1648 et
530 1593 600 1648 eas
629 1570 804 1648 dimittat
830 1570 870 1646 in
898 1572 1087 1673 qualibet
1114 1577 1229 1648 terra
1256 1578 1299 1648 et

210 1693 311 1770 ioco
340 1693 486 1769 nostro
517 1691 567 1766 ad
595 1713 717 1792 quam
746 1691 812 1768 vei
842 1692 893 1770 ad
918 1715 1042 1792 quem
1069 1690 1156 1778 ibit,
1184 1699 1227 1770 ut
1255 1691 1295 1768 in

209 1835 410 1914 casuquo
439 1835 523 1890 non
551 1819 698 1913 posset
726 1813 918 1916 reperire
935 1815 1194 1915 capitaneum
1223 1836 1296 1892 nc·

205 1941 339 2011 strum
366 1929 632 2034 predictum,
671 1931 782 2010 idem
821 1932 1060 2034 capitaneus
1087 1955 1165 2035 per
1204 1954 1294 2012 rec·

207 2064 326 2132 tores
367 2057 538 2129 nostros
577 2049 736 2130 habere
789 2051 923 2152 possit
974 2051 1064 2154 ipsa
1103 2075 1214 2129 nora
1255 2057 1297 2127 et

179 2156 366 2250 'dictum
392 2173 631 2250 mandatum
657 2181 861 2250 nostrum.

588 2339 681 2408 Misti
704 2343 762 2408 dei
785 2343 925 2410 Senatu
951 2339 1095 2408 XXVii.
1121 2341 1177 2408 eh.
1200 2343 1252 2408 50.

340 2530 538 2629 cxlii.
570 2555 680 2629 rasa.
723 2547 1169 2632 17.·uecemn1·ts

205 2763 348 2820 tisanae
373 2777 412 2820 οο
433 2762 608 2834 itauenany
634 2778 722 2836 uopa
745 2779 763 2818 a
789 2763 967 2820 annosam·
993 2777 1293 2838 cupersanensis

203 2879 303 2935 rasae
325 2864 458 2936 peoora
481 2865 634 2938 rapiant
658 2868 793 2940 ltsaccy
819 2883 837 2924 ι
862 2855 1037 2940 capsanus·
1068 2879 1087 2920 ι
1112 2881 1149 2924 aa
1172 2879 1294 2938 sonum

204 2985 308 3025 aauo
334 2985 423 3050 ona,
457 2986 477 3044 y
501 2965 601 3027 ainau
638 2985 853 3044 cymiteria,
887 2967 972 3027 nem
997 2965 1134 3054 ppprnis
1167 2985 1291 3027 aurato

201 3086 319 3148 uaeas,
346 3089 426 3142 osae
448 3089 486 3143 pa
508 3069 539 3130 iit
562 3089 646 3148 μοι]
670 3089 690 3128 a
715 3089 797 3130 raso
822 3089 910 3144 noan
927 3075 1103 3148 Maecenay
1126 3089 1295 3150 aaruraay,

245 3191 284 3246 aa
309 3191 373 3232 ose
397 3191 521 3250 oouaay
544 3193 627 3251 napa
651 3175 853 3251 (ipticaom
877 3193 963 3234 cauo
987 3193 1025 3248 aa
1048 3177 1142 3234 setin
1168 3191 1251 3234 nare

583 3281 801 3355 yyarapcre
825 3297 921 3356 pyrae.
999 3304 1002 3312 ’

312 3430 465 3535 Capta:
519 3431 636 3530 Quod
668 3433 896 3537 capitaneo
924 3443 1071 3511 nostro
1100 3431 1225 3509 maris
1252 3439 1295 3509 et

206 3553 457 3632 consiliariis
484 3553 568 3630 suis
596 3553 831 3641 scribatur,
868 3554 982 3655 quod
1010 3553 1050 3629 in
1079 3575 1177 3631 casu
1207 3578 1290 3654 quo

202 3679 341 3749 castra
381 3671 594 3774 Clissii
635 3673 1045 3754 etScardonae
1086 3697 1291 3777 nonpos·
1362 3726 1367 3740 ·

204 3800 300 3871 sent
325 3794 484 3874 habere
519 3819 599 3902 per
625 3798 775 3874 modos
804 3797 955 3897 quibus
988 3793 1134 3872 haberi
1162 3797 1291 3901 scrip·

202 3915 359 4004 simus,
388 3923 429 3993 et
468 3917 659 3993 viderent
686 3937 890 4020 capesse
935 3915 1093 3992 habere
1122 3918 1291 4018 promit·

203 4037 331 4114 tendo
359 4035 537 4136 aliquam
565 4035 768 4137 pecuniae
798 4036 1091 4136 quantitatem,
1126 4039 1292 4140 possint

203 4157 455 4260 promittere
496 4165 539 4234 et
567 4157 811 4260 expendere
852 4181 932 4262 pro
974 4158 1171 4238 habendo
1209 4181 1287 4236 am·

207 4279 263 4357 bo
292 4275 380 4380 ipsa
422 4283 558 4356 castra
586 4301 681 4360 cum
709 4275 915 4360 tortiticiis
949 4281 1049 4374 suis,
1077 4303 1210 4386 usque
1239 4283 1289 4364 ad
