3190 5110
1101 563 1144 636 ω

65 771 178 862 ditor,
206 782 249 851 et
274 775 384 854 ideo·
400 773 642 852 mandemus
685 773 744 850 eis
761 789 775 860 ,·
814 774 929 876 quod
945 779 1144 878 ''respou-

63 892 180 973 desnt
207 892 318 974 dicto
361 895 566 976 comiti
606 889 883 993 iliad'ino,
929 917 1145 974 recomen-

63 1013 193 1094 dando
234 1039 329 1093 eum
356 1016 409 1094 de
436 1015 514 1094 sua'
550 1016 661 1094 bonu
702 1015 991 1119 dispositione,
1021 1037 1146 1119 quum

61 1131 184 1212 habet
209 1135 250 1212 in
277 1135 513 1215 honoribus
540 1136 676 1215 nostri
715 1136 922 1236 comunis,
953 1135 1029 1214 sed
1055 1157 1148 1238 pre·

60 1253 286 1333 sontiuiiter
325 1255 547 1334 intendere
587 1279 673 1332 non
702 1261 879 1358 possunt
907 1255 958 1332 nd
987 1252 1145 1350 dictum

62 1371 226 1462 fautum,
255 1383 298 1454 et
325 1371 531 1454 recedant
558 1401 580 1454 a
609 1377 733 1466 facto,
757 1400 854 1464 curn
879 1374 958 1454 hiis
987 1382 1030 1453 et
1057 1374 1146 1452 aliis

58 1495 218 1599 pulcris
270 1495 439 1585 verbis,
488 1519 596 1596 quae
650 1493 711 1571 eis
753 1495 1009 1574 videbuntur
1049 1521 1147 1573 eon·

56 1617 219 1698 venire.

318 1741 320 1744 ⁵
512 1752 619 1820 Secr.
643 1755 734 1840 Rog-
759 1752 834 1820 Lib.
858 1753 882 1820 1.
907 1754 946 1819 Α.
970 1753 1105 1820 en.-ez.

48 1975 281 2076 ΧΙΝΙΙ.
325 1999 434 2074 nos.
470 1995 598 2074 inus
634 1995 744 2074 xlv.
794 1999 842 2074 rs
867 1993 1146 2072 tannarii.

41 2207 260 2266 Bauiuseuo
295 2223 421 2264 nnosrn
454 2222 643 2264 snesonsn
669 2223 687 2262 n
713 2205 920 2265 oomnnma
948 2191 1147 2281 ‘Ayoposau

39 2305 129 2388 sol,
152 2307 391 2386 Tporsporoit,
414 2309 618 2367 cnssroroit
635 2333 650 2378 ,>
669 2308 915 2368 lllnoennssofi
940 2325 958 2364 n
983 2292 1161 2386 sorssors

152 2427 190 2484 ps
214 2419 346 2478 nomaso
368 2413 473 2487 φρει)
498 2427 603 2488 oueny
637 2411 766 2472 aaron
790 2429 879 2484 nom·
903 2413 1048 2487 anpaps.
1161 2411 1163 2418 ’

161 2577 327 2684 Capta:
346 2579 456 2684 quod
483 2579 689 2660 scribatur
730 2581 884 2658 nostris
924 2581 1145 2659 eomiti-

30 2703 158 2779 bus
190 2699 734 2779 etoomunitatibus
768 2701 995 2801 Rugusii,
1032 2700 1146 2778 Tru·

22 2941 394 3024 recomendnndo
436 2939 559 3018 fidem
602 2949 644 3020 et
683 2942 953 3020 devotionem
997 2967 1145 3022 eorum

21 3067 97 3145 de
150 3061 271 3163 lignis
312 3070 354 3141 et
392 3061 585 3163 gentibus
624 3065 732 3156 suis,
782 3089 883 3166 quas
928 3067 1149 3142 tenuerunt
1271 3057 1276 3070 '

15 3189 259 3266 hactenus
295 3185 346 3262 ad
382 3189 569 3262 nostrum
607 3183 815 3262 honorem
853 3191 896 3263 et
932 3186 1147 3264 servitium

13 3337 48 3389 c
70 3331 107 3384 o
131 3307 268 3380 ntra
306 3303 334 3379 J
349 3303 552 3383 odram.
607 3303 661 3382 ut
688 3305 799 3406 quod
827 3331 922 3385 eum
950 3305 1148 3383 faciamus

5 3421 208 3538 parari
234 3425 406 3502 nostros
434 3425 616 3514 tercios,
643 3448 722 3528 pro
764 3425 967 3506 mittendo
1006 3451 1080 3504 eos
1107 3426 1147 3504 iu

5 3540 253 3656 proximo
292 3541 342 3619 ad
370 3549 557 3622 nostrum
599 3544 842 3636 exercitum,
869 3547 967 3624 toeo
1008 3570 1149 3624 secun-

10 3685 232 3753 «orum,
274 3665 345 3765 qui
371 3691 481 3746 nunc
508 3666 579 3742 ibi
593 3673 712 3784 spnt,
750 3665 900 3743 iaciant
925 3669 1064 3771 parari
1091 3645 1149 3743 iiii

1 3793 91 3870 fle
137 3781 408 3883 Rugusio
437 3811 535 3864 suos
563 3786 732 3872 torcios,
758 3792 800 3862 et
829 3784 931 3863 aliae
959 3783 1149 3864 civitates

6 3924 54 3992 2t
96 3903 405 3987 comunitates
433 3930 529 3983 suos
557 3911 715 4006 gentes
730 3930 835 4009 quos
863 3909 906 3983 et
932 3929 1033 4008 quus
1062 3907 1149 3984 mit·
1222 3931 1224 3937 ’

1 4053 128 4118 ,ηε
188 4025 370 4103 debeant
398 4026 448 4102 ud
476 4027 631 4104 dictum
673 4024 905 4104 exereitum
944 4032 1146 4127 nostrum,

1 4177 131 4237 oco
195 4169 394 4244 suorum,
437 4147 507 4250 qui
542 4147 850 4252 presentialiter
887 4147 926 4223 in
962 4151 1148 4238 exercitu

16 4279 205 4360 ostro
234 4273 341 4344 sunt.
370 4267 421 4346 iit
447 4266 654 4347 scribatur
681 4269 742 4346 eis
770 4268 873 4355 dies,
902 4294 985 4372 quo
1015 4270 1148 4348 nostri

14 4404 125 4486 inc
171 4389 395 4468 recessuri
422 4397 527 4480 sunt,
554 4398 600 4469 ut
625 4391 706 4470 siut
733 4391 944 4470 informati
972 4391 1024 4470 de
1048 4397 1147 4470 tem·
1207 4386 1208 4399 '

905 4513 947 4578 '4⁸
984 4511 985 4516 ’
