3206 5110
188 277 422 416 ''aaa

357 553 581 636 mirabatur
634 553 862 633 dominatio
891 557 1047 644 nostra,
1104 575 1200 632 cum
1229 577 1283 632 ex
1312 553 1449 632 forma

355 677 473 780 pacis
514 676 783 781 praedictae,
823 697 901 775 pro
942 673 1014 752 tati
1057 695 1182 752 causa
1216 673 1451 753 nuliatenus

356 797 581 898 obligetur.
610 798 673 878 Ad
702 803 865 901 partem
894 805 1032 874 autem
1062 793 1451 875 Pastrovicho·

355 940 484 1005 rum,
513 919 575 998 eis
604 939 854 1020 responsum
884 915 971 1002 fait,
1000 919 1113 1018 qnod
1138 914 1453 995 sicutsciebaut

354 1039 394 1116 in
425 1047 645 1118 contractu
673 1033 819 1141 pacis,
844 1037 1057 1138 praetatus
1087 1035 1332 1135 magnificus
1360 1036 1454 1114 do·

285 1175 290 1188 “
354 1155 1077 1258 miuusGeorgiusrotebat‚
1108 1155 1452 1260 quoddictiPa·

353 1307 373 1356 s
389 1290 404 1359 t
421 1305 483 1357 ro
499 1305 522 1356 r
539 1280 551 1356 i
569 1306 592 1358 e
608 1278 635 1355 b
653 1279 665 1354 i
701 1276 780 1355 sibi
809 1275 1031 1373 darentur,
1062 1277 1175 1380 quod
1203 1279 1359 1356 nobilis
1386 1278 1455 1354 vir

353 1385 607 1480 Franciscus
635 1400 669 1476 B
687 1421 710 1474 e
726 1423 764 1475 m
781 1395 806 1473 b
823 1421 849 1474 o
891 1397 1034 1482 miles,
1079 1407 1178 1476 tunc
1207 1399 1453 1501 capitaneus

354 1531 500 1599 noster
527 1522 579 1599 ad
608 1517 938 1598 celebrationem
964 1519 1080 1618 pacis
1108 1519 1353 1622 praedictae
1381 1521 1449 1596 de·

357 1649 536 1744 putatus,
564 1639 790 1718 recusabat
817 1638 978 1726 facere3
1015 1636 1183 1716 tandem
1212 1663 1264 1717 ne
1295 1647 1454 1718 tantum

357 1763 513 1839 bonum
543 1767 735 1846 restaret,
763 1766 1016 1837 conventum
1058 1759 1136 1836 fuit
1163 1759 1271 1837 inter
1296 1766 1455 1862 partes,

358 1881 472 1984 quod
502 1880 602 1960 dicti
628 1879 1023 1959 Pastrovicbi
1051 1882 1257 1958 deberent
1286 1881 1348 1961 sic
1375 1891 1456 1960 sta·

355 2025 415 2096 re,
446 2027 666 2106 quousque
695 2027 774 2104 per
801 2000 1007 2080 illustrem
1031 2001 1246 2081 dominum
1274 2005 1476 2105 ‹respo-0

360 2133 484 2210 tum,
515 2131 557 2201 et
584 2129 776 2201 nostrum
805 2121 1035 2201 dominium
1064 2121 1185 2202 tieret
1200 2122 1455 2200 deliberatio

355 2243 612 2346 superinde,
654 2251 697 2322 et
737 2246 849 2347 quod
891 2252 1010 2324 certe
1047 2243 1278 2321 dominatio
1307 2253 1455 2322 nostra

358 2371 450 2442 erat
491 2363 693 2466 disposita
735 2363 1010 2466 complacere
1060 2363 1262 2463 praefatis
1303 2386 1456 2441 eorum

358 2484 537 2562 dominis
565 2488 605 2561 in
637 2484 760 2583 louge
790 2483 1031 2572 maioribus,
1059 2484 1290 2562 dummodo
1306 2491 1458 2585 posset

358 2605 501 2682 iacere
530 2605 619 2681 sine
635 2603 888 2704 praeiuditio
904 2603 1082 2683 honoris
1098 2605 1175 2680 sui.
1206 2601 1310 2683 Cum
1326 2603 1458 2704 igitur

358 2725 460 2804 dicti
501 2725 766 2804 Pastrorichi
817 2724 1043 2804 habuerint
1082 2725 1390 2828 promissiones
1433 2750 1458 2801 a

359 2850 507 2922 nostro
535 2843 738 2938 dominio,
767 2847 881 2946 quod
909 2869 991 2921 non
1021 2843 1253 2944 assignaret
1281 2845 1459 2925 eosdic·

359 2965 411 3044 tis
438 2965 632 3050 dominis,
659 2991 739 3044 nec
767 2965 893 3046 aiicui
921 2966 989 3044 alii
1017 2968 1217 3054 domino,
1258 2965 1332 3043 sed
1360 2965 1459 3043 reti·

360 3087 453 3165 neri
480 3086 666 3166 debeant
693 3097 978 3189 pernostrum
995 3088 1240 3186 dominium,
1269 3087 1457 3164 subeius

360 3207 562 3306 dominio,
592 3209 825 3288 dominatio
855 3217 1000 3289 nostra
1029 3209 1218 3313 ipsorum
1254 3207 1461 3289 ambaxia·

363 3337 502 3406 torum
519 3330 785 3432 requisitioni
814 3332 1011 3432 nequiret
1035 3355 1220 3408 annuere
1235 3329 1326 3408 sine
1341 3351 1462 3434 prae·

362 3449 510 3528 iuditio
540 3449 716 3530 honoris
744 3454 889 3532 nostri.
917 3453 1057 3552 Quare
1085 3477 1162 3531 eos
1190 3449 1460 3554 rogabamus,

363 3573 475 3671 qnod
509 3571 667 3650 velient
710 3595 930 3652 remanere
960 3574 1160 3661 contenti,
1200 3573 1315 3674 quod
1358 3571 1460 3651 dicti

362 3689 624 3772 Pastrovicbi
658 3693 781 3772 nobis
811 3703 1105 3786 remanerent,
1146 3695 1197 3774 ad
1226 3695 1340 3796 quod
1368 3719 1459 3796 spe·

365 3813 559 3892 rabamus
589 3837 739 3892 eorum
783 3815 979 3894 dominos
1019 3817 1180 3894 debere
1221 3813 1457 3893 contentari

364 3932 596 4012 rationibus
625 3937 821 4038 superius
849 3937 985 4017 dictis.
1040 3935 1102 4016 Ad
1131 3943 1292 4040 partem
1321 3942 1457 4014 antem
1576 4033 1577 4038 Ν

363 4052 422 4128 Ni
437 4079 460 4130 c
476 4055 503 4132 h
519 4079 543 4131 e
560 4079 633 4133 rm
650 4077 671 4131 a
688 4081 727 4144 n,
756 4081 1007 4160 responsum
1024 4057 1111 4141 fuit.
1141 4056 1253 4158 quod
1284 4079 1362 4156 per
1389 4080 1459 4133 uo·

364 4179 494 4250 strom
525 4175 760 4254 dominium
783 4177 917 4256 iuerat
943 4201 1192 4282 processum
1224 4185 1371 4256 contra
1399 4179 1458 4279 ip*
