3224 5110
322 372 388 444 m

324 585 437 662 mino
478 582 575 662 duci
602 591 644 660 et
671 580 859 660 dominio
887 581 1187 674 venetiarum,
1228 579 1345 682 quod
1379 581 1421 658 iu

323 728 426 782 casu
456 729 540 806 quio
568 705 615 782 in
638 704 777 806 eliqua
806 712 927 806 purte
955 704 1087 784 nostri
1128 703 1247 803 regni
1274 702 1422 804 uliquis

323 827 511 904 Venetus
553 829 623 902 sut
663 820 854 902 subditus
893 821 1122 902 reitideiis
1157 825 1421 900 Venetorum

323 955 437 1022 esset
475 942 704 1024 derobntus
738 943 806 1022 vei
847 942 1005 1044 ntiquid
1033 968 1088 1020 ex
1115 943 1157 1018 vi
1187 949 1423 1044 reperetur,

158 1155 166 1174 ι
323 1063 630 1146 satisfaciemus
657 1069 700 1141 et
728 1065 944 1142 solvemus
972 1064 1012 1142 ei
1040 1064 1093 1160 de
1122 1065 1279 1142 nostris
1300 1062 1423 1142 bonis

323 1187 520 1290 proprius,
537 1187 578 1264 id
600 1185 721 1287 cuod
747 1185 789 1262 ei
817 1187 1068 1264 derobntum
1097 1191 1140 1262 et
1168 1190 1332 1287 ruptum
1360 1184 1422 1260 t'u·

322 1307 448 1393 isset,
489 1326 623 1404 usque
659 1306 708 1382 nd
738 1304 944 1402 integram
987 1326 1105 1382 suom
1146 1303 1421 1384 solutionem.

322 1423 467 1506 item
503 1424 787 1527 promittimus
822 1422 939 1525 quod
975 1424 1176 1504 decrevi
1218 1424 1420 1502 iaciemus

322 1544 415 1624 fieri
433 1553 656 1628 monetam
692 1554 882 1634 nostrum¹
906 1571 989 1648 que
1018 1555 1222 1628 occurret
1249 1568 1326 1646 per
1356 1555 1418 1623 to·

322 1675 410 1747 tum
438 1689 611 1766 regnum
649 1673 865 1754 nostrum,
908 1668 1047 1764 totiter
1086 1661 1199 1769 quod
1235 1665 1419 1770 predicti

320 1785 476 1866 Veneti
502 1785 678 1876 sithdiu,
706 1795 748 1866 et
775 1785 922 1864 tideies
937 1787 1199 1867 Venetorum
1229 1795 1353 1864 erunt
1379 1811 1421 1864 e·

322 1907 469 2008 quoles
506 1904 697 1986 omnihus
738 1908 892 1984 uostris
932 1907 1109 1986 subditis
1137 1913 1179 1983 et
1207 1905 1297 1984 eliis
1334 1907 1421 2006 qui·

322 2029 582 2130 bustumque
611 2029 866 2118 forensibus,
894 2033 963 2132 qui
991 2031 1184 2108 venirent
1213 2030 1420 2108 innostro

321 2171 470 2247 regno.
500 2146 545 2228 Si
572 2171 676 2230 uem
706 2149 1062 2236 deliberaremus,
1091 2148 1206 2251 quod
1234 2174 1320 2228 non
1347 2148 1419 2226 tie·

322 2279 389 2348 ret
414 2275 559 2348 nostro
586 2278 780 2358 moneta,
819 2267 1102 2372 promittimus
1138 2269 1283 2350 iacere
1321 2292 1419 2346 cum

322 2391 503 2476 effectu..
545 2391 657 2492 quod
699 2399 869 2470 monete
904 2391 1003 2470 dicti
1040 2390 1200 2470 domini
1228 2391 1349 2470 ducis
1376 2399 1420 2469 et

322 2509 497 2618 dominii
525 2511 798 2588 venetiorum
826 2517 1028 2588 occurret
1060 2534 1138 2614 per
1166 2516 1301 2588 totum
1329 2518 1447 2608 reg·'

320 2657 418 2710 num
446 2635 665 2719 nostrum,
694 2629 804 2710 sieut
831 2633 1021 2710 occurrit
1048 2633 1099 2711 cd
1129 2651 1304 2734 presens
1333 2653 1419 2708 mo·

320 2762 416 2832 neto
445 2751 724 2853 chusiensis.
754 2749 1058 2830 Nichiiominus
1085 2750 1224 2830 omnin
1251 2759 1295 2828 et
1321 2773 1421 2853 que·

321 2871 423 2954 tibet
482 2873 703 2977 privilegia
751 2871 1120 2952 serenissimorum
1174 2870 1419 2972 principum

321 2991 532 3094 quondum
580 2993 847 3072 dominorum
888 2991 1112 3090 Ostoyn
1153 2991 1349 3094 putris
1376 2999 1421 3070 et

319 3112 626 3192 'Pverthko
656 3113 870 3215 apstrui
905 3119 1162 3196 nostrorum,
1192 3109 1327 3190 felicis
1356 3131 1421 3186 re·

321 3231 582 3312 commonia
611 3257 808 3334 regum
845 3241 906 3312 ut
943 3241 1083 3336 puta
1124 3233 1349 3320 Bozne,
1377 3239 1421 3310 et

319 3353 674 3457 predecessorum
702 3357 949 3433 nostrorum
985 3351 1323 3438 carissimorum,
1351 3375 1420 3428 nn·

320 3473 478 3554 teinctc
508 3473 694 3553 dominio
721 3472 999 3553 Veneticrnm
1037 3495 1114 3574 per
1147 3471 1266 3575 ipsos
1294 3493 1419 3571 reges

320 3598 652 3700 predecessores
680 3601 853 3672 nostros
881 3595 958 3672 sub
987 3613 1254 3695 quocumque
1283 3591 1420 3668 iorum

318 3714 545 3794 verborum
575 3718 670 3796 dots
700 3724 742 3794 et
769 3737 988 3800 concesso.
1017 3717 1107 3792 rctu
1136 3719 1180 3792 et
1207 3721 1327 3812 gran
1348 3709 1418 3788 hs·

321 3835 493 3929 bentes,
537 3837 685 3914 eudem
727 3860 811 3928 mm
853 3837 903 3913 nd
947 3847 1094 3912 omnes
1135 3833 1338 3912 articulos
1376 3841 1419 3912 et

320 3958 546 4045 ciousutss,
575 3961 750 4045 modus,
779 3955 1084 4047 ordinationes,
1111 3963 1154 4034 et
1181 3953 1417 4058 dispositio·

321 4103 395 4156 nes
423 4079 462 4156 in
492 4081 650 4159 eisdem
679 4077 940 4156 continentes
968 4082 1012 4155 et
1039 4072 1419 4179 speciticutsspre·

319 4201 504 4284 sentium
532 4199 748 4280 literarum
777 4206 1015 4278 nostrerum
1044 4193 1286 4300 patrocinio
1300 4195 1418 4274 inno·
