3192 5112
336 379 404 445 124

339 585 434 686 iiter
476 585 693 672 exhiberi,
734 611 812 690 pro
855 586 1028 691 speciali
1078 613 1249 689 amore,
1306 608 1429 691 quem
1559 599 1568 616 ’

341 705 390 782 ad
418 731 535 782 stram
576 710 835 805 majestatem
878 708 1089 808 gerimus,
1131 709 1207 789 sed
1236 709 1287 786 de
1316 709 1427 786 iacto

341 827 506 905 termini
530 822 753 906 solutionis
767 851 925 928 earum,
956 855 1080 932 quem
1100 831 1218 932 petit.
1248 831 1429 908 offerens

341 946 442 1024 dare
469 947 658 1056 pignora,
685 955 862 1051 propter
891 949 1174 1027 conditionem
1201 947 1335 1027 nostri
1364 969 1430 1025 co·
1467 1003 1472 1011 .

341 1065 473 1144 munis
500 1065 541 1143 id
571 1067 713 1144 facere
741 1092 825 1147 non
854 1093 1088 1173 possemus,
1130 1094 1225 1147 cum
1253 1065 1430 1173 pecunia

338 1190 521 1288 ipsarum
563 1172 986 1286 galearumomnino
1028 1193 1152 1269 nobis
1191 1185 1429 1267 necessaria

339 1306 403 1384 sit.
457 1306 558 1384 Nam
587 1308 951 1408 complacentibus
978 1309 1102 1388 nobis
1143 1309 1182 1387 ei
1211 1309 1263 1386 de
1293 1307 1429 1406 hujus·

341 1425 454 1503 modi
481 1425 633 1525 galeis,
676 1433 847 1528 oportet
888 1429 1002 1528 quod
1030 1429 1083 1504 de
1126 1427 1212 1504 aliis
1242 1425 1430 1505 construi

340 1545 551 1638 iaciamus,
580 1567 675 1624 carm
714 1543 795 1622 hiis
823 1553 864 1624 et
892 1546 980 1623 aiiis
1006 1549 1148 1626 verbis
1188 1547 1428 1626 excusando

339 1689 418 1744 nos
444 1667 495 1742 ab
524 1666 604 1743 hac
632 1666 919 1766 requisitione,
947 1676 988 1744 et
1015 1669 1206 1746 similiter
1230 1689 1428 1748 excusan-

340 1787 394 1866 do
431 1811 510 1864 nos
538 1811 559 1862 a
587 1786 788 1890 petitione
816 1789 993 1879 horum,
1034 1815 1142 1890 quos
1169 1797 1316 1892 petunt
1351 1810 1428 1891 pro

339 1907 457 1988 dietis
484 1910 625 2010 galeis,
654 1933 758 2010 quos
792 1908 870 1990 sibi
901 1913 1141 1990 concedere
1170 1927 1257 1990 non
1283 1933 1427 2013 possu-

192 2025 195 2033 ’
340 2054 445 2122 mus,
487 2040 665 2134 propter
705 2021 941 2110 evidentem
995 2033 1287 2112 necessitatem
1336 2051 1427 2104 nos·

341 2159 457 2230 tram.
511 2151 573 2227 De
602 2153 726 2230 armis
752 2175 853 2229 vero
883 2176 990 2254 quae
1018 2159 1166 2256 petunt
1205 2173 1330 2254 posse
1360 2171 1428 2249 ex·

339 2274 521 2378 trahere,
550 2275 866 2377 complanantur
894 2271 955 2352 eis
980 2273 1183 2350 solvendo
1213 2269 1390 2349 dacium.
1497 2345 1502 2356 ,

376 2492 381 2500 .
441 2431 568 2508 Arma
610 2440 703 2510 sunt
742 2431 845 2507 ista:
889 2429 1110 2530 thuidem
1140 2425 1266 2530 clipei
1307 2447 1428 2502 more

340 2551 602 2640 Seianorum,
628 2553 709 2630 llll
751 2561 860 2630 cent.
889 2549 941 2627 Et
970 2547 1127 2625 loricae
1159 2546 1206 2624 C.
1234 2546 1286 2624 nt
1312 2543 1429 2647 paria

340 2673 626 2753 manicharum
655 2673 708 2751 de
736 2671 871 2760 maiia,
901 2669 947 2749 C.

741 2843 836 2909 Miati
862 2845 892 2908 d.
916 2843 1001 2908 Sen.
1026 2839 1097 2907 nn.
1123 2839 1230 2904 XXV.
1254 2839 1312 2904 eh.
1333 2839 1386 2904 27.

443 2997 640 3100 xciv.
680 3021 788 3095 ram.
825 3015 931 3094 rna.
967 3015 1018 3092 u.
1059 3020 1117 3092 ro.
1152 3011 1317 3091 aaut

340 3179 522 3256 Oaroaopa
548 3195 741 3253 uooaannny
766 3178 848 3238 tiana
872 3181 997 3250 soona,
1022 3181 1149 3252 nays-
1175 3191 1215 3234 oa
1234 3191 1430 3276 paannpnne

677 3300 715 3340 ea
740 3300 874 3356 trapeam»
901 3281 1095 3357 Cpoeanna.

442 3453 676 3557 Responsio
694 3454 745 3530 ad
773 3453 1060 3541 ambassatam‚
1089 3447 1323 3554 expositam
1352 3469 1430 3550 per

340 3575 670 3653 ambassatorem
699 3572 857 3650 domini
899 3573 924 3648 b
941 3595 1003 3646 an
1019 3569 1031 3646 i
1072 3569 1104 3646 B
1121 3594 1146 3645 o
1161 3595 1180 3648 s
1194 3569 1207 3645 i
1222 3593 1247 3646 n
1264 3593 1284 3646 a
1301 3593 1324 3645 e
1362 3567 1429 3645 dn·

341 3697 420 3774 oaii
449 3695 650 3782 dominio,
679 3718 759 3796 pro
788 3701 909 3796 parte
938 3692 1068 3796 ipsius
1097 3691 1254 3769 domini
1283 3689 1390 3766 bani.

444 3851 588 3954 Capta:
624 3847 843 3928 lnteiieota
871 3850 1103 3925 ambassata
1131 3865 1265 3948 nuper
1293 3842 1432 3921 ducati

340 3971 617 4050 dominationi
634 3967 826 4071 exposita
841 3991 918 4073 per
939 3968 1135 4046 comitem
1164 3965 1225 4043 de
1253 3965 1432 4062 Minos·

339 4115 418 4196 pro
447 4095 566 4194 parte
600 4090 821 4167 domini
856 4089 988 4166 bani
1017 4086 1288 4180 Resinata,
1324 4102 1432 4186 quae

340 4213 381 4292 in
412 4208 544 4290 tribus
574 4211 766 4312 capitulis
784 4205 1087 4312 comprehendi
1101 4215 1257 4310 potest.
1285 4205 1433 4285 Etiam
