3192 5112
327 601 616 696 opportunos,
644 595 714 696 qui
742 595 838 672 cum
866 593 1085 698 gentibus,
1118 619 1203 676 non
1232 595 1424 676 obstante

335 715 447 816 quod
487 715 568 794 sint
608 718 1003 796 excomunicatione
1031 717 1194 818 ligatae,
1241 715 1423 796 comuni·

335 855 433 910 aare
460 833 635 924 valeant,
662 835 772 914 sicut
799 836 950 916 fratres
979 837 1130 938 quibus
1158 836 1242 915 hoc
1270 838 1309 914 in
1332 855 1423 938 par·

334 953 444 1030 tibus
472 953 699 1032 infidelium
726 979 804 1058 per
829 957 1047 1061 privilegia
1073 957 1185 1035 sedis
1225 954 1422 1060 aposteli-

334 1093 411 1152 cae
439 1074 594 1154 dicitur
620 1099 717 1154 esse
747 1091 1023 1162 concessum,
1052 1077 1297 1180 possintque
1327 1101 1422 1156 con-

332 1193 484 1272 stitutis
512 1194 668 1274 ibidem
696 1197 935 1276 ministrare
976 1197 1098 1276 otiam
1141 1215 1274 1290 saera,
1302 1204 1346 1275 et
1372 1196 1422 1275 ab

332 1316 412 1393 biis
440 1315 666 1415 generibus
692 1324 966 1417 peccatorum
995 1315 1217 1396 absolvere
1257 1321 1424 1422 permit·

332 1443 470 1514 tentes
499 1461 559 1521 se,
587 1437 738 1539 quibus
768 1437 928 1514 eisdem
955 1437 1154 1517 fratribus
1177 1436 1422 1542 inpartibus

331 1554 559 1633 infidelium
588 1576 611 1630 a
638 1555 741 1632 sedo
768 1555 955 1658 praefata
983 1557 1228 1636 absolvendi
1256 1557 1421 1638 licentia

331 1687 395 1755 eat
422 1699 656 1773 concessa,
698 1678 765 1753 vel
805 1682 935 1781 prout
974 1679 1035 1756 eis
1077 1676 1187 1756 idem
1226 1679 1422 1772 vicarius,

325 1803 444 1897 Juxta
473 1819 620 1876 eorum
646 1796 932 1896 ydoneitatem
949 1805 992 1875 et
1007 1821 1177 1877 casuum
1194 1823 1420 1878 occurren·

320 1919 431 1998 tium
458 1917 867 2004 neccessitudinem,
907 1919 1144 2020 apostolica
1171 1921 1421 1998 auctoritate

330 2038 497 2116 duxerit
524 2035 887 2124 committendum,
915 2043 959 2114 et
986 2039 1102 2137 qnod
1132 2036 1258 2116 iidem
1286 2061 1421 2117 sacer·

329 2157 451 2238 dotas
477 2167 521 2235 et
548 2156 696 2236 clerici
725 2155 901 2234 eandem
930 2158 983 2234 de
1012 2155 1269 2256 benignitate
1309 2159 1421 2238 sedis

328 2277 588 2384 apostolicae
628 2277 811 2356 habeant
849 2276 1173 2376 indulgentiam,
1209 2291 1317 2380 quae
1343 2301 1421 2380 par

328 2403 472 2479 sedent
498 2397 730 2502 praefatum
759 2398 917 2477 eisdem
944 2395 1138 2477 fratribus
1165 2398 1421 2503 inpartibus

326 2519 557 2598 infidelium
605 2517 759 2597 dicitur
809 2541 904 2594 esse
945 2540 1181 2610 concessa,
1223 2525 1266 2596 et
1306 2519 1421 2620 quod

327 2641 436 2720 baec
465 2637 604 2716 omnia
631 2637 797 2741 possint
828 2647 871 2716 et
897 2635 1077 2716 habeant
1103 2634 1350 2718 sacerdotes
1378 2649 1421 2718 ct

328 2762 476 2842 clerici
516 2762 767 2846 memorati,
809 2759 1004 2862 quamdiu
1045 2762 1086 2837 in
1127 2761 1216 2863 ipsa
1264 2759 1421 2840 vicaria

325 2882 543 2967 Boanensi,
571 2881 623 2958 de
652 2881 877 2960 licentiaet
903 2883 1117 2960 voluntate
1142 2882 1418 2983 vicariiprne·
1546 2967 1551 3002 Ι

327 3003 398 3080 lati
425 3009 681 3080 morantur.'

425 3189 536 3268 Item·
559 3191 671 3293 quod
700 3189 852 3290 gratias
892 3189 1111 3294 prlvilegia
1139 3197 1183 3268 et
1208 3187 1417 3292 indulgen·

325 3306 415 3400 tras,
444 3329 551 3413 quae
580 3309 789 3410 religiosis
818 3313 926 3390 inter
950 3317 1128 3389 tartaros
1156 3318 1199 3388 et
1225 3303 1417 3390 iulideles

325 3423 454 3520 aiios,
494 3431 561 3508 vel
589 3431 864 3519 scismaticos,
891 3449 970 3535 pro
1012 3427 1279 3534 ampliatione
1320 3429 1418 3508 lidei

325 3544 570 3653 catholicae*
599 3548 896 3636 laborantibus,
936 3551 1253 3642 conceduntur,
1294 3552 1417 3629 etlam

323 3667 414 3751 istis
442 3667 676 3771 religiosis,
714 3673 785 3776 qui
822 3691 901 3776 pro
930 3673 1080 3750 eadem
1110 3688 1233 3750 causa
1260 3671 1299 3746 iu
1327 3670 1418 3774 pari

322 3791 543 3896 periculo,
590 3819 675 3872 non
721 3817 819 3872 cum
860 3791 1093 3872 minoribus
1134 3789 1335 3892 angustiis
1375 3789 1416 3867 in

322 3897 461 3988 Bosna
502 3911 717 4003 laborant,
758 3911 953 4013 dignetur
979 3901 1317 3991 misericorditer
1342 3907 1413 3986 im·

322 4031 483 4132 pertiri.

422 4205 529 4284 ltem
555 4205 763 4310 supplicat
801 4205 913 4288 idem
952 4204 1084 4284 banus
1101 4261 1112 4305 ,
1155 4203 1267 4306 quod
1295 4199 1410 4282 dieto
