3236 5108
411 702 488 781 tris
516 701 627 797 cius,
669 724 719 779 ac
747 699 859 778 beati
887 699 1023 813 Marci
1050 700 1312 802 protectoris
1354 700 1503 786 nostri,

409 822 543 926 accipi
573 831 615 898 et
642 819 857 925 acceptari
886 820 1070 898 debeant
1099 822 1194 898 loca
1223 822 1311 926 ipsa
1330 819 1503 898 nomine

410 945 546 1032 nostri
574 941 768 1032 dominii,
809 967 905 1018 cum
941 943 1075 1046 pactis
1102 949 1147 1022 el
1175 942 1502 1021 condicionibus

409 1059 703 1164 infrascriptis,
739 1069 782 1139 et
811 1085 906 1140 cum
935 1059 1023 1139 istis
1065 1063 1422 1141 declarationibus
1451 1060 1501 1138 ad

409 1182 589 1286 capitula
616 1181 849 1261 nobisdata
874 1205 951 1286 per
978 1183 1287 1262 ambassatores
1317 1207 1432 1270 suos,
1460 1181 1501 1258 in

410 1327 508 1382 casu
537 1327 621 1405 quo
651 1303 731 1409 ipsi
769 1301 1116 1382 condescendere
1151 1305 1284 1383 velint
1311 1301 1359 1380 ad
1389 1301 1502 1404 ipsas

409 1423 733 1504 declarationes.
1452 1435 1457 1448 ’

513 1615 669 1702 Primo,
694 1616 1015 1721 adprimum
1045 1615 1375 1719 capitulum
1404 1639 1503 1694 con·

408 1737 558 1828 linens,
588 1737 701 1840 quod
741 1736 781 1816 in
812 1760 910 1816 casu
953 1761 1037 1839 quo
1074 1741 1349 1840 acceptemus
1390 1735 1503 1817 dieta

408 1857 514 1944 loca,
542 1857 667 1936 nobis
680 1855 846 1958 placeat
872 1857 1007 1957 ipsum
1036 1855 1216 1934 domin
1232 1880 1257 1930 n
1273 1879 1313 1932 m
1342 1854 1502 1934 Geor·

380 2051 382 2054 ,
408 1977 461 2076 gi
478 2001 560 2055 nm
590 2000 687 2066 cum
716 1973 908 2054 omnibus
937 1976 1021 2054 suis
1049 1973 1289 2062 heredibus,
1318 1983 1503 2054 tractare

407 2101 601 2200 tanquam
630 2096 744 2176 cives
771 2104 942 2174 nostros
971 2095 1117 2175 fideles
1145 2106 1188 2177 et.
1215 2097 1395 2176 iacere
1423 2119 1501 2174 no·

409 2224 572 2296 siros
598 2217 857 2306 nobiles,
900 2219 956 2298 ita
997 2217 1109 2321 quod
1150 2219 1502 2320 quaelescunque

408 2339 600 2416 venerint
625 2338 841 2436 Venetiae,
862 2337 1024 2440 possint
1037 2340 1184 2418 venire
1199 2340 1251 2416 ad
1279 2336 1501 2416 consilium

408 2457 519 2538 sicul
546 2457 615 2536 alii
642 2458 777 2540 nostri
803 2457 990 2549 nobiles3
1016 2459 1147 2540 habet
1174 2459 1401 2558 collegium
1429 2457 1502 2535 do-

408 2579 519 2666 mini,
548 2577 895 2671 consiliariorum,
923 2578 1104 2682 capitum
1133 2587 1177 2658 et
1203 2579 1435 2684 sapientum
1458 2603 1501 2654 u·

409 2705 600 2804 tritasque
618 2723 764 2777 manus
794 2697 1044 2783 libertatem.
1062 2699 1433 2780 condescendendi
1449 2697 1502 2777 ad

395 2819 673 2926 'praedictum
691 2819 929 2924 capitulum,
946 2825 990 2898 et
1004 2819 1252 2924 acceptandi
1277 2819 1377 2898 illud
1391 2819 1502 2898 sicut

411 2941 541 3028 iacet,
568 2942 624 3019 ita
654 2939 769 3042 quod
795 2939 888 3045 ipse
917 2941 1110 3018 dominus
1151 2939 1359 3040 Georgius
1389 2937 1501 3020 Stra·

412 3063 561 3161 eimiri,
592 3087 688 3141 eum
715 3061 799 3140 suis
827 3059 917 3140 filiis
945 3069 987 3141 et
1013 3061 1253 3155 heredibus,
1279 3065 1502 3143 solennita-

411 3183 521 3263 tibus
549 3187 693 3259 terrae
734 3179 931 3270 servatis,
971 3182 1052 3262 sint
1080 3183 1132 3260 de
1159 3191 1308 3263 nostro
1351 3183 1503 3262 maiori

410 3302 593 3383 consilio
639 3310 681 3381 et
707 3302 747 3378 in
793 3325 972 3380 numero
1008 3312 1257 3383 ‚nostrorum
1296 3302 1502 3414 nobilium

250 3440 252 3454 ¹
409 3430 705 3526 aggregentur.

511 3595 576 3680 Ad
611 3601 932 3679 secundum
975 3601 1422 3706 capitulum,seu
1452 3600 1501 3680 ad

409 3719 584 3820 primam
613 3725 776 3822 partem
792 3719 895 3807 eius,
916 3719 1214 3822 continentem,
1231 3721 1346 3822 quod
1374 3717 1503 3798 domi·
1594 3749 1595 3754 ι

409 3839 523 3915 natio
551 3845 698 3916 nostra
723 3839 789 3915 vel
816 3839 886 3919 alii
912 3862 992 3945 pro
1022 3866 1091 3930 ea,
1120 3863 1203 3920 non
1231 3842 1397 3944 possint
1423 3837 1505 3916 sibi

409 3957 607 4060 accipere
635 3967 976 4040 contratam
1019 3985 1178 4064 quam
1214 3957 1502 4037 vultreli·

409 4100 535 4156 nere
562 4103 643 4182 pra
672 4103 734 4169 se,
763 4104 845 4160 nec
873 4081 1004 4184 ipsam
1032 4089 1180 4160 contra
1202 4077 1388 4158 debitum
1416 4104 1504 4158 mo·

410 4195 578 4289 lestans,
607 4198 974 4278 condescendatur
999 4201 1106 4278 sicut
1127 4201 1244 4304 petit.
1270 4199 1432 4278 Verum
1451 4201 1503 4278 ad
1586 4243 1587 4246 κ

408 4316 528 4394 aliam
554 4325 718 4422 partem
748 4319 849 4397 dicti
878 4319 1070 4421 capituli,
1102 4345 1185 4434 per
1212 4305 1341 4424 qraam'
1364 4319 1503 4426 requi·
1584 4305 1586 4322 '

406 4439 461 4518 rit
487 4461 616 4541 posse
644 4438 685 4516 in
710 4437 782 4516 illa
809 4463 885 4517 sua
914 4447 1107 4520 contrata
1142 4443 1285 4521 levare
1312 4449 1502 4523 nostram
