3186 5112
339 413 403 478 428

340 598 504 680 scribes
532 603 683 674 nostro
712 592 914 680 dominio:
932 599 974 670 et
992 593 1028 671 si
1042 616 1124 697 pur
1149 591 1287 672 dietus
1313 590 1439 669 Balsa

314 789 319 805 ,
344 729 536 797 moveret
560 741 638 796 seu
661 713 830 794 moveri
859 716 1020 793 iaceret
1059 714 1240 816 aliquam
1281 715 1439 791 novita-

344 847 428 916 tem
457 838 507 916 sd
535 844 681 914 nostra
710 837 816 919 loea,
846 835 1018 936 possitis
1047 834 1266 934 guerizsre
1283 841 1326 910 et
1345 833 1440 909 sub·

282 983 287 990 ·
341 959 499 1036 stinere
528 965 719 1034 nostrum
747 953 1282 1057 honoremsproenuondo
1309 972 1440 1055 posse

343 1083 431 1162 tuo,
460 1076 511 1152 de
534 1075 792 1154 retrahendo
822 1081 863 1150 et
890 1073 1085 1152 habendo
1115 1081 1255 1150 teeum
1285 1072 1338 1150 de
1352 1072 1441 1148 suis

343 1193 577 1297 nobilibus,
614 1195 670 1270 de
698 1195 780 1271 illis
807 1191 1034 1282 videlieet,
1075 1191 1145 1293 qui
1186 1187 1442 1268 videbuntur

207 1319 209 1328 ’
344 1313 628 1414 magisutiles
656 1314 774 1392 factis
794 1313 964 1403 nostris,
990 1311 1217 1416 possendo
1237 1309 1317 1392 sibi
1345 1334 1439 1412 pro·
1502 1377 1509 1386 .
1583 1412 1586 1418 μ

345 1437 512 1512 mittere
540 1437 593 1512 de
620 1435 846 1514 territoriis
876 1438 918 1512 et
944 1433 1109 1514 intratis
1137 1433 1190 1508 de
1217 1429 1336 1526 inde,
1376 1454 1439 1506 se

346 1553 526 1632 eundum
555 1557 670 1657 quod
701 1563 795 1634 tuae
822 1555 1067 1634 discretioni
1095 1553 1329 1635 videbitur,
1357 1573 1438 1654 pro

347 1673 462 1752 bono
492 1675 713 1764 ethonore
742 1683 906 1762 nostro,
933 1699 983 1752 ae
1012 1673 1302 1750 destructione
1329 1669 1438 1746 Bel·

347 1818 461 1883 sne,
490 1823 539 1876 ae
571 1797 701 1874 salute
730 1804 974 1875 nostrorum
1004 1797 1209 1905 locorum.

447 1951 596 2028 Eundo
626 1952 676 2034 od
706 1953 961 2052 presentiam
989 1949 1146 2026 domini
1179 1948 1321 2048 desp
1339 1974 1364 2026 o
1382 1947 1438 2038 ti,

345 2073 504 2149 debeas
533 2069 742 2149 dimittere
773 2073 871 2150 loeo
901 2072 959 2150 tui
982 2071 1033 2150 ad
1062 2071 1251 2170 regimen
1280 2073 1322 2146 et
1351 2091 1439 2144 eus·

343 2191 499 2272 todiam
531 2191 771 2274 Scutari.
800 2194 934 2270 virum
963 2193 1151 2272 nobilem
1180 2213 1251 2268 ser
1279 2189 1437 2268 Andre·

343 2338 408 2388 am
438 2311 671 2409 Marcello,
716 2314 786 2416 qui
812 2321 896 2392 stet
924 2322 965 2393 et
993 2321 1135 2393 teneat
1155 2316 1226 2410 Jus
1255 2319 1297 2388 et
1318 2309 1440 2410 justi·

343 2430 466 2516 tiam,
508 2459 603 2512 oum
632 2435 744 2512 bona
774 2435 964 2513 custodia
992 2440 1161 2528 terrae,
1202 2432 1437 2532 seeundum

344 2555 456 2654 quod
487 2555 566 2632 sibi
594 2554 879 2632 mandabimus
907 2577 984 2656 per
1013 2553 1172 2634 litteras
1202 2561 1384 2640 nostras.

449 2721 652 2799 Mittimus
683 2721 756 2800 tibi
787 2723 946 2800 litteras
973 2721 1274 2806 credentiales‚
1318 2720 1440 2800 sindi-

198 2917 199 2921 Ν
304 2932 307 2937 ,
347 2849 484 2920 catum
513 2867 644 2944 super
671 2842 764 2933 hiis,
796 2852 837 2922 et
865 2843 964 2920 alias
995 2843 1157 2921 litteras
1182 2839 1443 2942 pertinentes

345 2961 469 3038 foetis
497 2962 711 3063 predictis,
726 2975 768 3042 et
784 2963 954 3067 sopiam
981 2970 1217 3064 pactorum,
1242 2957 1436 3062 ⁴quuehu·

347 3080 619 3160 buimusoum
638 3087 810 3162 domino
840 3085 1075 3186 Georgio
1100 3083 1440 3169 Strazimtro,

346 3205 389 3278 et
416 3222 525 3301 quae
555 3203 758 3280 hebemus
787 3227 882 3280 eum
910 3204 1081 3304 (loys,
1108 3225 1190 3304 pro
1218 3211 1286 3280 tus
1313 3199 1441 3278 intor-

347 3321 544 3400 matione.

448 3473 501 3552 rt
529 3475 623 3577 quia
644 3503 723 3582 per
750 3487 921 3558 nostros
948 3479 1199 3583 provisores
1228 3475 1443 3556 sumusin-

241 3671 247 3680 ,
348 3595 532 3684 formati,
549 3601 662 3698 quod
683 3599 793 3678 inter
820 3601 900 3678 alia
915 3607 1085 3678 nostres
1114 3608 1262 3699 gentes
1290 3619 1439 3698 eques·

348 3723 433 3794 tres
461 3723 503 3792 et
528 3717 777 3818 pedestres,
806 3722 1037 3799 existentes
1064 3719 1106 3796 in
1135 3717 1323 3819 partibus
1348 3717 1440 3804 illis,

348 3845 443 3914 suut
471 3839 577 3914 male
605 3839 646 3914 in
676 3840 834 3935 ordine,
868 3847 911 3918 et
926 3849 1041 3919 esset
1059 3863 1169 3942 opus
1198 3844 1243 3916 ut
1269 3861 1440 3918 renora-

349 3969 518 4052 rentur,
549 3959 721 4038 iaoimus
751 3963 825 4040 tibi
854 3969 1013 4052 notum,
1042 3959 1158 4062 quod
1184 3980 1263 4063 pro
1280 3961 1437 4038 securi·

350 4087 433 4158 tate
450 4089 493 4157 et
509 4080 709 4160 conforto
733 4085 944 4162 dictorum
971 4091 1215 4160 nostrorum
1245 4084 1439 4160 locorum

349 4201 685 4279 atsubditorum
724 4208 990 4294 nostrorum,
1031 4201 1242 4280 mittemus
1272 4203 1345 4279 tibi
1372 4203 1439 4280 nli·

350 4345 453 4423 quas
494 4329 641 4420 gentes
685 4319 736 4398 ab
772 4347 884 4424 equo
922 4329 967 4401 et
992 4323 1126 4428 pede.
1170 4344 1278 4426 quae
1319 4333 1442 4418 erunt
