3224 5110
347 601 504 674 nestom
535 599 577 672 et
605 592 752 672 iustam
782 593 1105 694 responsionem
1142 599 1329 670 nostram
1358 591 1442 672 soo-

347 725 429 792 tom
457 715 498 792 in
528 713 606 793 isto
643 735 793 796 causo,
821 709 930 815 apud
957 713 1112 790 dictum
1142 709 1355 789 dominum
1377 714 1442 809 ju·

347 833 525 922 stifloet,
568 834 664 937 quio
694 835 858 912 certum
889 837 974 926 est,
1012 834 1124 935 quod
1152 833 1265 911 iiiam
1295 841 1446 912 noster

349 953 624 1035 ambassiotoi·
652 953 823 1033 neffeoei
850 955 975 1054 longe
1004 951 1174 1042 meiius,
1212 977 1334 1056 quom
1362 977 1445 1031 om·

227 1181 233 1192 ἱ
348 1078 558 1155 bossiotor
594 1077 723 1182 ipsius
766 1075 958 1180 (impoti,
1000 1083 1042 1154 et
1070 1074 1191 1154 etiam
1222 1099 1443 1179 persuasu

348 1195 628 1300 praesentiam
656 1194 837 1274 videndo
867 1202 909 1272 et
937 1192 1210 1292 intelligendo
1240 1199 1380 1272 moins
1401 1201 1446 1268 et

261 1417 264 1424 .
348 1325 571 1420 apparatus
589 1315 689 1393 dieti
703 1313 882 1418 despoti
909 1313 1066 1417 poienit
1089 1317 1236 1390 tenere
1252 1319 1443 1390 nostrum

349 1437 578 1517 dominium
605 1447 649 1516 et
676 1434 1086 1516 neoioresAibonine
1114 1433 1376 1524 informatos,
1401 1445 1446 1512 et

349 1558 507 1661 poterit
546 1557 670 1636 etism
713 1581 809 1634 oum
847 1553 987 1634 verbis
1015 1561 1058 1631 et
1084 1577 1180 1632 cnm
1209 1553 1445 1631 notionibus

349 1684 421 1778 ont
448 1699 673 1754 removere
703 1683 773 1753 out
801 1674 841 1750 in
871 1681 1035 1777 tempus
1076 1673 1234 1752 docere
1275 1697 1444 1751 omnem

350 1797 531 1876 animum
559 1795 659 1874 dieti
686 1796 865 1898 despoti,
892 1797 927 1872 si
954 1793 1069 1871 iilum
1085 1792 1264 1872 haberet
1278 1794 1446 1880 mnium,

350 1925 418 1996 aut
459 1919 637 2022 oiiqnom
681 1918 830 1995 bonnm
882 1915 1084 2018 pmtioom
1125 1915 1293 2002 iecere,
1336 1915 1448 1994 vadit

347 2062 472 2145 pons,
512 2037 623 2142 quod
653 2061 730 2141 per
756 2036 1030 2140 scrupii'nium
1073 2037 1114 2114 in
1155 2037 1238 2114 isto
1269 2035 1445 2116 consilio

351 2163 532 2262 eligatur
569 2183 673 2236 unus
715 2164 863 2238 noster
903 2157 1183 2236 ambassiator
1216 2157 1266 2235 od
1295 2158 1445 2260 despo-

352 2287 436 2358 tum
465 2277 739 2382 praedictum,
768 2279 839 2379 qui
867 2283 1060 2356 teneatur
1088 2276 1444 2379 responderesto·

349 2399 423 2480 iim
453 2399 519 2477 vel
549 2421 643 2478 oras
671 2397 722 2474 od
751 2397 923 2486 tertios,
964 2421 1044 2475 nec
1082 2397 1217 2499 possit
1256 2399 1445 2477 refutare

349 2522 427 2598 sub
455 2543 564 2623 peno
593 2519 1089 2597 ducatorumvoentum.
1119 2517 1170 2597 m
1197 2518 1445 2624 hobootpno

348 2639 459 2718 dicto
487 2638 739 2717 ombossinto
768 2635 947 2715 ducatos
974 2636 1014 2714 11
1042 2645 1223 2723 conium,
1251 2661 1329 2743 pro
1356 2664 1448 2719 ves·

351 2757 495 2836 tiendo
510 2783 571 2846 se,
588 2764 631 2836 et
644 2757 770 2837 duoot
784 2781 930 2836 seeum
958 2783 1085 2836 unum
1114 2761 1322 2838 notarium
1350 2783 1446 2838 oum

352 2905 437 2960 uno
467 2881 635 2976 famulo,
666 2886 708 2957 et
735 2902 811 2958 sex
840 2881 1104 2960 domicellos.
1134 2879 1187 2958 lit
1214 2881 1446 2960 vadatoum

350 3001 422 3079 iilo
451 2999 704 3080 comissione
746 3025 855 3103 quoe
890 2999 976 3079 sibi
1017 3001 1184 3080 dabitur
1225 3025 1302 3102 per
1338 2999 1447 3080 istud

352 3121 583 3199 eonsilium.
624 3117 676 3197 m
704 3145 757 3198 ex
786 3145 896 3199 nunc
923 3121 975 3199 sit
1005 3127 1199 3225 coptum,
1238 3119 1352 3223 quod
1397 3121 1449 3198 de

351 3241 437 3320 hoo
464 3249 611 3321 nostro
646 3239 950 3320 ambassiotme
984 3242 1190 3320 mittendo
1223 3243 1273 3320 od
1301 3241 1449 3346 despo-

350 3371 436 3441 tom
472 3363 762 3466 praedictum,
791 3361 914 3442 detur
954 3362 1103 3441 notitia
1131 3363 1446 3442 ambassiatori·

351 3479 427 3558 bns
455 3483 587 3587 ipsius
614 3483 796 3586 despoii.

765 3670 928 3752 Eodem
957 3670 1037 3750 die.

453 3841 573 3942 Quod
631 3843 819 3922 mittatur
871 3842 922 3921 od
978 3847 1176 3922 oratores
1232 3845 1446 3948 despo·

354 3967 426 4054 ti,
465 3961 774 4043 «lohannes
825 3967 892 4042 de
939 3963 1337 4064 Regnandotis
1385 3987 1444 4041 se·

359 4083 566 4162 cretonios
607 4090 777 4176 noster,
817 4091 862 4161 ut
901 4084 1056 4163 dietum
1098 4091 1165 4161 est
1211 4083 1310 4160 huie
1351 4103 1444 4160 eon·

358 4201 482 4288 silio.
527 4209 569 4280 et
618 4201 834 4282 differatur
875 4203 1030 4282 eiectio
1068 4203 1252 4282 oratoris
1299 4201 1446 4300 eligen-
