3206 5110
1192 370 1258 436 ω
1330 407 1336 428 1

167 576 378 656 lautorum
407 558 680 680 complicium
709 577 953 680 sequacium
990 575 1176 657 fidelium
1205 581 1285 668 ute

164 723 246 800 qne
287 696 549 776 subditorum
592 707 635 776 ct
675 700 951 776 vassallorum
991 719 1163 776 suorum
1204 721 1258 776 cx
1322 767 1325 770 .
1411 746 1414 765 .

162 826 284 921 parte
312 818 470 911 altera„
484 818 575 896 sine
602 821 654 904 ri,
684 818 774 896 sine
803 817 964 906 fraude,
1004 826 1047 896 el
1072 817 1165 896 sinc
1194 818 1258 898 ali·
1409 839 1416 850 ·

162 939 273 1042 quali
303 939 457 1028 livore,
487 941 652 1018 sincera
692 941 844 1017 caritas
871 937 1052 1016 amicitia
1094 945 1149 1020 ct,
1175 961 1257 1042 pax

162 1081 309 1136 amona
338 1058 555 1140 celebrata
584 1060 724 1140 larcril.
755 1060 870 1138 bloet
892 1065 991 1161 post
1007 1057 1255 1152 celebratio·

160 1201 257 1255 nem
286 1178 398 1258 dicte
425 1182 556 1283 pacis,
585 1181 721 1283 aliqua
750 1185 951 1260 contento
992 1181 1032 1256 in
1062 1177 1257 1283 capitulis

161 1297 277 1399 pacis
305 1300 558 1378 restavermt
589 1295 858 1401 eloquenda,
887 1323 941 1379 cx
969 1298 1120 1399 quibus
1145 1299 1255 1377 insu·

161 1426 366 1496 rexerunt
406 1429 524 1500 certe
553 1417 812 1507 differentic3
842 1429 884 1498 ot
921 1420 1122 1520 precipue
1160 1417 1257 1520 quia'

162 1537 369 1618 antefatus
411 1541 656 1639 magnificus
683 1541 882 1620 dominus
912 1523 1105 1619 dominus
1129 1537 1257 1619 Geor·
1311 1605 1315 1616 .

40 1663 47 1672 '
159 1663 267 1762 aius,
297 1659 567 1762 nomineque
592 1685 731 1765 snpra,
750 1663 919 1764 petebat
933 1663 1110 1740 ducatos
1129 1657 1256 1744 mille,

87 1763 94 1778 ¹
161 1805 270 1882 quos
296 1781 455 1860 habere
471 1781 748 1884 pretendebat
763 1781 971 1860 annuatim
991 1803 1070 1882 pro
1088 1781 1257 1860 Cataro.

164 1901 269 1981 Cum
298 1902 339 1978 in
368 1903 647 1988 instrumento
689 1902 806 2005 pacis
849 1900 1257 1983 contineanturhec
1358 1893 1363 1903 ¹

161 2026 306 2114 verba,
335 2024 558 2105 videlicet:
586 2022 889 2122 Dolcigno
920 2048 1015 2100 cum
1044 2020 1254 2100 cleodes·

18 2177 20 2194 ¹
162 2153 287 2236 trcto,
317 2167 443 2224 como
480 2145 534 2222 ha
563 2143 739 2222 habndo
764 2168 787 2221 e
816 2143 999 2244 tcgnudo
1043 2145 1080 2224 cl
1109 2149 1254 2250 tempo

132 2261 1176 2366 'dclsignorZorziStrazimiredcl
1204 2291 1254 2344 so

160 2387 264 2490 liuol
306 2385 522 2464 misser
560 2385 749 2471 Balsa,
791 2385 1106 2466 franchamentc
1133 2390 1254 2468 siano
1291 2457 1293 2464 ,

161 2511 213 2596 de
243 2511 281 2585 la
308 2506 486 2612 prefata·
508 2505 696 2616 signoria
736 2507 789 2584 de
817 2506 1049 2596 Venlcxia,
1079 2509 1112 2586 li
1141 2509 1255 2610 quali

161 2631 370 2713 lantelota
397 2628 522 2728 dngnl
551 2629 739 2728 signoria
768 2626 820 2704 dc
844 2629 1064 2719 Veniexia,
1080 2635 1203 2732 tegna
1231 2656 1254 2708 e

160 2749 358 2860 possieda
387 2751 530 2852 quieta
558 2747 933 2852 epacilicamcnte,
952 2751 1254 2854 jureproprie·

161 2869 271 2978 tario
299 2875 509 2972 perpetuo
539 2874 582 2944 et
609 2869 649 2944 in
678 2874 943 2970 perpetuum,
957 2893 1084 2948 senza
1106 2871 1257 2970 alguna

160 2993 302 3072 novita
329 2993 494 3093 impazo
513 2990 764 3068 nimolcstia
782 2997 864 3068 etc.
892 2990 1254 3090 Allcgabatetiam

160 3115 295 3193 dictus
313 3110 555 3210 magnificus
569 3111 765 3190 dominus
780 3111 1002 3210 Georgius,
1028 3112 1255 3214 quodcum

160 3247 354 3337 tempore
383 3232 540 3308 domini
569 3231 753 3328 Georgii,
781 3241 823 3308 et
851 3230 1256 3336 dominiBalseejus

159 3353 246 3447 filii,
264 3353 446 3436 Calatini
461 3353 688 3448 solvissent
707 3350 884 3431 ducatos
895 3349 1014 3430 'millo
1033 3351 1254 3430 annuatim.

157 3477 210 3557 Et
238 3479 351 3580 quod
381 3477 660 3554 instrumento
688 3476 806 3578 pacis
828 3475 1005 3570 dicatur,
1036 3475 1151 3576 quod
1181 3471 1254 3551 Ca·

159 3607 294 3675 tanim
323 3598 553 3677 retineatur
568 3595 870 3699 perpretatum
899 3595 1085 3673 inclitum
1103 3592 1254 3672 ducale

158 3719 400 3807 dominium,
439 3722 499 3798 nti
527 3721 753 3798 tenebatur
782 3727 974 3822 tempore
995 3715 1153 3795 domini
1166 3713 1257 3794 Bal·

157 3831 219 3918 sc,
255 3839 355 3918 lnde
385 3825 720 3919 concludebatur
744 3839 859 3940 quod
887 3837 1072 3917 inclitum
1100 3837 1255 3917 ducale

157 3959 388 4038 domimum
415 3958 505 4038 dari
521 3957 726 4036 deberent
753 3959 919 4062 prefato·
935 3958 1107 4036 domino
1123 3957 1251 4044 Geor·
1345 3944 1347 3956 ’

158 4080 245 4180 gio,
273 4079 387 4158 dicto
415 4079 598 4165 nominc,
628 4075 769 4160 ducati
798 4078 912 4158 mille
938 4079 1162 4156 annuatim.
1188 4077 1250 4158 Ex

157 4201 338 4279 adverso
367 4208 503 4278 autem
519 4223 602 4304 per»
613 4201 839 4279 antelatum
855 4199 1003 4278 ducale
1019 4183 1250 4282 dominium

983 4320 1047 4385 16*
1129 4325 1131 4328 ’
