3154 5102
361 618 406 650 '²
433 613 592 718 Ὀψίας
619 616 671 692 'sd
700 612 1201 714 secundomvcariiuffim’
1229 609 1436 714 9⁶qu

340 737 433 837 ipse
461 731 710 810 ambaxator
749 733 946 834 exponit,
974 732 1088 832 quod
1117 729 1436 830 megadomesti·
1559 795 1561 802 .

343 880 417 934 cus
456 853 630 934 rebellis
668 852 833 954 imperii
866 875 912 930 se
939 853 1109 930 reduxit
1149 851 1199 929 ad
1239 871 1436 950 regem

339 969 552 1061 iiaxiae,
570 995 678 1049 ‘cum
707 997 792 1072 qno
820 971 1014 1049 tractavit
1042 979 1085 1049 ot
1111 977 1262 1050 tractat
1281 970 1438 1048 cotidie

341 1091 660 1172 subversionem
674 1093 802 1168 totius
823 1091 1003 1194 imperii;
1025 1093 1215 1191 rogando
1231 1114 1309 1168 nos
1324 1091 1437 1192 quod

342 1211 518 1290 velimus
533 1211 698 1289 mittere
715 1210 974 1289 amhaxatom
1003 1211 1116 1289 dicto
1144 1211 1317 1288 domino
1333 1210 1438 1309 regi,

342 1325 394 1412 ad
422 1331 681 1435 precandum
710 1340 751 1410 et
778 1331 1061 1426 inducendum
1090 1356 1199 1419 eum,
1223 1329 1437 1435 qnodnon

287 1501 292 1510 ·
342 1457 529 1556 praestet
569 1449 769 1529 auxilium
808 1477 888 1528 nec
915 1451 1105 1546 favorem
1147 1454 1262 1530 dicto
1302 1473 1438 1550 mega.

343 1572 594 1659 domestico,
610 1577 693 1651 etc.
721 1571 924 1650 babentes
939 1573 1151 1674 sapientes
1179 1576 1436 1676 respectum,

343 1693 455 1794 quod
498 1693 631 1770 o'mnis
670 1692 832 1770 novitas
875 1699 917 1770 et
956 1693 1194 1782 sinistrum,
1235 1717 1359 1796 quam
1396 1703 1439 1772 et

343 1816 458 1916 quod
486 1814 647 1892 subiret
673 1814 1060 1916 ipsumimperium‚
1088 1815 1167 1892 toti
1195 1814 1439 1893 comunitati

342 1943 513 2014 nostrae
540 1935 795 2014 redundaret
809 1936 851 2012 in
867 1937 1075 2024 damnum,
1102 1935 1440 2037 utciarepotest

344 2054 525 2160 quilibet
561 2055 746 2134 iudicare
789 2063 830 2133 et
858 2061 973 2134 extat
1015 2055 1176 2134 cunctis
1210 2053 1438 2140 notorium,

193 2185 198 2194 “
343 2178 566 2256 consulunt
593 2177 818 2278 sapientes,
846 2178 957 2278 quod
976 2176 1198 2253 addictam
1226 2173 1437 2252 dominnm

343 2321 490 2396 regem
517 2298 704 2374 mittatur
739 2320 843 2372 unus
884 2296 1155 2393 ambasiator,
1185 2298 1236 2372 ad
1263 2303 1439 2374 tractan-

344 2419 620 2520 dnmpacem
648 2422 691 2491 et
719 2413 988 2493 concordiam
1028 2415 1139 2492 inter
1174 2438 1339 2492 sacrum
1368 2415 1439 2492 im·

344 2537 510 2644 perium
538 2545 580 2614 et
606 2534 1149 2638 ipsumdominumregem,
1179 2541 1221 2611 et
1249 2534 1299 2610 ad
1326 2533 1440 2611 indu·

346 2659 525 2737 cendum
553 2657 689 2761 ipsum
718 2657 768 2733 ad
794 2656 892 2741 hoc,
922 2681 1017 2734 cum
1045 2657 1116 2733 iiia
1154 2653 1370 2732 amboxota
1398 2663 1441 2732 et

344 2777 506 2883 pulcris
552 2779 718 2865 verbis,
767 2802 875 2879 quae
924 2777 1126 2862 domino,
1168 2775 1441 2864 consiliariis,

347 2899 552 3001 capitibus
586 2902 639 2977 ‹le
673 2899 745 2976 Xb
782 2905 825 2975 et
860 2898 1141 3001 sapientibus,
1187 2899 1254 2974 nel
1291 2897 1440 2978 maiori

345 3023 454 3126 parti
481 3021 583 3099 dicti
611 3019 784 3118 collegii
813 3027 1060 3120 competere
1087 3017 1350 3096 videbuntur.
1390 3017 1444 3094 lit

346 3149 470 3245 capta
497 3149 617 3244 parte
644 3141 869 3242 praesenti,
899 3139 1204 3243 respondeatur
1231 3140 1347 3216 dicto
1364 3161 1443 3215 am·

336 3260 553 3338 -baxatorb
591 3260 704 3360 qnod
734 3258 787 3334 ob
815 3281 991 3359 magnae
1018 3257 1255 3336 devotionis
1279 3257 1443 3356 integri-

347 3393 475 3463 tatem
514 3391 555 3458 et
591 3383 804 3460 sincerum
845 3405 1060 3476 amorem,
1105 3403 1231 3482 quem
1273 3401 1444 3482 semper

346 3515 487 3583 nostra
517 3503 750 3583 comanitas
779 3503 909 3600 gessit
938 3507 979 3579 et
1008 3500 1116 3600 gerit
1150 3521 1249 3597 erga
1277 3523 1442 3576 sacrum

347 3625 580 3729 imperium,
610 3629 652 3700 et
669 3629 841 3701 econtra
871 3629 1049 3724 propter
1061 3623 1291 3699 inmensam
1319 3618 1443 3697 bene·

201 3839 208 3851 ⁸
347 3745 598 3830 volentiam,
628 3768 750 3846 quam
781 3752 822 3821 et.
849 3742 1104 3820 serenissimi
1132 3739 1288 3820 domini
1315 3739 1444 3842 impe·

347 3876 512 3946 ratores
529 3863 931 3968 Constantinopolis,
958 3863 1049 3966 ipsa
1076 3861 1244 3939 domina
1267 3860 1443 3965 impera·

347 3986 428 4063 trix
463 3993 505 4062 et
540 4009 650 4062 nunc
691 3987 781 4062 eins
820 3991 941 4061 natus
980 3981 1173 4059 dominus
1198 3981 1444 4082 imperator,

350 4105 495 4183 habuit
517 4103 701 4184 ethabet
730 4107 780 4181 ad
807 4109 997 4182 nostrum
1027 4123 1259 4186 commune,
1289 4099 1340 4174 de
1358 4097 1444 4201 qui·

350 4227 596 4332 buscunquc
627 4224 804 4305 sinistris
832 4221 1138 4326 gravaminibus
1169 4229 1210 4300 et
1228 4217 1445 4320 molestiis,
