3206 5110
1214 352 1286 432 sss

190 569 410 650 lustris
448 570 668 650 domini
704 571 878 650 dunis
918 571 1177 664 viatici,
1219 595 1287 651 ex·

187 673 393 775 pectantis
422 675 550 754 finale
578 697 869 776 responsurae
895 682 1043 752 noslno
1085 677 1290 764 dominio,

188 779 305 856 cinca
345 776 562 878 negotium
605 777 799 856 iocosum
840 801 1037 862 suorum,
1065 802 1149 882 que
1177 778 1288 854 daln-

189 905 281 957 num
324 904 370 956 se
399 879 522 956 offert
563 879 729 984 prelato
758 889 906 958 noslno
935 881 1153 971 dominia,
1195 905 1289 958 cum

191 983 331 1085 aliquo
351 981 618 1065 convenienti
635 979 967 1066 contracamhi0;
999 983 1150 1088 pocius
1166 1007 1289 1084 quam

190 1086 399 1170 Tusco,
427 1087 499 1187 qui
527 1085 638 1165 dicia
668 1085 763 1164 inea
790 1083 902 1162 misit
930 1083 981 1159 ab
1010 1111 1063 1164 eo
1104 1089 1293 1208 pelilum.

192 1188 245 1267 lit
272 1187 469 1289 quoniam
498 1187 765 1267 considenala
791 1187 1291 1290 imponlantiadiclnrum

195 1293 389 1368 locorum
416 1292 541 1368 slalui
569 1299 718 1369 nostro
749 1293 821 1368 Da
839 1291 1064 1381 imanis,
1093 1289 1194 1368 lanii
1213 1315 1292 1394 pno

195 1399 343 1471 noslno
370 1393 560 1472 dominio
587 1419 669 1472 non
698 1417 869 1472 manere
896 1392 936 1470 in
965 1395 1124 1496 psalles
1160 1393 1212 1471 de
1240 1401 1294 1470 la-

197 1499 224 1576 li
253 1521 300 1574 ne
331 1521 425 1574 cum
454 1495 620 1598 prelato
649 1495 799 1577 illuslni
827 1497 1027 1586 domino,
1061 1497 1137 1576 sed
1166 1497 1292 1576 eliam

195 1600 341 1676 venire
382 1624 527 1676 seeum
571 1599 621 1676 ad
662 1598 840 1701 aliquam
883 1598 1033 1678 bonam
1076 1608 1118 1678 el
1154 1598 1322 1692 utilem·

196 1703 516 1782 conclusionem
545 1729 625 1805 pru
642 1708 789 1779 nostro
806 1699 1009 1778 dominio.
1039 1701 1163 1780 Vadit
1186 1727 1295 1804 pars:

194 1805 312 1906 Quod
354 1803 568 1884 scribatur
609 1813 650 1884 et
692 1803 911 1881 mandetur
959 1801 1105 1882 comiti
1146 1811 1295 1883 nostro

196 1908 425 1994 llalani,
467 1913 512 1984 ut
541 1907 796 2014 respondeat
823 1907 990 2010 pneialo
1018 1905 1169 1985 illnslzni
1199 1905 1294 1984 duci

196 2036 274 2090 nos
303 2011 462 2113 optime
492 2010 734 2090 inlelexisse
763 2031 812 2086 ea
840 2033 923 2112 que
952 2009 1186 2088 dominslio
1221 2032 1295 2088 sua

197 2114 318 2196 nobis
346 2113 497 2192 reiensi
527 2113 627 2192 iecit
655 2112 708 2188 du
735 2111 896 2214 oplima
923 2117 1064 2192 menie
1088 2117 1131 2192 el
1158 2113 1297 2216 dispo·

195 2219 351 2298 silinne
379 2239 479 2314 erga
507 2239 712 2308 nessus,
755 2239 835 2318 qua
877 2217 931 2293 de
971 2238 1018 2294 re
1061 2214 1098 2294 ei
1141 2218 1296 2318 gnatius

198 2323 389 2422 ingenles
417 2320 577 2420 agimus
606 2319 1063 2420 declaramusque,nos
1097 2321 1190 2422 pani
1219 2319 1297 2396 nni·

198 2449 267 2502 mu
296 2431 338 2499 et
364 2424 580 2500 voluntate
611 2445 711 2522 erga
741 2422 943 2500 illuslnem
967 2419 1298 2502 dominationem
1334 2492 1336 2498 .

198 2538 314 2604 suam
344 2529 385 2604 in
415 2517 669 2627 presenliam
699 2549 795 2602 esse
824 2529 866 2601 et
894 2525 985 2600 fore
1013 2523 1052 2601 in
1081 2535 1298 2650 posterum

198 2653 377 2732 semines:
405 2629 480 2704 sed
509 2635 677 2728 qualum
707 2629 855 2705 allinet
882 2627 932 2702 ud
962 2626 1219 2706 ublauonem
1243 2632 1299 2706 lo-

191 2757 349 2812 ,conum
378 2755 521 2808 animus
549 2732 765 2826 contenli,
808 2730 918 2828 quod
958 2731 1191 2808 doniinalio
1227 2757 1299 2808 sna

199 2838 249 2928 ad
279 2861 356 2914 nos
383 2837 515 2912 mittat
543 2836 729 2914 nuntium
744 2855 861 2908 suum
892 2857 987 2911 ctum
1017 2834 1143 2934 pleno
1171 2841 1213 2912 el
1239 2860 1300 2910 su·

201 2939 374 3018 llicienli
418 2936 611 3016 mandato
659 2933 894 3036 pralieaudi
938 2946 979 3012 et
1020 2935 1301 3014 concludendi

200 3042 420 3120 nobiscum
452 3039 491 3116 in
521 3039 715 3144 prediolo
746 3035 931 3136 negulio,
959 3059 1083 3138 quern
1111 3037 1299 3118 nnnlium

196 3143 431 3222 videbimus
473 3153 515 3220 et
559 3141 776 3220 audiemus
819 3139 1122 3225 libenlissime,
1161 3167 1301 3244 neque

195 3247 448 3326 recedemus
475 3245 643 3324 arabus
670 3243 859 3322 linneslis
875 3247 917 3321 el
939 3243 1301 3322 convenientibus.

449 3403 785 3484 Secn.eonS.1·ug.
813 3395 885 3462 Lib.
918 3395 1083 3460 xxviii.
1107 3395 1163 3462 ch.
1188 3397 1258 3459 129.

274 3591 430 3689 DXX.
461 3611 570 3690 1488.
607 3611 654 3684 18
688 3603 992 3690 Octobris,
1021 3605 1223 3682 Viennae.

198 3783 370 3848 llanisuin
395 3803 498 3862 spana
520 3785 672 3860 &rapum
688 3796 834 3850 amnena
849 3779 1025 3836 lisanuuln
1048 3789 1196 3844 nonnose
1223 3790 1302 3848 npe-

202 3891 330 3931 uuum
354 3889 462 3948 iipeuo
488 3869 606 3927 asinus
632 3883 733 3925 sema
758 3863 871 3940 maisy,
895 3880 930 3921 aa
950 3863 1075 3930 suminis
1097 3860 1303 3936 aslisnnlsua

602 3955 700 4028 γωδ]
724 3951 890 4026 nuperae.

300 4073 341 4148 Μ
359 4095 381 4148 a
400 4077 415 4147 l
431 4079 445 4148 l
461 4072 487 4146 h
503 4071 515 4145 i
533 4095 554 4146 a
570 4095 590 4145 s
631 4067 712 4146 Dei
741 4069 897 4168 gualla,
925 4059 1138 4160 lliuiganie
1166 4061 1301 4137 none-

202 4177 287 4254 mia
327 4181 412 4254 ela.
457 4199 534 4252 nex
574 4171 746 4274 diisque
787 4169 981 4256 Ausinie,
1023 4165 1303 4246 illuslsissitno
