3192 5112
1204 413 1276 490 ne

177 629 319 729 possit
346 629 602 708 at‘ordinari
630 628 683 718 id,
698 627 811 730 quod
839 627 1095 706 conueniens
1120 629 1279 708 etutiie

178 749 322 836 tuerit,
349 773 427 850 pro
457 749 620 828 honore
649 754 795 824 nostro
826 757 867 828 et
894 748 1006 828 bono
1036 773 1197 828 eorum.

541 887 635 954 Misti
659 889 689 952 d.
715 887 804 952 Seu.
827 887 899 953 Lib.
924 887 1049 953 xxiv.
1074 887 1130 953 ch.
1154 889 1225 954 114.

176 1041 479 1141 cxxxiv.
522 1063 631 1140 aare.
673 1057 884 1137 indict.
920 1057 951 1137 ι.
981 1065 1000 1136 1
1031 1061 1274 1164 sparus.

178 1238 338 1294 Crenas
362 1253 451 1312 napa.
485 1233 607 1310 I'psuitt
631 1233 667 1315 (u
692 1232 854 1316 cptieriit)
881 1247 980 1292 name
1004 1251 1113 1310 synay
1149 1234 1274 1312 Anapi·

177 1341 350 1414 dauney,
373 1357 411 1411 Α·
433 1342 474 1399 ia
499 1355 690 1412 norappm
725 1352 881 1413 yroaops
931 1340 1105 1398 nocraainr
1145 1341 1273 1416 careby

538 1443 693 1500 itaeraaa
719 1461 736 1498 n
761 1443 907 1516 ltoropa.

276 1589 622 1696 Stephanus
659 1591 737 1669 Dei
777 1590 909 1687 gratia
951 1591 1274 1670 Grecorum

178 1711 252 1788 lm
270 1739 297 1816 p
314 1735 337 1788 e
354 1719 482 1791 rato
501 1739 533 1792 r.
560 1711 711 1792 Amico
740 1717 888 1790 nostro
904 1711 1179 1813 praedilecto,
1205 1713 1274 1792 do·

179 1831 291 1911 mino
332 1833 601 1913 Andreae
643 1831 914 1910 Danduto
958 1831 1103 1908 eadem
1144 1833 1274 1932 gratia

177 1953 418 2055 dignissimo
459 1955 565 2033 Duci
606 1952 909 2040 Venetiarum,
950 1951 1180 2030 Dalmatiae
1217 1959 1272 2030 at·

175 2099 281 2178 quae
336 2075 589 2164 chroatiae,
643 2097 836 2152 necnon
879 2073 1056 2152 domino
1100 2080 1275 2175 quartae

16 2265 18 2296 ι
175 2195 303 2297 partis
344 2201 387 2269 et
414 2194 608 2272 dimidiae
651 2193 780 2270 totuis
829 2193 998 2296 Imperii
1039 2190 1276 2278 Romaniae,

16 2391 18 2420 s
174 2316 349 2391 satutem
384 2335 635 2418 prosperam
664 2319 707 2392 et
734 2313 916 2401 ieiicem,
951 2319 1159 2415 tamquam
1197 2313 1273 2390 ira·

174 2435 226 2514 tri
274 2435 675 2538 praeamantissimo.
731 2433 909 2510 Litteras
956 2439 1116 2510 vestras
1155 2432 1274 2510 nobis

175 2557 317 2634 missas
345 2563 584 2656 gratuantes
613 2555 853 2657 recepimus
881 2614 891 2649 ‚
921 2577 1000 2658 pro
1028 2547 1273 2632 confirmati·

174 2701 254 2754 one
270 2674 500 2754 concordie
516 2681 559 2752 et
572 2681 709 2777 pactu,
726 2669 770 2750 ut
785 2701 811 2777 p
826 2675 912 2750 rius
928 2673 1004 2750 fuit
1018 2675 1273 2752 intercomn·

16 2789 17 2818 ³
172 2821 224 2875 ne
239 2801 426 2876 vestrum
437 2804 667 2875 etcomune
678 2821 753 2872 nos
764 2803 875 2874 trum
892 2801 933 2874 et
946 2795 1159 2874 hominum
1175 2795 1270 2876 iide-

17 2929 18 2932 ‘
76 2971 81 2980 ·
174 2917 274 2995 tium
289 2923 460 3024 nostrae
484 2919 723 3018 magestatis
739 2917 923 2996 ciuitatis
954 2917 1272 3014 Catarcnsis,

170 3063 248 3141 pro
260 3023 452 3142 pactis'ut
466 3035 579 3141 prius'
596 3040 847 3117 confirmata
863 3039 1035 3117 inerunt
1050 3038 1100 3115 ad
1117 3039 1271 3118 bienni·

171 3183 259 3251 um3
288 3181 396 3258 quae
426 3158 571 3235 iamin
601 3160 798 3262 proximo
826 3159 950 3236 tinem
979 3157 1149 3236 habent.
1178 3159 1263 3237 Mo·

173 3281 226 3356 do
267 3280 346 3356 iam
390 3279 630 3357 fraternitas
671 3287 812 3358 uestra
855 3281 964 3384 apud
1007 3283 1267 3377 maiestatem

171 3407 356 3477 nostram
410 3399 557 3500 petivit
595 3407 638 3479 et
664 3400 907 3502 requisivit,
969 3397 1082 3501 quod
1122 3403 1269 3475 nostro

172 3521 365 3598 mandato
393 3527 560 3624 pactum
590 3530 633 3600 et
661 3522 949 3615 concordiam,
980 3525 1029 3596 ut
1060 3517 1181 3597 nobis
1200 3543 1267 3624 pa.

172 3647 243 3732 tet,
271 3641 576 3721 intereamune
604 3650 790 3722 vestrum
808 3651 849 3720 ct
865 3665 1047 3722 comune
1076 3647 1266 3718 nostrum

173 3760 323 3848 Catari,
353 3761 606 3842 deberemus
634 3765 887 3868 prolongare
919 3767 969 3841 ad
997 3769 1097 3842 octo
1127 3785 1282 3852 annos3·

172 3883 283 3984 quand
312 3905 455 3960 amore
497 3885 626 3960 vestri
668 3894 711 3963 et
750 3886 898 3964 intuitu
939 3883 1146 3962 amicitiae
1187 3883 1266 3960 ani·

171 4003 411 4081 moroienti
440 4001 581 4082 iacere
609 4005 812 4095 volumus,
841 4005 956 4105 qnod
984 4001 1023 4079 in
1045 4010 1264 4106 posterum

171 4149 339 4226 semper
373 4124 547 4223 dignitas
589 4133 727 4204 vestra
769 4131 998 4225 cognoscat
1039 4147 1114 4201 nos
1168 4149 1263 4202 esse

16 4275 21 4310 t
172 4243 289 4322 uobis
319 4246 496 4325 amicum
528 4247 781 4351 specialem3
810 4271 936 4326 unum
979 4246 1263 4326 transmittatis
1369 4262 1373 4270 “
