3154 5102
258 535 363 614 vitos
398 531 526 614 dodra
565 529 690 612 tuerit
705 575 711 586 ·
729 541 871 614 nostro
900 537 943 612 et
967 555 1047 636 per
1072 557 1153 612 nos
1176 553 1349 638 possesse

254 659 340 754 Jsrn
380 655 584 734 trecentis
626 653 741 732 nonis
769 661 811 732 et
838 655 960 740 uitro,
990 653 1078 732 siue
1118 653 1348 734 contrudio·

260 776 374 854 tione
403 779 701 878 cujuscunque,
730 783 772 852 et
800 775 1034 852 exereitum
1070 795 1195 876 quem
1223 773 1347 856 habe·

261 921 375 994 mus,
404 896 607 976 hebemus
642 919 770 999 supro
810 895 1027 974 territorio
1067 903 1241 982 nostro,
1268 917 1347 975 neo

260 1016 452 1096 iniuriam
495 1015 619 1096 alicui
660 1014 884 1104 iaciemus,
925 1013 959 1090 si
1000 1017 1115 1118 quod
1155 1023 1345 1096 nostrum

260 1148 395 1218 estet
430 1139 504 1217 suit
540 1162 619 1242 per
661 1135 962 1237 longitudinem
1004 1138 1104 1216 tenti
1146 1137 1349 1241 temporis

259 1260 454 1362 aquirere
482 1283 773 1362 procuramus.
801 1258 851 1336 ut
877 1257 1347 1360 proptereesiintentio

260 1380 370 1482 regis
399 1389 461 1458 est
489 1377 648 1458 tirmuto
688 1401 819 1482 super
859 1377 966 1466 hoe,
1009 1403 1091 1456 uon
1134 1377 1349 1458 videretur

259 1499 395 1586 nobis,
424 1500 538 1601 quod
565 1501 731 1578 mittere
759 1500 1036 1578 ombnssstnm
1051 1507 1237 1576 nostram
1252 1498 1349 1576 iiiuo

257 1628 406 1724 posset
434 1619 588 1722 aliquid
617 1621 823 1711 relevare,
864 1619 940 1696 sed
967 1620 1003 1696 si
1031 1621 1120 1722 ipse
1156 1619 1347 1696 dominus

258 1740 386 1816 bonus
414 1739 597 1826 sentiret,
626 1739 739 1840 quod
767 1739 943 1818 intentio
960 1739 1073 1840 regis
1090 1738 1346 1818 removendo

259 1887 305 1938 se
333 1857 383 1936 nb
412 1859 491 1938 isto
521 1860 633 1962 quod
669 1860 783 1962 petit,
822 1861 933 1938 t'oret
961 1861 1010 1938 ud
1038 1859 1207 1964 aliquid,
1236 1857 1348 1960 quod

260 1983 397 2084 possit
424 1980 625 2059 inducere
654 2005 840 2060 amorem
870 1987 911 2059 et
939 1980 1264 2063 benivolentiam
1291 1981 1347 2058 in·

260 2109 324 2180 ter
351 2101 506 2180 dictum
535 2127 678 2204 regern
707 2109 749 2180 et
777 2115 888 2192 nos,'
908 2103 1180 2208 disponemus
1222 2126 1346 2204 quum

259 2223 310 2299 de
338 2221 513 2300 consitio
542 2223 638 2302 beni
667 2232 793 2314 esset,
830 2225 997 2304 mittere
1026 2223 1076 2300 nd
1103 2223 1261 2303 dictum
1288 2247 1348 2300 ro·

258 2368 352 2442 gem
379 2353 550 2422 nostros
580 2347 888 2435 umbexetores3
916 2353 958 2422 et
985 2345 1078 2424 ideo
1108 2369 1202 2424 eum
1230 2368 1348 2442 rogn-

117 2467 121 2474 '
259 2491 348 2542 rnus
374 2463 592 2552 instanter,
622 2469 827 2567 quotenus
857 2491 952 2545 cum
981 2467 1020 2544 in
1049 2467 1142 2570 ipso
1158 2489 1346 2566 magnum

259 2608 375 2688 spem
412 2587 454 2660 et
489 2583 681 2663 fiduciam
723 2585 836 2662 velut
875 2584 915 2662 iu
959 2585 1087 2664 fratre
1131 2592 1172 2663 et
1212 2581 1347 2662 amieo

259 2706 473 2784 carissimo
524 2705 753 2792 habemus,
805 2705 903 2784 vetit
951 2705 1072 2784 uobis
1112 2704 1346 2806 significare

257 2851 371 2905 sunm
399 2827 672 2920 intentionem
701 2837 743 2904 et
771 2827 990 2904 eonsilium
1019 2853 1149 2931 super
1181 2827 1279 2916 hoo
1306 2835 1347 2906 et

257 2972 335 3026 nos
362 2953 404 3024 et
430 2953 575 3026 nostre
603 2950 787 3048 negotiu,
816 2975 899 3051 que
928 2973 1000 3026 suu
1023 2950 1196 3054 proprio
1225 2973 1345 3052 repu-

258 3069 347 3142 tsre
376 3073 527 3170 potest,
556 3065 716 3145 habere
744 3069 782 3144 in
813 3093 911 3146 essu
930 3067 1121 3170 quolibet
1149 3067 1345 3146 favorabi-

260 3186 355 3265 liter
384 3191 642 3267 comendatn.

709 3325 812 3390 seu.
837 3327 927 3416 sog.
955 3327 1018 3392 nu
1061 3327 1086 3391 ι.
1111 3327 1149 3392 u.
1173 3327 1229 3389 cu.
1253 3325 1303 3388 se.

554 3549 673 3646 nn.
705 3573 814 3648 reus.
843 3577 868 3647 s
895 3571 1041 3646 uass.

259 3757 440 3834 orroeon}
466 3776 656 3836 noo-tosusy
684 3779 783 3822 suess
800 3759 977 3839 Pornopin,
1009 3777 1048 3818 n
1070 3776 1200 3835 jenone
1225 3777 1348 3836 oense,

502 3879 564 3922 roe
589 3865 672 3924 osni
699 3879 872 3940 operante
906 3867 1098 3938 morumne.

360 4033 502 4137 Copto:
530 4033 836 4136 respondeatur
864 4035 914 4110 od
944 4033 1123 4134 capitula
1163 4034 1344 4110 ambosa-
1437 4130 1440 4137 Ι

254 4159 321 4230 tae
356 4153 591 4232 comitis
631 4151 912 4252 Gregorii
958 4149 995 4228 in
1026 4150 1345 4230 hunomodum:
