3192 5112
362 555 368 569 '
432 533 770 636 LXVI-1346.
808 557 859 632 26
894 553 1288 658 leptembris.

317 733 521 791 destrones«)
546 747 667 788 ursana
694 747 758 800 oar»
783 729 866 788 tissa
888 721 1115 789 Bocsnesorr.
1150 731 1311 798 noscis,
1344 745 1403 786 aco

483 835 534 892 tin
559 835 647 892 dans
673 833 836 896 cessonis
861 851 1009 892 nosarso
1033 835 1238 910 desperans.

377 990 380 998 ’
421 985 575 1089 Capta:
618 1009 709 1062 curn
739 983 780 1064 in
808 987 1086 1087 responsione
1126 985 1234 1063 faeta
1269 986 1403 1064 dum.

317 1105 538 1197 Heliae,
566 1105 826 1182 ambaxetori
853 1105 1006 1183 domini
1048 1106 1181 1184 bani
1215 1105 1403 1184 Bossi-

318 1249 435 1317 nse‚
475 1227 691 1305 interulis
721 1234 943 1314 caveatur,
973 1227 1086 1330 quod
1123 1227 1257 1306 nostri
1298 1227 1406 1310 firmi

317 1347 529 1452 propositi
557 1357 644 1432 cst,
686 1347 964 1448 pendentibus
991 1350 1054 1427 sic
1082 1347 1201 1427 iactis
1235 1347 1404 1434 nostris,

317 1471 398 1547 isto
425 1471 566 1547 medio
595 1477 804 1572 tempore,
832 1469 932 1548 licet
947 1495 1193 1573 expressam
1208 1471 1405 1548 unionem

316 1613 400 1668 non
427 1589 654 1668 habeamus
684 1615 778 1668 cum
805 1590 897 1694 ipso
918 1593 1087 1671 domino
1104 1590 1254 1688 banno,
1271 1591 1405 1695 ipsum

318 1709 474 1787 eteius
503 1709 702 1787 auxilium
730 1713 770 1788 in
800 1733 900 1789 casu
929 1713 1144 1813 quolibet,
1172 1711 1286 1788 velut
1313 1713 1407 1788 ami-

319 1855 414 1910 cum
450 1831 748 1933 praecipuum,
787 1831 1006 1933 requirere
1050 1831 1337 1920 confidentem
1365 1837 1431 1924 et¹

317 1977 441 2029 versa
479 1955 574 2030 vice
614 1951 666 2029 de
706 1952 827 2031 nobis
870 1953 1013 2032 facere
1054 1962 1203 2058 posset
1240 1960 1283 2030 et
1323 1959 1405 2030 cet.

319 2069 570 2152 Considunt·
591 2072 827 2176 sapientes,
882 2073 995 2175 quod
1036 2073 1276 2152 remittatur
1312 2071 1405 2150 Ser.

316 2195 350 2270 N
364 2195 376 2270 i
392 2217 415 2269 c
431 2219 456 2270 ο
472 2193 485 2270 i
500 2196 512 2271 i
528 2220 553 2271 n
570 2219 609 2284 o,
637 2219 861 2274 accessero
890 2199 940 2273 sd
969 2195 1118 2274 benum
1159 2195 1406 2298 praefatum,

271 2361 275 2374 ·
318 2311 430 2418 qnod
470 2313 568 2390 dum
598 2314 678 2392 erit
706 2314 745 2390 in
774 2313 961 2416 partibus
989 2315 1096 2400 iilis.
1139 2316 1252 2392 side
1281 2314 1403 2394 firmo

318 2432 495 2524 senciot,
537 2431 858 2534 quodbanus
901 2435 1289 2524 sclavoniae,
1338 2435 1405 2512 vel

318 2553 389 2630 aiii
427 2553 691 2633 descendere
734 2555 862 2634 velint
902 2559 951 2636 sd
993 2556 1186 2634 damnum
1233 2564 1405 2635 nostrae

318 2675 503 2764 bestiae,
542 2675 611 2752 vel
652 2676 703 2753 ad
740 2675 1051 2756 succurendum
1079 2678 1131 2756 de
1158 2674 1405 2756 victualibus

265 2867 269 2876 ,
315 2793 512 2874 inimicos
540 2799 712 2873 nostros
739 2793 983 2888 Jadrenses,
1010 2804 1137 2900 prout
1163 2805 1315 2878 sonant
1337 2821 1406 2874 no·

315 2941 368 2994 va
406 2916 574 3016 habita,
615 2916 729 3019 quod
770 2927 869 2996 tunc
912 2920 1100 3021 requirat
1138 2919 1335 2998 auxilium
1364 2924 1407 2998 et

317 3038 505 3117 favorem
519 3040 649 3144 ipsius
677 3038 772 3118 bani
798 3039 1016 3131 Bossinae,
1044 3039 1094 3118 ad
1123 3038 1405 3119 resistendum

318 3157 432 3238 dicto
460 3157 569 3237 bano
600 3157 861 3250 sclavoniae,
878 3168 920 3236 et
935 3159 1021 3238 aliis
1050 3158 1406 3239 descendentibus

318 3277 637 3362 occasionibus,
659 3279 902 3366 antedictis,
942 3279 1228 3381 promittendo
1265 3279 1304 3365 ei
1341 3305 1407 3357 nu·

317 3397 460 3506 sitium
499 3407 693 3478 nostrum
720 3399 762 3478 in
791 3399 954 3478 casibus
983 3398 1021 3476 ei
1050 3400 1316 3492 necessariis,
1343 3424 1406 3478 se·

318 3518 499 3596 cundum
526 3519 704 3598 sormam
733 3523 970 3600 antedictae
995 3520 1297 3624 responsionis,
1325 3520 1406 3600 iac.

318 3649 384 3718 tae
411 3638 524 3720 dieto
554 3639 651 3717 dum
679 3639 837 3720 Heliae.

843 3845 950 3912 Secr.
972 3849 1062 3935 Rog.
1086 3845 1156 3912 Lib.
1181 3847 1206 3912 Ι.
1230 3845 1287 3910 eh.
1310 3840 1362 3909 55.
