3226 5112
1200 399 1266 472 8⁴0

175 621 334 699 tionem
362 616 596 696 litterarum
625 620 859 693 nostrerum
888 615 971 693 diei
997 611 1088 692 XV.
1109 613 1262 692 mensis

46 769 48 773 ⁴
175 737 394 843 praedicti,
422 741 465 814 et
490 739 602 814 intcr
629 739 776 815 cetere
804 736 917 836 quod
946 733 1151 813 habuistis
1176 731 1248 808 Bo

174 863 345 944 duam,
374 851 486 956 quod
515 853 637 932 nobis
664 853 890 958 plurimum
917 853 1070 954 piacet.
1098 852 1261 954 thuic

82 1004 89 1019 ·
174 979 311 1058 dicitis
339 975 500 1052 misisse
526 975 577 1050 ad
615 974 854 1050 comitem
891 969 1152 1048 sessanum
1179 995 1259 1074 pro

173 1124 280 1206 pace
307 1095 576 1203 prendenda,
612 1094 787 1174 dicimus
814 1095 926 1195 quod
968 1091 1163 1171 libentius
1190 1113 1262 1167 ro·

174 1221 408 1304 inissemus,
437 1215 552 1318 quod
579 1239 663 1293 non
691 1214 921 1306 misissetis,
947 1222 1171 1319 postquam
1199 1235 1261 1288 re*
1312 1253 1315 1261 ·

175 1344 374 1420 cesserat.
401 1335 485 1414 Sed
514 1339 694 1414 ettamen
731 1337 766 1412 si
801 1357 950 1438 pacem
990 1357 1133 1414 secum
1162 1355 1262 1410 con·
1360 1413 1363 1420 ,

174 1457 554 1544 ciscissensium
581 1459 773 1533 volumus
802 1457 1043 1534 observare.
1087 1455 1132 1530 Si
1158 1475 1261 1530 vcro
1293 1473 1296 1486 ¹

49 1585 53 1592 “
173 1580 223 1656 ad
253 1575 568 1656 conclusionem
603 1600 688 1652 non
726 1574 1028 1665 domuissetis,
1070 1575 1163 1676 quia
1194 1597 1262 1650 co·

172 1723 262 1777 mes
292 1709 335 1777 ct
362 1698 603 1799 capitaneus
629 1701 776 1774 noster
803 1695 968 1772 Scuteri
996 1695 1152 1774 scribit
1170 1717 1260 1798 pre·

171 1823 297 1898 ticam
326 1820 486 1896 habere
514 1841 608 1896 cum
636 1815 797 1894 iilisde
827 1816 1074 1893 Drivesto
1103 1822 1145 1893 et
1172 1813 1260 1891 An·

172 1938 367 2027 tibaro,
394 1947 436 2016 et
464 1961 557 2013 cum
595 1939 914 2036 Matagusiis
950 1946 992 2015 et
1018 1936 1107 2012 auis
1135 1958 1257 2037 quam
1308 2036 1311 2042 Ι

171 2056 358 2164 pluribus
394 2057 599 2135 Zentae
635 2056 961 2160 superioris,
996 2057 1190 2134 volumus
1217 2062 1261 2132 ct

170 2176 291 2257 vobis
318 2175 559 2256 mandamns
588 2199 682 2257 cum
710 2184 856 2256 nostro
885 2177 1065 2257 consilio
1094 2179 1259 2274 rogato·

171 2321 275 2385 rum,
303 2304 451 2375 utros
480 2321 626 2376 comes
655 2303 698 2375 et
723 2299 934 2401 provisor,
957 2297 1153 2398 qnoniam
1181 2317 1259 2400 per

171 2417 357 2514 alligatas
384 2415 678 2516 praesentibus
706 2416 828 2494 vobis
864 2417 1085 2520 capitaneo
1113 2417 1257 2494 scribi·

171 2563 275 2627 mus,
302 2537 417 2638 qnod
432 2538 585 2638 exequi
612 2537 815 2628 habeatis,
843 2538 1032 2617 debeatis
1053 2560 1129 2614 vos
1144 2538 1259 2615 intel·¹

172 2659 303 2757 ligere
331 2681 423 2734 cnm
452 2655 546 2760 ipso
587 2659 745 2735 comite
773 2665 816 2734 et
842 2660 1063 2762 capitaneo
1079 2657 1258 2744 Scutari,

172 2779 275 2858 etsi
302 2775 423 2855 vobis
451 2829 610 2854 .....
637 2776 868 2864 videbitur,
904 2801 1034 2880 posse
1069 2779 1166 2856 ioca
1194 2801 1257 2854 su·

152 2897 401 3002 prescripta
438 2895 657 2984 obtinere,
684 2899 725 2974 in
754 2899 821 2975 dei
848 2897 1015 2975 nomine
1056 2898 1258 3001 persequi

169 3019 321 3098 debeat
348 3017 398 3094 ud
427 3017 856 3121 accipendum-totam
873 3019 1025 3104 dictam
1052 3018 1256 3095 Zentam

168 3137 528 3217 inferiorem
563 3163 659 3217 cum
698 3140 806 3218 loci·
833 3137 919 3214 suis
948 3137 1257 3241 suprascriptis,

170 3259 241 3361 qni
270 3259 439 3338 inerunt
465 3259 688 3338 domini
724 3260 986 3362 despoti,
1021 3265 1148 3362 prout
1175 3259 1256 3334 iarn

171 3401 248 3480 per-
284 3380 400 3488 eiias·
422 3379 692 3482 scripsimus,
721 3401 783 3458 ac¹
799 3381 923 3460 etiam
950 3379 985 3455 si
1012 3382 1158 3481 potest
1184 3379 1254 3455 he·
1372 3387 1373 3392 '

1320 2481 1337 2528 δ

170 3499 259 3577 beri
287 3499 419 3580 Zenta
444 3503 665 3604 superior,
691 3501 760 3580 rel
787 3503 935 3581 saltem
962 3521 1132 3604 pessus,
1168 3499 1260 3601 qui·-

151 3621 255 3698 'bus
275 3619 416 3700 chta·
445 3621 625 3700 inferior
665 3643 814 3702 secure
854 3621 971 3699 reddi
1012 3603 1174 3707 ualeam
1212 3627 1256 3697 ct

170 3741 439 3844 promittatur
478 3741 789 3841 Matagnsiis
817 3747 860 3819 et
886 3739 977 3820 aliis
1003 3739 1163 3816 Zentee
1190 3743 1260 3816 suss·

169 3859 352 3964 perioris
379 3859 419 3938 id
448 3861 562 3962 quod
602 3861 704 3938 alias
740 3859 899 3939 habere
939 3861 1257 3937 consueverant:
1372 3956 1376 3962 ¹
1445 3855 1450 3866 “
1609 3859 1611 3965 J

169 3979 223 4056 nt
249 3986 314 4055 eet
339 3985 484 4058 nostra
510 3979 685 4057 intentio
713 3987 757 4057 et
781 3981 903 4058 vobis
915 4001 1119 4084 expresse
1147 4001 1253 4054 man·

171 4097 316 4180 demus
343 4157 353 4175 .
382 4156 388 4170 .
417 4106 500 4178 ..ut
527 4121 606 4176 una
633 4123 704 4178 res
729 4123 807 4203 per
845 4124 966 4181 unam
1007 4101 1144 4179 solum
1171 4121 1250 4177 mn-

172 4219 511 4318 numpraticetur
540 4279 546 4292 .
576 4271 586 4294 .
614 4221 1249 4322 etpraetcreeveiiemus,quod
