3226 5112
164 599 291 679 ticam
321 601 574 690 concordii,
603 596 797 676 faciendo
828 621 997 678 omnem
1025 599 1262 678 instantiam

165 729 210 800 ut
236 729 386 800 nostro
415 719 601 800 dominio
636 701 884 796 remaneant
918 717 1013 798 loca
1041 719 1263 797 Drivasti
1381 727 1385 735 '

166 845 210 918 et
236 823 461 929 nunnae,
489 865 539 920 ac
567 837 647 914 atie
675 839 770 918 lona
797 861 904 940 quae
933 839 1170 918 elevassent
1196 864 1265 918 no·

166 965 253 1036 stra
293 960 470 1062 insignia
511 957 644 1038 saneti
673 959 826 1048 Marci,
867 983 962 1037 nam
990 983 1070 1062 pro
1098 960 1266 1038 hunone

166 1089 314 1159 nostro
344 1090 538 1184 optamus
574 1080 803 1186 plurimum
842 1085 888 1156 ut
923 1078 1047 1160 nobis
1084 1078 1266 1158 habeant

113 1296 116 1302 Ι
167 1223 403 1281 remanere.
431 1201 476 1280 si
504 1201 629 1282 etiam
657 1201 742 1282 hoe
772 1200 901 1281 modo
930 1226 1013 1280 non
1030 1225 1181 1305 posses
1196 1200 1265 1277 de·

165 1323 311 1402 venite
340 1326 391 1402 ad
420 1325 716 1415 concordium,
743 1323 892 1402 saltem
934 1346 1124 1427 procura
1152 1319 1266 1424 quod

168 1446 263 1524 loca
291 1444 561 1522 urivasti
600 1451 641 1522 et
678 1441 916 1521 Buduae
945 1443 1066 1522 nobis
1095 1443 1266 1522 omnino

110 1635 114 1643 ,
169 1571 461 1644 remaneant·
1289 1561 1291 1568 ’

272 1739 535 1841 Domumque
549 1733 584 1815 'si
599 1737 684 1818 hoc
709 1738 834 1818 etiam
864 1737 1060 1817 obtinere
1075 1763 1158 1818 non
1173 1764 1267 1843 pos-

120 1889 122 1898 *
171 1845 263 1949 sus,
305 1885 400 1941 cum
427 1884 590 1962 ¹pacem
618 1865 676 1938 'et
717 1859 997 1940 concordium
1044 1861 1269 1966 plurimum

170 1989 439 2088 exoptemus,
467 2007 518 2060 ae
544 2003 625 2085 pro
655 1981 780 2060 dictis
821 1982 986 2059 duobus
1030 1981 1134 2060 loeis
1173 2005 1269 2060 cum

170 2107 264 2208 ipso
295 2103 451 2182 comite
487 2101 661 2182 stefano
692 2103 851 2180 bellum
892 2104 1052 2182 habere
1080 2129 1165 2182 non
1193 2102 1272 2178 dis·

169 2225 382 2328 ponimur,
410 2224 599 2304 contenti
628 2249 794 2316 sumus,
827 2225 940 2328 quod
975 2223 1057 2303 sibi
1084 2223 1270 2302 dimitun-

170 2353 240 2423 tur
274 2348 357 2425 duo
393 2347 489 2425 loca
524 2345 741 2448 praedieta
746 2386 1272 2425 .........

272 2643 435 2720 Verum
462 2642 498 2719 si
526 2648 676 2720 secuto
719 2639 957 2720 eoueondio
1000 2661 1095 2718 eum
1131 2665 1271 2746 supru-

171 2761 339 2864 seutptis
364 2762 428 2838 «lu
445 2785 652 2840 rassev
667 2759 682 2836 i
697 2761 866 2848 chiis,
893 2759 1106 2840 videbitur
1122 2761 1275 2842 maioni

14 2941 18 2948 .
172 2883 281 2984 parti
307 2889 518 2970 vestrum,
559 2881 675 2984 quod
704 2887 748 2958 tu
776 2878 976 2982 provisor
1003 2888 1045 2958 te
1074 2881 1274 2960 conferre

171 3001 328 3080 habeas
355 3004 407 3080 ad
437 3000 639 3081 comitem
674 2997 908 3094 Stefanum
935 2999 986 3076 ad
1012 3000 1274 3079 tractandum

174 3149 321 3205 secum
350 3124 639 3210 concordium,
667 3147 812 3202 sumus
827 3107 1031 3212 contenti,
1052 3121 1165 3224 quod
1180 3145 1274 3223 pno-
1324 3161 1329 3174 ·

176 3269 302 3325 eures
331 3305 340 3324 .
370 3303 377 3318 .
407 3247 457 3324 ad
481 3247 638 3326 bunum
655 3245 934 3325 concordium
949 3241 1166 3332 devenire,
1179 3267 1276 3348 pro·

178 3365 367 3444 curando
397 3367 512 3468 quad
542 3366 637 3446 loca
665 3367 881 3444 Gentae
909 3364 1201 3444 interioris
1227 3385 1278 3442 ae

178 3485 519 3565 urtvastum
547 3483 670 3566 nobis
699 3491 965 3577 remaneant,
1005 3508 1089 3562 non
1117 3487 1278 3564 restan-

139 3703 141 3710 Ι
179 3605 235 3688 do
265 3614 399 3687 tamen
428 3616 609 3712 propter
636 3608 778 3688 locum
804 3607 1057 3690 Antivau·
1071 3604 1098 3703 i,
1129 3607 1281 3708 quiest

180 3730 223 3808 in
249 3729 443 3808 manibus
471 3728 603 3831 ipsius
645 3730 817 3810 comitis
846 3728 1034 3814 stefani,
1062 3727 1279 3831 adipsum

138 3841 142 3849 ’
182 3849 463 3930 concordium
490 3848 692 3930 devenire
694 3905 929 3928 .......

494 4101 497 4108 ,
522 4043 633 4110 Secu.
657 4063 760 4111 cons.
783 4060 866 4133 rog.
887 4038 961 4110 uin.
983 4041 1059 4108 XV.
1085 4040 1139 4107 eh.
1165 4042 1237 4108 ltu
1317 3991 1321 4014 Ι
