3220 5118
346 327 412 398 toa

380 511 696 616 CCLXXV·
728 537 839 614 lala.
866 531 926 610 ln
943 529 1078 610 dvl.
1109 537 1174 608 26.
1200 526 1422 606 Novem.

351 731 537 802 Orsopeuo
562 743 672 785 nocuo
708 727 1088 802 gysgallsoraeaora,
1124 739 1254 796 ounpy
1280 739 1447 780 sessione-

436 849 524 890 uou’s
550 847 586 888 ce
610 831 792 900 Basmoaa,
817 849 834 887 a
857 848 877 887 o
901 829 1089 902 ycuonisua
1116 845 1241 887 acrore
1266 843 1360 901 supa.

454 1018 714 1100 Michael
758 1015 941 1096 Stena
982 1015 1052 1094 dei
1080 1014 1211 1113 gratia
1251 1011 1447 1089 duxve·

353 1139 559 1220 raetiarum
589 1147 672 1216 etc.
728 1135 937 1216 Universis
965 1141 1007 1214 et
1033 1135 1215 1236 singulis
1243 1141 1327 1212 tam
1354 1154 1448 1234 pre·
1585 1185 1586 1192 κ

355 1260 544 1340 sentibus
572 1283 695 1359 quam
721 1258 884 1346 futuris,
911 1259 962 1334 ad
991 1281 1101 1358 quos
1131 1257 1355 1356 presentes
1383 1253 1448 1330 ad·

357 1378 550 1459 venerint
577 1378 773 1466 salutem,
797 1385 840 1456 et
866 1377 1032 1454 sincere
1062 1371 1301 1454 dilectionis
1330 1371 1450 1448 affec·

356 1509 456 1580 tum.
509 1500 684 1579 ‘tenore
711 1499 973 1600 presentium
1002 1493 1121 1572 vobis
1145 1493 1334 1596 ‚facimus
1370 1515 1450 1567 rna·

358 1619 583 1704 niiestum,
625 1618 739 1719 quod
782 1643 880 1697 cum·
931 1614 1177 1716 magnificus
1216 1620 1259 1690 et
1301 1617 1453 1712 potans

220 1751 223 1763 '
359 1741 629 1819 dominus
685 1738 1011 1818 Sandalius
1058 1743 1236 1835 ‘magnus
1275 1728 1455 1808 vaivodc

358 1861 532 1966 Bosine‚
562 1869 704 1940 motus
732 1859 800 1962 pia
829 1859 1017 1938 caritatis
1045 1855 1272 1934 allectione
1312 1875 1362 1930 ac
1391 1873 1456 1951 pa·

363 1987 424 2064 cis
452 1984 690 2069 dulcedine,
718 2007 797 2084 qua
828 1979 928 2058 nihil
956 1979 1123 2058 suavius
1151 1975 1261 2052 inter
1288 1971 1455 2066 munda·

362 2131 414 2186 na
441 2105 598 2206 gustari
626 2109 783 2204 potest,
811 2099 995 2179 misisset
1024 2096 1075 2174 ad
1101 2092 1361 2198 presentiam
1385 2113 1455 2168 no-

338 2235 494 2306 stram
521 2223 799 2328 spectabilem
827 2221 966 2297 virum
993 2217 1208 2295 dominum
1248 2212 1362 2289 Gru
1378 2211 1405 2288 b
1421 2233 1456 2286 a·

364 2373 389 2426 c
407 2347 514 2422 ium
554 2345 626 2420 Do
638 2342 697 2420 br
713 2369 736 2419 e
754 2341 836 2421 avi
852 2363 878 2442 g
906 2338 1203 2418 honorabilem
1232 2357 1355 2412 suum
1378 2355 1458 2410 am·

367 2457 660 2554 basciatorem,
689 2461 739 2540 ad
753 2462 1017 2540 tractandum
1047 2463 1090 2538 et
1119 2449 1459 2536 concludendum

364 2609 507 2666 veram
534 2606 684 2690 pacem
712 2591 836 2683 atque
866 2579 1142 2661 concordiam
1168 2577 1280 2654 iuter
1308 2596 1388 2650 nos
1416 2577 1461 2646 et

366 2717 556 2790 nostrum
587 2731 766 2788 comune
787 2729 841 2782 ex
857 2728 937 2780 tina
964 2708 1097 2805 parte,
1125 2702 1168 2775 at
1193 2691 1461 2793 magnificum

368 2835 645 2934 etpotentem
667 2827 879 2905 dominum
909 2824 1118 2902 Balsam
1147 2812 1461 2895 Stracimiri

369 2943 580 3054 quondam
608 2949 833 3027 domini
862 2940 1080 3041 Georgi
1112 2931 1462 3015 Stracimiri

369 3076 431 3152 de
457 3071 649 3161 nalsis,
680 3068 895 3146 dominum
922 3063 1055 3160 chte
1078 3069 1149 3138 etc
1168 3083 1222 3134 ex
1248 3053 1337 3138 aliu,
1368 3073 1462 3131 cum
1585 3087 1586 3094 ι

370 3193 479 3270 inter
506 3191 618 3292 ipsas
646 3194 791 3292 partes
820 3205 1067 3286 guerrarum
1096 3174 1296 3256 disturbia
1326 3169 1461 3248 etdis·

372 3315 579 3394 cidiorum
605 3312 843 3412 vigeretur,
879 3329 956 3411 pro
987 3302 1132 3406 quibus
1160 3294 1380 3385 sedandis,
1410 3283 1464 3369 'et

373 3429 652 3521 removendis,
681 3431 790 3508 idem
819 3427 1062 3526 magnificus
1091 3421 1285 3500 dominus
1309 3413 1463 3490 Sanda-

374 3556 450 3632 lius
491 3553 679 3632 studiose
707 3560 749 3630 et
775 3549 1037 3630 laudabiliter
1065 3536 1321 3644 interposuit
1347 3533 1464 3610 vices

375 3701 486 3754 suas.
525 3675 608 3755 Nos
636 3677 709 3777 qui
736 3697 886 3777 pacem
914 3676 957 3748 et
986 3659 1256 3747 concordiam
1297 3677 1465 3756 semper

378 3821 474 3877 cum
503 3793 694 3874 omnibus
722 3790 1036 3880 affectavimus,
1081 3789 1125 3861 et
1149 3799 1319 3880 semper
1344 3773 1463 3850 allec·

377 3921 534 4009 tamus,
576 3917 696 3995 etad
724 3937 795 3992 eus
823 3933 991 4014 semper
1029 3905 1131 3985 'totis
1159 3895 1370 4004 spiritibus
1396 3891 1465 3967 ha·

379 4041 577 4127 nelamus,
593 4036 695 4116 moti
719 4035 842 4113 etiam
858 4021 1201 4132 requisitionibus
1216 4025 1259 4098 et
1272 4010 1466 4093 instantia

381 4161 510 4268 ipsius
538 4156 747 4257 magnifici
774 4149 933 4232 domini
961 4141 1164 4227 Sandalii,
1202 4145 1244 4216 et
1270 4137 1464 4216 volentes

382 4285 423 4364 in
464 4281 550 4360 hoc
590 4280 629 4356 ei
656 4274 897 4378 specialiter
940 4267 1237 4370 complacere,
1280 4252 1466 4336 contenti
