3236 5108
370 627 595 708 vicobaiuli
625 635 667 706 et
707 628 1317 714 consiliariorumnostrorum
1347 629 1471 714 Con·

372 747 1127 852 stantinopolis,dominus
1171 749 1472 855 Imperator

375 874 474 969 post
502 890 720 946 recessum
750 869 826 948 viri
842 867 994 948 nobilis
1022 869 1104 952 Ser
1131 871 1350 950 Bertuecii
1378 871 1471 970 chi·
1533 921 1537 932 ·

371 987 484 1075 rino,
523 987 689 1066 videtur
729 991 903 1068 multum
945 991 1147 1070 affectare
1190 991 1243 1069 de
1271 989 1492 1069 habendo·

277 1193 279 1200 ,
373 1108 698 1207 responsionem
726 1118 916 1190 nostram
946 1113 998 1189 ad
1024 1113 1097 1189 illa
1126 1113 1227 1203 duo,
1255 1135 1364 1214 quae
1394 1135 1473 1216 per

373 1229 553 1309 eundem
582 1228 703 1306 nobis
733 1229 844 1308 misit
871 1231 1061 1322 dicenda,
1092 1231 1260 1312 scilicet
1277 1233 1331 1310 de
1360 1231 1472 1330 iacto

333 1424 338 1437 ,
370 1349 570 1458 possendi
599 1351 729 1427 levari
757 1375 887 1452 super
927 1353 1083 1432 nostris
1112 1353 1246 1452 galeis
1286 1353 1354 1432 vel
1385 1352 1473 1430 aliis

371 1465 545 1566 navigiis
574 1469 742 1555 nostris,
774 1473 817 1546 et
845 1471 1027 1550 conduci
1050 1473 1090 1548 V
1105 1497 1129 1550 e
1146 1496 1172 1548 n
1189 1471 1346 1550 etiae
1375 1495 1471 1552 eum

372 1586 623 1688 securitate,
655 1587 775 1666 etde
805 1587 917 1668 facto
937 1590 1108 1682 ,insulae
1138 1588 1383 1678 Staliminis,
1412 1591 1470 1684 ita
1570 1666 1573 1677 ,

373 1708 485 1812 quod
515 1708 824 1787 rationabiliter
851 1709 986 1788 differi
1013 1717 1272 1812 nonpotest,
1302 1713 1473 1813 quando
1577 1779 1579 1787 .

370 1830 496 1906 delur
521 1828 601 1906 sibi
631 1827 854 1932 responsio
885 1849 963 1934 per
988 1830 1088 1912 istas
1117 1838 1287 1916 nostras
1317 1833 1473 1932 galeas.

473 2038 598 2133 Vadit
635 2077 757 2156 pars:
801 2057 916 2156 quod
957 2049 1169 2136 scribatur
1209 2055 1291 2162 ipsi
1318 2063 1472 2136 nostro

368 2173 610 2267 vicebaiulo
651 2182 693 2253 et
733 2175 993 2262 consilians,
1049 2177 1164 2278 quod
1226 2202 1305 2256 nos
1345 2175 1472 2279 ple'ne'

369 2295 652 2374 intelleximus
668 2321 730 2387 ea,
758 2323 866 2401 quae
895 2299 985 2402 ipse
1026 2295 1107 2375 Ser
1150 2299 1366 2378 Bertutius
1395 2325 1467 2377 no·

373 2416 436 2492 bis
465 2419 606 2497 retulit
645 2415 772 2522 super
813 2419 936 2500 dictis
965 2421 1126 2498 duabus
1170 2405 1469 2524 partibus'pro

369 2541 487 2644 parte
516 2538 643 2641 ipsius
672 2539 832 2617 domini
860 2541 1143 2646 imperatorin
1172 2547 1215 2618 et
1235 2545 1468 2646 propterea

371 2659 564 2738 volumus
593 2663 635 2736 et
662 2660 903 2739 mandamns
937 2663 1020 2746 eis,
1064 2687 1160 2741 cum
1190 2661 1345 2754 nostris
1374 2684 1471 2739 con·

371 2779 474 2860 siliis
516 2787 764 2882 rogatorum
793 2791 835 2862 et
863 2783 1109 2875 additionis,
1150 2783 1263 2886 quod
1301 2787 1471 2886 captato

377 2911 572 3006 tempore
599 2903 728 2982 habili
757 2911 798 2982 et
826 2907 1096 2991 condecenti,
1127 2907 1218 3007 ipse
1245 2909 1395 2982 noster
1422 2903 1476 2980 vi·

373 3023 589 3120 cebajulus
644 3033 890 3129 compareat
931 3025 982 3100 ad
1037 3023 1296 3127 presentiam
1340 3025 1472 3126 ipsius

378 3145 535 3224 domini
584 3143 876 3249 imperatorie,
906 3153 948 3223 et
989 3146 1069 3222 sibi
1111 3145 1193 3222 soli
1234 3147 1269 3224 si
1312 3146 1476 3250 poterit

374 3289 624 3368 responsum
667 3265 867 3366 praebeat
894 3270 1014 3369 parte
1042 3274 1205 3357 nostra,
1236 3263 1348 3368 quod
1389 3288 1470 3340 nos

371 3413 456 3464 non
496 3408 668 3490 parvam
711 3385 1020 3488 displicentiam
1049 3388 1257 3463 sensimus
1287 3387 1339 3464 de
1376 3383 1473 3476 hiis,

374 3532 481 3611 quae
510 3507 631 3584 nobis
660 3529 735 3584 sua
765 3507 957 3585 maiestas
983 3505 1204 3585 notificare
1233 3507 1367 3584 voluit
1393 3529 1475 3607 per

372 3630 453 3710 Ser
482 3627 723 3706 Bertueium
751 3625 1017 3710 antedictum,
1043 3625 1274 3705 scilicctde
1290 3625 1472 3704 termino

374 3759 417 3828 et
445 3745 758 3828 conditionibus
785 3747 825 3822 in
855 3747 1007 3848 quibus
1047 3771 1093 3825 se
1136 3747 1297 3849 reperit
1342 3749 1473 3850 impe·

373 3873 478 3952 rium
502 3895 634 3966 suum,
664 3877 746 3950 tam
763 3876 938 3973 proptor
965 3871 1223 3970 singularem
1253 3877 1296 3947 et
1324 3870 1466 3947 intrin-

375 4016 514 4072 secam
556 3991 799 4085 carilatem‚
828 4017 952 4096 quam
987 3997 1204 4095 portamus
1259 3989 1468 4069 maiestati

373 4139 472 4194 suae
488 4115 745 4218 praedictae,
762 4141 883 4218 qnam
900 4119 1077 4218 propter
1095 4116 1383 4192 reverentiam
1395 4137 1447 4191 co
1460 4155 1473 4168 ¹·

310 4307 321 4326 ,
374 4223 546 4313 lentium
575 4259 727 4314 nomen
758 4235 848 4326 oea
878 4239 921 4311 et
948 4235 1050 4314 licet
1077 4235 1127 4312 ad
1154 4255 1361 4340 praesens
1385 4259 1471 4310 non

378 4354 563 4463 reperiat
590 4379 636 4432 se
665 4354 705 4434 in
734 4355 806 4434 illo
848 4354 959 4433 bono
1002 4355 1185 4434 termino
1215 4353 1256 4432 in
1288 4375 1371 4454 quo
1401 4375 1473 4456 op·
