3220 5118
398 397 465 472 540

399 603 604 686 ivitad
646 625 845 680 manua
886 601 1217 698 Baiaaaaed
1246 601 1490 684 adhuccan

400 735 510 806 trum
540 733 710 804 tonatur
734 747 814 826 per
842 729 1056 800 rectorem
1084 727 1275 800 nostrum
1305 724 1357 804 de
1387 723 1491 812 indo,

398 843 628 924 othonum
654 840 708 920 sit
735 848 884 920 tancre
918 843 1088 920 modurn
1118 841 1170 920 da
1199 841 1490 946 recuperando

398 963 551 1042 dictam
582 961 814 1046 civitatem,
839 960 980 1040 ethoc
1009 960 1102 1042 fleri
1130 987 1212 1038 non
1241 964 1376 1065 possit
1402 961 1492 1040 sina

397 1084 590 1188 pecunia:
617 1083 730 1160 vadit
757 1105 868 1184 pars,
898 1083 1010 1183 quod
1027 1082 1135 1158 mitti
1164 1083 1346 1164 debeant
1374 1081 1492 1162 Scu-

398 1213 568 1287 tarum
596 1205 845 1282 ducatorum
876 1201 963 1279 ·1v·
992 1201 1107 1280 mille
1125 1203 1235 1279 uitro
1257 1203 1370 1290 iilos,
1386 1228 1495 1306 quoa

400 1335 567 1432 captum
596 1325 672 1402 fuit
700 1326 806 1423 mitti
835 1323 1004 1408 debere,
1034 1324 1306 1426 quieapcndi
1332 1323 1495 1428 possint

398 1471 476 1550 par
503 1455 699 1526 rectores
728 1451 900 1522 nostros
926 1442 1118 1538 sonari,
1156 1453 1241 1549 tam
1266 1471 1348 1548 pro
1375 1469 1495 1524 rocu-
1585 1517 1586 1520 t

400 1570 620 1671 portatione
649 1565 749 1644 dicti
779 1563 875 1648 ioci,
905 1587 981 1666 par
1009 1562 1079 1640 iiia
1108 1564 1243 1640 media
1271 1573 1315 1644 et
1343 1567 1496 1644 modos
1585 1555 1586 1650 ξ

330 1685 354 1716 ’·
401 1689 471 1790 qui
498 1690 579 1770 sibi
605 1687 876 1773 videbuntur,
905 1709 1027 1788 quam
1053 1685 1302 1786 ingentibus
1329 1687 1497 1766 illarum
1584 1663 1586 1710 ⁴

399 1809 579 1914 partium
620 1805 794 1898 fiendis,
835 1831 957 1908 quam
986 1805 1027 1882 in
1056 1804 1249 1906 gentibus
1289 1829 1368 1908 pro
1412 1833 1495 1886 ax·
1585 1809 1586 1846 ¹

321 1981 332 1992 -
399 1930 656 2034 patiendo
697 1931 889 2032 ipsum
919 1927 1152 2006 Balaam
1194 1928 1260 2005 da
1290 1953 1496 2032 campo

399 2050 450 2126 ab
478 2050 558 2129 illis
584 2051 783 2152 partibus.
826 2047 878 2126 Et
907 2048 1080 2124 ulterius
1108 2047 1144 2122 si
1172 2048 1383 2128 videbitur
1412 2049 1495 2128 dic·

399 2173 451 2252 tis
485 2169 751 2259 rectoribus,
792 2169 907 2271 quod
949 2167 1051 2247 dicti
1093 2175 1288 2247 rectores
1329 2172 1497 2273 possint

398 2290 651 2394 promittere
678 2290 786 2366 ultra
815 2289 992 2388 ducatos
1019 2293 1045 2366 li
1070 2287 1223 2386 miliia,
1262 2291 1372 2370 sicat
1415 2293 1495 2394 pri·
1585 2271 1586 2360 ἶ

399 2411 467 2490 dia
495 2418 662 2512 captum
690 2409 795 2492 fuit.
837 2407 942 2484 aiios
971 2407 1150 2486 ducatos
1184 2407 1297 2486 mille
1326 2409 1495 2511 singulo

399 2549 507 2612 anno
535 2529 588 2608 de
617 2530 878 2633 provisione,
903 2551 1009 2634 pro
1040 2526 1327 2608 iaciendo
1355 2531 1496 2612 mori
1583 2551 1586 2582 ¹

400 2649 861 2754 ipsumBalsam.

502 2768 624 2864 (liiud
650 2769 761 2864 idem
798 2773 912 2872 quod
941 2769 1035 2864 hic,
1080 2771 1324 2848 continetur
1363 2773 1496 2852 otiam

399 2895 438 2968 in
466 2899 601 2993 parte,
631 2899 752 2992 capta
780 2889 849 2966 die
879 2893 925 2968 13
951 2887 1078 2976 Junii,
1105 2891 1146 2968 in
1176 2889 1323 2970 charta
1350 2892 1436 2985 83.)

646 3012 750 3076 Secr.
776 3008 888 3074 Cous.
914 3010 1091 3096 Rogator.
1116 3007 1190 3075 Lib.
1216 3009 1291 3076 Vll.
1316 3011 1451 3076 01].82.

568 3186 889 3298 cuxovn.
919 3221 1032 3296 1419.
1058 3223 1122 3296 25.
1152 3215 1323 3297 tulii.

397 3381 613 3439 Hacraaaeaii
636 3395 822 3454 uocaauany
836 3379 1058 3438 Maoraunoun
1071 3396 1156 3450 noan
1175 3395 1312 3452 cyaraaa
1325 3379 1492 3452 iipumnio.

583 3561 589 3572 .
651 3483 774 3556 rnuyhe
800 3500 840 3540 oc
863 3485 995 3540 Baama.
1021 3479 1233 3564 (capaliana.)

498 3615 858 3698 Nos'Phomas
899 3618 1231 3718 Monenigo‚
1259 3617 1329 3696 dci
1357 3618 1491 3716 gratia

398 3743 482 3819 dux
508 3739 781 3818 venetiarum
811 3745 892 3819 etc.
951 3739 1218 3818 Comittimus
1249 3737 1322 3816 tibi
1356 3737 1489 3818 nobili

398 3859 489 3936 viro
531 3859 862 3940 Bertuccio
905 3857 1117 3950 Diodo,
1158 3858 1299 3938 baiolo
1341 3863 1487 3936 nostro

402 3978 982 4082 Constantinopolis
1022 4034 1229 4058 ......
1266 3979 1329 4056 irc
1366 3975 1487 4054 deba·

400 4121 444 4176 as
471 4098 752 4176 ambassiator
779 4105 936 4189 noster,
964 4098 1014 4176 ad
1045 4099 1212 4178 Chir'i
1229 4097 1279 4174 ci
1306 4097 1366 4179 So
1384 4099 1398 4174 i
1414 4097 1438 4172 d
1452 4119 1489 4174 a·

400 4243 523 4299 num
561 4219 932 4298 'sarchorum
971 4277 1134 4300 .....
1165 4245 1244 4322 pro
1275 4217 1486 4296 conflrma-

306 4349 313 4358 '
398 4339 512 4420 tione
541 4350 585 4422 ct
611 4337 886 4419 conclusione
915 4341 1052 4422 bonae
1079 4341 1196 4446 pacis
1225 4396 1399 4420 .....
