3224 5110
192 589 304 664 tenta
332 607 427 664 esse
454 583 567 678 velit,
596 590 641 662 ut
668 584 735 662 illa
764 588 1007 674 teneamus,
1042 587 1152 667 sicut
1188 609 1283 666 con·

191 705 366 784 veniens
396 712 438 784 et
464 705 691 784 honestum
720 711 812 796 est;
851 730 944 783 nam
987 709 1184 810 reputare
1212 731 1285 810 po·

191 833 298 914 test,
331 825 446 927 quod
488 823 763 904 existentibus
803 825 844 902 in
884 825 1074 905 manibus
1117 826 1284 914 nostris,

190 943 355 1024 suntin
384 942 572 1022 uranibus
601 945 881 1024 excellentiae
908 969 1021 1022 sune.
1061 945 1114 1024 Et
1140 945 1282 1024 iustiti·

191 1073 311 1145 cetur
340 1062 447 1143 baec
474 1073 620 1144 nostra
648 1065 872 1169 responsio
890 1065 1085 1142 omnibus
1101 1063 1181 1141 illis
1196 1088 1284 1142 ver·

192 1185 254 1266 bis
283 1195 325 1264 et
352 1185 602 1282 rationibus,
633 1209 741 1288 qnae
769 1185 953 1284 collegio
981 1186 1214 1264 videantur.

291 1305 344 1382 Et
371 1331 425 1384 cx
453 1329 565 1384 nunc
594 1313 760 1408 captum
789 1305 871 1404 sit,
899 1305 1012 1406 quod
1053 1303 1284 1384 iustillcotis

192 1423 426 1504 rationibus
453 1427 635 1512 nostris,
663 1425 696 1502 si
725 1434 949 1504 contentus
985 1451 1070 1502 non
1101 1448 1285 1504 remanc-

191 1550 269 1636 ret,
297 1547 432 1648 possit
460 1544 761 1636 condescendi,
786 1545 899 1646 quod
927 1545 1083 1622 habeat
1110 1543 1284 1624 Zentam

189 1667 243 1742 de
272 1687 413 1765 supra,
444 1671 485 1743 et
514 1663 680 1764 reliqua
709 1661 832 1742 nobis
860 1673 1111 1744 remaneant.

521 1817 623 1880 Secu.
648 1837 748 1882 coris.
775 1837 852 1902 rog.
876 1817 951 1882 Lib.
975 1817 1056 1882 XVI
1092 1820 1146 1885 cb.
1172 1819 1242 1884 180.

327 2085 331 2096 .
405 1987 690 2088 Guxnlx.
720 2010 833 2086 anta.
862 2013 888 2086 o
913 2007 1072 2088 ausit.
1185 2099 1188 2110 ,

192 2167 376 2244 ΟᾹποιοῃι
400 2183 641 2238 nocaaanuusa
666 2167 844 2242 Cpbcaorn
869 2171 1285 2237 pecuorauanouoaabso

191 2273 375 2330 aaaronaub
399 2269 530 2342 asioso,
552 2289 589 2343 aa
612 2272 793 2332 naaman
819 2289 921 2347 sparo
944 2288 1094 2348 aecnoay
1117 2273 1285 2334 beroae·

312 2373 484 2433 ‚tabescas
508 2377 614 2434 nesab
639 2394 658 2430 ιι
681 2391 838 2450 rpapoue,
862 2391 923 2432 soa
947 2391 987 2448 cy
1010 2390 1159 2448 mysesa.

291 2505 412 2605 Quod
427 2503 728 2609 spectabilibus
744 2504 986 2586 oratoribus
1008 2506 1180 2588 illustri·
1207 2508 1285 2588 do·

189 2627 328 2706 mini
369 2628 616 2731 despoti
656 2626 889 2720 ltassie,
926 2630 977 2706 ed
1007 2651 1056 2708 ea
1085 2653 1286 2731 quaeau-

190 2745 275 2824 dita
312 2746 591 2849 responsione
627 2753 772 2825 nostra
802 2747 1086 2850 replicarunt,
1113 2759 1159 2827 ut
1187 2751 1286 2828 rela-

191 2877 274 2946 tum
306 2867 383 2946 luit
409 2868 509 2945 huic
546 2866 728 2946 consilio
757 2892 836 2970 per
863 2869 1175 2946 serenissimum
1214 2871 1269 2948 do

190 2990 344 3066 minum
374 2989 538 3076 ducem,
567 2989 887 3092 respondeatur:

292 3107 410 3206 Quod
438 3107 712 3209 singulariter
750 3133 897 3186 snmus
932 3106 1086 3188 illustri
1114 3107 1285 3186 domino

188 3253 266 3306 sun
296 3228 449 3320 allecti,
478 3253 571 3306 nam
599 3254 700 3308 vera
729 3253 807 3306 nos
834 3237 1078 3332 reputamus
1094 3255 1167 3308 sun
1189 3253 1286 3308 cum

192 3351 439 3431 excellentia
487 3351 748 3430 fraternitate
800 3350 1040 3440 coniuncti,
1078 3359 1121 3429 et
1161 3373 1285 3428 omne

192 3473 465 3550 commodum
504 3477 546 3548 et
574 3469 884 3574 ampliationem
925 3478 1059 3550 status
1099 3470 1160 3550 sui
1203 3495 1285 3548 non

189 3592 313 3669 aliter
341 3617 464 3693 quam
501 3591 638 3671 nostri
674 3594 839 3697 proprii
867 3601 1144 3696 exoptamus,
1173 3601 1215 3673 et
1243 3601 1288 3671 ut

188 3713 269 3789 iam
309 3713 369 3791 eis
400 3713 739 3801 declaravimus,
782 3714 875 3792 loca
905 3741 1012 3816 quae
1052 3717 1285 3818 requirunt.

188 3857 271 3912 non
306 3837 358 3914 de
388 3837 581 3914 manibus
623 3837 906 3914 excellentiae
947 3861 1076 3926 suae,
1115 3835 1190 3911 sed
1233 3835 1286 3914 de

188 3952 378 4032 manibus
423 3958 668 4034 comitis
711 3957 947 4036 Stelani
991 3958 1180 4039 comunis
1223 3957 1286 4036 sui

189 4085 231 4154 et
258 4077 392 4154 nostri
408 4075 562 4155 inimici
587 4081 842 4181 accepimus,
869 4078 922 4157 de
952 4077 1153 4180 quibussi
1169 4102 1286 4181 prae·

187 4196 298 4273 tatus
328 4197 503 4284 illustris
532 4197 726 4276 dominus
752 4223 852 4276 snus
880 4199 1044 4303 plenam
1073 4196 1288 4278 habuisset
