3230 5104
331 307 397 372 472

331 523 527 618 tempore
571 513 749 594 corace'di
792 520 954 614 queant,
986 513 1112 594 nobis
1141 513 1429 613 gratissimum

333 645 397 712 est
426 631 895 736 commodissimumque
924 632 1131 710 futurum:
1167 655 1306 736 eoque
1347 661 1429 716 rna·

230 805 231 808 =
332 753 393 854 gis
422 778 549 856 quum
590 757 642 832 de
696 753 913 832 Turcis
968 757 1107 834 securi
1151 779 1231 832 non
1272 781 1429 834 sumus:

334 873 403 975 qui
430 876 683 968 dubitemuS,
726 883 770 952 ut
797 873 832 952 si
859 899 912 950 ex
953 873 1186 952 Turchia
1243 877 1430 966 redeant,

333 1020 385 1074 ne
412 995 612 1100 impetum
640 997 679 1073 in
710 1021 790 1073 nos
820 1003 1089 1076 convertant:
1116 1007 1431 1100 proptereaque

334 1117 572 1196 studeamus
600 1141 649 1194 ea
677 1139 840 1218 parare,
870 1115 1019 1220 quibus
1047 1117 1171 1194 saluti
1199 1125 1371 1194 nostrae
1385 1125 1431 1194 et

336 1237 451 1316 urbis
478 1243 624 1314 nostre
652 1236 795 1314 tuteiie
823 1237 1080 1315 consulatur.

450 1357 623 1458 Rugusii
690 1351 756 1434 die
820 1365 968 1436 octava
1035 1357 1193 1436 mensis
1254 1360 1432 1457 Augusti

337 1473 635 1580 mccccnxl.

674 1621 680 1644 ι
747 1583 996 1664 Serenitatis
1023 1593 1190 1660 restrae

596 1704 830 1786 servitores
859 1712 1006 1784 rector
1034 1714 1076 1782 et
1104 1705 1326 1784 consitium

525 1825 693 1922 Regusii
723 1849 819 1902 oum
848 1825 994 1902 hnmiii
1023 1823 1404 1902 commendatione.

514 1943 575 2032 1Α
606 1951 729 2044 tergo

439 2061 701 2144 serenisimo
729 2065 909 2168 principi
926 2074 969 2157 et
984 2067 1332 2146 excelentissimo
1360 2065 1436 2142 do·

339 2181 452 2264 mino
495 2180 875 2276 observantissimo¹
922 2185 1091 2262 domino
1146 2183 1432 2288 Pasquaii

338 2301 381 2378 M
399 2304 523 2405 arip
540 2309 595 2380 et
613 2329 632 2380 r
649 2331 673 2381 n
705 2303 772 2382 dei
788 2305 921 2404 gratia
949 2303 1119 2382 inciicto
1157 2304 1439 2380 venetiarum

285 2469 286 2474 =
339 2425 434 2502 duci
464 2428 547 2500 etc.

822 2525 1134 2593 Conamemoriaie
1157 2525 1231 2591 XV.
1258 2527 1312 2592 eir.
1335 2529 1388 2590 75.

414 2691 801 2830 CDLXXXVI.
844 2701 955 2829 anor.
994 2759 1056 2830 ro.
1108 2751 1358 2856 augusti

340 2944 552 3018 Raraunum,
578 2941 723 3018 πόματι
747 2959 936 3004 nocaaunn
969 2961 1031 3006 non
1055 2945 1094 3004 ie
1125 2947 1186 3004 nna
1211 2963 1325 3020 spa-rm
1350 2949 1439 3004 Boc-

342 3061 393 3116 ae,
414 3061 452 3118 aa
464 3061 565 3104 nannn
591 3062 705 3102 onnus
729 3049 904 3106 cananeum
920 3047 1095 3106 itineraria
1110 3066 1129 3105 o
1143 3065 1250 3126 cupra
1273 3048 1439 3124 npetaur·

341 3151 428 3205 niara
452 3167 554 3224 apaan
579 3152 750 3208 nirronorr.
776 3167 869 3228 orna,
894 3170 911 3207 a
933 3170 1039 3226 ysaac
1063 3169 1100 3222 aa
1133 3171 1173 3226 ny
1199 3169 1340 3212 nerrnra
1365 3171 1447 3230 eny-

711 3255 798 3310 nandr
823 3269 861 3309 aa
893 3270 1076 3327 npenron'n.
1254 3237 1261 3248 ’

445 3408 806 3506 Quemadmodum
848 3416 992 3488 notum
1042 3417 1129 3499 est,
1171 3412 1444 3490 serenis-

343 3529 519 3609 simus
549 3553 649 3606 rax
678 3527 931 3610 Bossine
969 3533 1172 3608 anteactis
1211 3529 1363 3612 diebus
1389 3533 1445 3610 ab

343 3647 535 3728 humanis
564 3651 806 3730 subtractus
835 3660 911 3746 est,
943 3651 1088 3730 eteius
1117 3653 1215 3728 ioco
1232 3655 1447 3734 successit

346 3768 455 3848 fitius
482 3794 582 3848 suus
611 3771 822 3870 rexregni
849 3771 974 3848 iliius.
1004 3770 1057 3850 Et
1085 3773 1353 3855 considerata
1379 3799 1448 3856 ve·

346 3893 425 3970 teri
456 3891 634 3970 amicitia
676 3898 718 3970 et
756 3893 1070 3980 benivolentia,
1108 3913 1231 3993 quam
1273 3918 1449 3996 semper

347 4010 567 4090 habuimus
609 4037 703 4092 cum
746 4015 840 4115 ipso
887 4037 987 4112 rege
1016 4022 1059 4090 et
1096 4013 1451 4114 progenitoribus

348 4132 447 4222 suis,
475 4143 517 4212 et
547 4159 600 4211 ex
623 4136 736 4213 omni
766 4134 849 4214 aiio
891 4133 1006 4215 bono
1047 4141 1247 4238 respectu
1289 4135 1453 4216 honori
