3226 5112
197 557 369 642 nlnstrn
397 557 590 640 domiuus
618 559 825 662 despotus
840 557 1018 661 recipiet
1032 561 1083 642 ab
1098 561 1284 644 illustris·

194 677 346 758 simmo
387 676 560 758 domino
601 679 734 764 duce,
781 683 824 756 et
864 679 1050 758 dominio
1091 683 1284 764 Venetia·

195 823 303 891 rum,
332 797 438 876 adie
465 798 776 900 quintodecimo
805 799 1013 902 presentis
1041 801 1193 880 mensis
1209 805 1289 882 An·

194 918 302 1017 gusti
332 919 385 998 de
414 918 638 996 millesimo
677 918 1090 1019 quadringentesimo
1127 922 1285 1021 trigesi-

194 1063 263 1118 mo
292 1041 439 1141 quinto
468 1039 663 1128 inantea,
690 1038 862 1137 siugulis
890 1043 1008 1120 annis
1041 1043 1083 1120 iu
1112 1043 1180 1120 die
1208 1043 1285 1122 fes·

194 1160 360 1240 tivitatis
389 1161 515 1260 beate
542 1160 674 1238 Maria
689 1161 889 1260 Virginis,
918 1163 1124 1242 demedio
1141 1187 1285 1242 mense

193 1282 381 1381 Augusti,
408 1281 450 1360 in
479 1281 660 1360 Scutaro
689 1281 865 1360 ducatos
893 1281 1003 1368 mille
1027 1283 1079 1361 de
1107 1285 1283 1364 introiti·

194 1401 272 1480 bns
300 1401 483 1488 Scutari,
510 1399 793 1479 numerandos
818 1402 886 1479 cui
914 1403 981 1478 vel
1011 1401 1284 1504 quibusidem

192 1522 366 1603 illustris
393 1522 585 1601 dominus
612 1521 815 1622 despotus
843 1523 928 1600 suis
955 1522 1088 1600 literis
1104 1523 1286 1604 declara·

193 1639 269 1734 hit,
309 1643 400 1719 sine
437 1642 522 1720 ulta
573 1640 826 1743 exceptione
875 1641 975 1720 dolo
1016 1643 1084 1722 vet
1125 1643 1286 1725 fraude.

192 1762 338 1844 ltem
372 1763 570 1865 promisit
595 1764 734 1842 dictus
761 1762 954 1842 dominus
980 1763 1177 1844 Nicotaus
1203 1766 1286 1844 Mc-

194 1909 264 1964 mo
294 1891 441 1962 orator
468 1891 549 1961 etc.
590 1889 634 1962 et
673 1909 720 1960 se
762 1884 964 1984 obligavit
1000 1884 1285 1986 nomineque
1375 1873 1379 1882 ’

192 2027 330 2106 supra,
359 2002 472 2104 quod
488 2008 712 2105 postquam
740 2002 838 2080 hinc
852 2005 1096 2098 recesserit,
1124 2003 1283 2084 etScu·

193 2129 328 2204 tarum
358 2124 543 2205 venerit.
593 2123 806 2202 numerari
834 2125 960 2204 faciet
987 2125 1158 2215 nuntio,
1198 2126 1285 2203 sive

192 2246 346 2328 nuntiis
375 2243 475 2323 dicti
503 2242 678 2322 illustris
706 2244 1056 2348 dominidespoti‚
1073 2252 1287 2350 properie

99 2447 101 2452 ,
192 2367 582 2472 suprascriptorum
612 2364 860 2442 ducatorum
890 2371 1086 2466 quattuor
1099 2367 1288 2459 millium,

192 2489 246 2566 de
276 2485 425 2590 quibus
468 2487 709 2566 concordes
743 2496 1036 2566 remanserunt
1062 2512 1143 2592 pro
1170 2493 1286 2568 resto

194 2609 380 2688 omnium
409 2627 558 2685 eorum
589 2603 796 2682 rationum
837 2611 919 2684 etc.
960 2604 1137 2698 ducatos
1179 2605 1285 2684 duos

193 2728 310 2806 mitte
337 2728 430 2804 auri
456 2725 523 2802 vel
550 2725 740 2802 valorem
769 2725 809 2801 in
837 2725 1040 2814 monetis,
1082 2734 1125 2806 et
1165 2752 1188 2804 a
1218 2725 1286 2804 dic

193 2849 295 2928 dicti
322 2848 388 2926 sni
414 2847 614 2950 appulsus
645 2835 825 2934 Scutari,
860 2849 1074 2948 usquead
1117 2871 1285 2926 menses

194 2977 374 3073 quatuor
402 2973 730 3072 prosequentes,
757 2965 987 3044 aliosduos
1019 2967 1134 3044 mille
1162 2968 1286 3046 duca·

193 3097 261 3172 tos
289 3091 418 3170 faciet
444 3087 601 3178 nuntiis
630 3083 728 3165 dicti
757 3085 931 3164 illustris
947 3087 1102 3165 domini
1118 3089 1287 3192 despoti

192 3211 471 3290 effectualiter
492 3208 583 3286 dari
613 3215 655 3284 et
670 3205 910 3308 consignari
936 3209 977 3284 in
994 3205 1190 3294 Scutaro,
1204 3229 1285 3309 pro

192 3335 310 3408 resto
338 3335 381 3407 et
409 3327 581 3410 residuo
608 3325 820 3404 dictorum
836 3326 1086 3404 ducatorum
1102 3331 1286 3427 quotuor

191 3452 380 3530 manum.
412 3449 501 3528 rte
519 3473 559 3526 m
589 3472 683 3526 cum
713 3445 755 3522 in
778 3406 971 3550 upum
987 3446 1285 3526 declarationis

191 3569 367 3650 firmatis
395 3593 490 3647 cum
518 3567 682 3644 illustre
705 3565 876 3644 domino
893 3568 1072 3670 despoto
1089 3565 1284 3670 predicto

190 3715 269 3794 per
296 3689 568 3796 spectabilem
597 3690 732 3767 virum
770 3689 986 3766 dominum
1014 3687 1284 3767 Franciscum

190 3808 376 3907 Quirino,
405 3807 645 3888 nominibus
674 3806 821 3908 quibus
849 3831 999 3910 supra,
1027 3833 1156 3886 unum
1185 3829 1284 3886 con·

190 3931 370 4010 tineatur
399 3929 624 4034 capitutum
651 3927 775 4026 hujus
800 3928 964 4008 tenoris
992 3929 1045 4008 dc
1072 3927 1205 4006 verbo
1235 3927 1286 4006 ad
1355 4003 1358 4008 .

189 4050 377 4140 verbum,
403 4047 629 4130 videlicet:
687 4049 728 4142 „l
747 4059 856 4126 tem
895 4055 1089 4154 permoto
1111 4037 1283 4128 ¹messer

186 4169 427 4254 Francesoo
457 4168 689 4266 antedicto,
715 4170 885 4252 nomine
914 4196 997 4274 quo
1025 4193 1168 4274 supra.
1199 4168 1284 4252 che
