3206 5110
174 627 404 722 annuatim,
440 626 667 710 haberetur
694 637 864 712 servum
895 639 937 714 et
963 659 1049 716 uon
1079 633 1271 727 liberum,

174 747 269 828 inde
309 749 511 851 sequeitur.
553 751 668 851 quod
696 749 779 833 boc
815 755 933 834 nullo
961 759 1091 840 modo
1128 767 1270 862 potest

174 869 363 969 intelligi,
390 869 466 948 sed
494 873 607 974 quod
635 871 705 948 illa
733 873 931 960 clausula,
960 877 1181 960 videlieet:
1210 879 1269 958 uti
1404 891 1411 909 ‘

175 993 421 1080 tenebatur,
462 1013 508 1071 se
535 990 765 1074 refferebat
791 991 841 1072 ad
871 997 1142 1096 quantitatem
1171 1023 1265 1082 con·

171 1109 343 1200 linium.
384 1135 480 1192 cum
520 1113 556 1190 si
596 1110 812 1192 diceretur
851 1113 1044 1196 absolute
1072 1116 1268 1197 Catonum

174 1257 269 1312 cum
299 1231 388 1310 eius
416 1232 606 1314 districtu
635 1243 731 1312 ess'e
746 1234 907 1316 debere
935 1240 1067 1316 nostri
1081 1239 1268 1328 dominii,

173 1353 481 1453 intelligeretur
495 1353 709 1432 districtus
739 1379 864 1457 quem
893 1358 1117 1459 antiquitus
1143 1357 1268 1440 habe·

174 1477 271 1565 bat,
321 1500 406 1576 quo
451 1475 890 1576 comprehenderetur
939 1479 1178 1592 heretica
1226 1487 1269 1560 et

173 1593 302 1672 multa
331 1595 433 1680 alia,
461 1617 569 1696 quae
596 1593 757 1674 domini
783 1597 847 1674 sui
873 1605 1039 1683 tenent.
1069 1598 1127 1676 uti
1152 1603 1269 1699 patet

173 1713 394 1794 autenticis
427 1714 679 1816 privilegiis,
721 1741 831 1819 quae
870 1719 1054 1799 Catarini
1091 1717 1267 1808 habent3

174 1857 304 1936 quam
330 1833 384 1910 ob
412 1857 501 1914 rem
532 1837 754 1918 tenendum
784 1843 872 1927 est,
908 1839 1021 1940 quod
1051 1839 1266 1942 praefatus

172 1955 370 2034 domiuus
397 1956 663 2055 Georgius
690 1959 827 2036 voluit
853 1959 1007 2040 dictam
1036 1960 1265 2040 clausulam

174 2065 287 2178 poni,
302 2080 347 2154 ut
361 2083 505 2156 nostra
533 2076 762 2156 dominatio
789 2078 969 2159 haberet
995 2079 1263 2162 solummodo

172 2197 285 2276 illam
312 2204 474 2297 partem
502 2195 717 2278 districtus
732 2197 886 2287 Catari,
914 2222 1024 2302 quae
1046 2200 1267 2282 tenebatur

172 2341 253 2422 per
279 2317 500 2398 Catariuos
528 2321 579 2398 ad
608 2326 774 2424 tempus
799 2321 898 2398 olim
927 2322 1083 2402 domini
1111 2321 1265 2404 [iecr-

173 2437 248 2539 gii
276 2437 566 2518 Strazimir
594 2449 637 2518 et
663 2439 820 2524 domini
846 2441 1040 2524 Balsae
1070 2442 1265 2524 eiuslilii.

172 2559 286 2637 Unde
316 2559 505 2663 allegatis
531 2559 595 2638 his
624 2567 667 2642 et
693 2561 792 2642 aliis.
811 2562 1055 2652 rationibus,
1082 2571 1123 2644 et
1152 2562 1266 2644 eirca

172 2679 283 2759 lranc
309 2687 472 2784 partem
504 2687 547 2760 et
573 2679 685 2762 illam
726 2683 780 2764 de
815 2681 1266 2773 Pastrovichis‚

173 2807 217 2878 et
243 2799 365 2882 dietis
392 2801 752 2884 ambariatoribus
795 2827 874 2882 nos
913 2827 996 2882 non
1036 2799 1265 2882 valentibus

170 2921 396 3012 reducere,
422 2930 610 3002 nostrum
639 2921 868 3002 dominium
895 2919 1171 3002 affectuosum
1199 2943 1266 3024 pa·

171 3044 232 3120 cis
261 3051 305 3119 et
332 3043 498 3146 quietis,
526 3042 834 3123 condescendit
861 3043 912 3120 ad
940 3041 1052 3122 hunc
1075 3043 1265 3122 ultimum

169 3165 356 3255 modum,
383 3163 604 3244 videlicet:
630 3163 748 3266 quod
776 3187 856 3267 per
872 3171 1062 3242 nostrum
1091 3163 1264 3242 domini·

168 3309 237 3363 um
266 3293 309 3363 et
337 3285 474 3365 dictos
503 3287 816 3366 ambaxiatores
846 3287 1075 3386 eligeretur
1089 3309 1169 3368 uua
1184 3291 1264 3362 ter·

170 3407 225 3487 tia
255 3427 461 3511 persona,
502 3430 608 3506 quae
638 3427 908 3505 cognoscere
934 3405 1113 3486 haberet
1148 3407 1264 3486 cirea

170 3527 303 3606 dictas
331 3530 434 3608 duas
461 3527 735 3626 differentiae,
764 3535 807 3606 et
830 3526 1159 3630 quamvisdietis
1187 3549 1264 3606 am·

168 3647 476 3728 bassiatoribus
490 3650 718 3738 videretur,
731 3649 1062 3730 dominationem
1076 3655 1263 3730 nostram

167 3777 315 3850 sancte
344 3776 388 3846 et
408 3772 523 3866 juste
551 3767 683 3872 loqui,
710 3771 891 3848 attamen
920 3767 1125 3848 assentire
1152 3769 1264 3848 uolu-

167 3897 306 3984 erunt,
335 3887 569 3990 allegantes
597 3891 714 3972 cirea
741 3889 829 3970 hoc
853 3915 939 3969 non
966 3887 1126 3970 habere
1142 3889 1262 3968 liber·

169 4017 322 4102 tatem,v
341 4009 419 4088 sed
446 4012 558 4113 quod
588 4011 700 4090 irent
726 4015 768 4090 et
795 4009 996 4089 uellerent
1022 4007 1106 4089 hoc
1133 4009 1261 4088 domi·

168 4157 223 4212 no
250 4156 343 4218 suo,
372 4137 572 4231 rogantes
599 4153 676 4208 nus
703 4129 1026 4221 instantissime,
1068 4131 1180 4234 quod
1207 4131 1260 4209 ad

167 4251 984 4355 praelatumdominumsuum,nostrum
999 4249 1260 4332 mitteremus
1302 4307 1305 4314 ⁴
