3224 5110
363 605 530 697 gantos,
561 595 673 699 quoti
688 597 823 672 nostri
839 593 1014 672 honoris
1030 599 1186 672 tantum
1200 617 1365 673 memor
1389 603 1454 671 est

363 726 504 797 vestra
546 715 766 811 celsitudo,
810 713 966 792 sadda
995 714 1079 792 troc
1117 721 1274 793 tantum
1304 717 1452 816 impra-

367 841 609 934 sentiarum,
640 845 684 913 ut
712 839 879 914 constet
919 836 970 911 de
1012 845 1155 914 nostra
1198 836 1453 936 acceptatio·

363 983 416 1038 ne
453 965 496 1034 et
536 959 704 1035 sincera
744 955 961 1032 voluntate
998 955 1037 1031 in
1075 955 1140 1032 his
1169 981 1251 1056 qus
1294 953 1454 1030 fecistis

362 1101 441 1180 pro
471 1086 617 1155 nostro
646 1075 825 1153 honore.
882 1073 986 1154 Cum
1016 1074 1233 1154 eeleritate
1272 1098 1452 1174 namque

312 1259 316 1264 .
360 1197 553 1300 possibiti
606 1196 816 1272 mittemus
869 1220 997 1297 super
1047 1197 1132 1272 hoc
1185 1219 1263 1298 pro
1318 1195 1455 1272 nostri

363 1319 582 1395 honestato
611 1323 654 1393 et
680 1315 841 1414 negotii
871 1315 1105 1415 exigentia,
1151 1324 1321 1394 nostros
1364 1337 1454 1390 orn·

364 1445 476 1513 tores
505 1436 556 1514 ad
583 1441 770 1514 vestram
787 1435 1102 1540 exceltentiam
1128 1436 1197 1538 qui
1219 1437 1340 1514 etiam
1357 1459 1451 1511 nos·

361 1563 444 1632 tras
473 1577 602 1656 super
630 1553 719 1630 hac
747 1561 889 1632 nostra
917 1557 1214 1634 nominationis
1249 1553 1454 1632 ratificati-

369 1695 492 1753 onem
522 1679 711 1776 patentes
738 1675 878 1751 literas
906 1673 1112 1756 deferant.
1142 1676 1271 1776 etqui
1289 1677 1341 1752 da
1365 1699 1456 1751 nos·

300 1819 303 1828 ’
372 1803 433 1872 tra
463 1795 683 1873 affectione
709 1795 912 1894 singulari
928 1799 976 1874 ad
991 1796 1095 1875 iitud
1112 1795 1453 1873 illustrissimum.

368 1921 552 1991 vestrum
581 1915 810 1992 dominium
839 1917 1136 1994 informabunt.
1166 1916 1285 2015 Quod
1315 1921 1454 1992 autam

363 2035 530 2122 tardius,
559 2047 681 2136 quam
709 2037 926 2128 usitamus,
942 2035 994 2111 du
1017 2037 1100 2114 hoc
1129 2037 1335 2113 avisamus
1366 2059 1454 2113 ves·

368 2159 472 2233 tram
509 2155 801 2233 naisitudiuam
831 2155 930 2236 facit
959 2155 1075 2232 tarda
1117 2154 1310 2258 receptio
1341 2155 1453 2232 litar-

368 2295 457 2350 rum
486 2283 733 2362 vestrarum,
762 2303 842 2378 qua
870 2278 1008 2352 sotum
1037 2277 1186 2354 nudius
1215 2276 1375 2352 tornius
1403 2278 1455 2354 ad

364 2415 442 2469 nos
470 2392 608 2470 dotata
637 2400 750 2482 sunt,
780 2399 898 2495 cujus
928 2397 1050 2496 outpa
1087 2395 1301 2474 noscimus
1329 2451 1339 2471 .
1371 2453 1378 2464 .
1408 2395 1455 2471 tn

371 2512 538 2591 Christo
568 2514 700 2592 vaiaat
727 2525 866 2595 vestra
896 2515 1110 2594 celsitudo.
1166 2515 1240 2593 Ex
1287 2518 1460 2592 Vase-

365 2634 602 2710 iastraza
635 2634 735 2716 xln
765 2636 963 2716 Octobris
999 2635 1232 2716 MCCCCL.

827 2803 1142 2870 Commemoriaie
1167 2805 1257 2868 XIV.
1283 2805 1339 2870 rh.
1362 2807 1417 2870 70.

367 2975 651 3109 (int-W.
695 3029 804 3104 ruso.
831 3029 892 3104 aa.
922 3027 1157 3106 Octobr.
1187 3029 1241 3106 tn
1269 3027 1459 3108 ratae.

365 3204 475 3278 ἥρω
502 3204 611 3258 uocas
638 3203 807 3276 ouonpaaa
832 3222 909 3262 mro
933 3223 973 3278 oy
997 3223 1030 3264 ra
1055 3207 1234 3264 Maeroris
1260 3223 1459 3266 arenosas·

395 3322 537 3380 yuspy,
563 3321 624 3366 uon
648 3323 686 3380 oy
713 3323 904 3365 suasionum
930 3327 964 3366 ra
991 3311 1144 3384 spartus
1176 3313 1434 3384 aparoncmn..

466 3450 698 3533 Ratitiuatio
727 3459 869 3555 rogis
898 3457 1126 3535 Bossina
1157 3457 1459 3537 nominationis

370 3569 422 3650 de
437 3571 530 3673 ipo
561 3572 669 3652 iacta
698 3574 872 3675 inpane
902 3602 996 3655 otim
1025 3575 1296 3654 serenissimo
1326 3601 1456 3675 roga

1603 3683 1604 3720 i

375 3691 713 3789 Aragonum.

467 3826 802 3930 Stephanus
831 3831 1060 3910 Thomas
1088 3832 1153 3910 dei
1194 3833 1327 3932 gratia
1360 3855 1455 3909 rex

367 3947 573 4035 Busna,
602 3950 786 4036 Rusio,
826 3953 1225 4054 Maritimoqua
1256 3951 1456 4030 omnibus

367 4067 415 4144 nd
458 4091 562 4169 quos
598 4068 650 4146 ire
691 4078 838 4149 nostra
881 4079 1069 4172 poton-tas
1112 4073 1232 4150 iitora
1275 4095 1453 4175 peruen-

366 4187 475 4266 erint
500 4191 689 4268 satutem.
742 4191 969 4294 Postquam
1007 4195 1190 4274 divinam
1221 4194 1454 4274 miseratio·

1601 4169 1603 4304 t
