3228 5108
174 611 177 622 '
334 603 1422 704 Constantinid'ominiServiae,teri·

328 727 477 808 torii
504 727 620 829 quod
648 733 712 804 est
740 729 901 808 circum
931 727 1044 808 circa
1085 729 1323 808 teritorium
1350 751 1420 806 no·

328 851 461 924 strum
487 847 791 960 Durachii,
817 855 860 924 et
888 848 1166 927 ambassiator
1193 847 1316 924 etiarn
1345 847 1423 925 do·

328 967 520 1047 minae
560 966 831 1046 Helenae
860 970 1070 1047 uxoris
1112 967 1263 1046 dicti
1294 966 1424 1045 Con·

327 1087 601 1178 stantini,
630 1109 737 1187 quae
766 1085 971 1166 Helena
1002 1085 1078 1164 luit
1105 1109 1235 1165 soror
1263 1071 1421 1162 domini

328 1207 443 1282 Geo
461 1205 550 1306 rgi
565 1207 589 1295 i,
622 1206 692 1307 qui
720 1208 844 1284 nobis
873 1205 988 1284 dedit
1017 1205 1226 1284 civitatem
1256 1205 1424 1284 Dura·

329 1326 473 1416 chii,
501 1335 544 1406 et
572 1326 710 1406 dictus
737 1328 1016 1406 ambassiator
1056 1327 1226 1430 petierit
1253 1328 1421 1407 nomine

327 1448 671 1554 praedictorum,
711 1451 822 1526 sicut
850 1447 973 1526 etiarn
1003 1447 1194 1527 scribunt.
1220 1474 1298 1550 por
1326 1473 1420 1526 suas

329 1571 509 1656 litteras:
539 1569 652 1670 quod
681 1568 803 1647 dictis
833 1567 1239 1648 Constant-ino
1269 1575 1311 1646 et
1339 1569 1421 1644 do·

326 1689 368 1766 'm
385 1689 397 1766 i
414 1715 439 1768 n
458 1713 519 1768 ae
548 1687 788 1766 Helenae
815 1689 909 1767 lieri
937 1689 1136 1768 faciamus
1162 1697 1328 1772 nostras
1356 1715 1422 1794 pa·

327 1817 464 1886 tentes
494 1808 667 1906 litteras,
698 1833 777 1913 per
804 1835 906 1912 quas
936 1811 1219 1889 concedamus
1248 1809 1419 1908 eisdam,

328 1929 441 2030 quod
471 1955 567 2008 cum
596 1931 682 2008 suis
709 1928 827 2020 fillis,
856 1937 898 2009 et
924 1930 1127 2008 similiter
1156 1928 1351 2008 homines
1379 1937 1422 2010 et

326 2043 476 2126 subditi
503 2051 579 2140 sui,
607 2075 702 2130 curn
732 2073 880 2128 eorum
908 2049 1037 2128 rebus
1066 2057 1107 2128 et
1131 2047 1266 2140 bonis,
1294 2051 1420 2128 famu·

326 2171 374 2248 lis
403 2179 444 2264 et
470 2169 769 2264 servitoribus,
795 2173 961 2250 valeant
988 2179 1113 2259 stare,
1140 2172 1331 2259 transire,
1358 2196 1418 2249 re·

207 2305 209 2310 ·
329 2289 411 2394 cipi
441 2293 682 2372 attractari
711 2290 861 2384 libere,
898 2291 1173 2370 amicabiliter
1201 2302 1243 2372 et
1269 2315 1420 2370 secure

328 2414 368 2490 in
398 2413 504 2494 locis
534 2421 577 2492 et
598 2413 728 2492 terris
771 2415 905 2492 nostri
947 2413 1148 2506 dominii,
1187 2437 1265 2514 per
1304 2413 1421 2492 illum

328 2535 501 2611 modurn
531 2535 694 2613 etsicut
721 2535 984 2638 recipiuntur
1014 2541 1057 2612 et
1084 2540 1318 2613 tractantur
1344 2559 1416 2614 no·

329 2653 408 2732 stri
436 2652 564 2732 cives.
610 2653 715 2734 item
744 2656 851 2757 petit
877 2654 1013 2734 dictus
1042 2653 1314 2733 ambassiator
1342 2679 1420 2757 pro

326 2783 471 2876 partae
499 2774 636 2854 dictae
674 2774 867 2852 dominae
903 2774 1116 2864 Helenae,
1157 2777 1269 2876 quod
1296 2777 1421 2854 nobis

326 2895 492 2998 placeat
520 2896 661 2978 facere
679 2896 815 2974 eidem
844 2895 946 2974 dare
963 2889 1006 2974 et
1021 2895 1234 2998 assignare
1263 2896 1422 2998 aliquas

328 3037 395 3090 res
435 3023 477 3092 et
504 3017 640 3114 bona,
684 3040 792 3118 quae
834 3015 1005 3094 fuerunt
1047 3015 1223 3093 condam
1265 3018 1421 3114 domini

309 3135 574 3234 ¹Georgii
607 3135 877 3240 Thapiae
905 3134 1044 3214 fratris
1072 3136 1152 3223 sui,
1180 3159 1259 3238 per
1286 3135 1419 3240 ipsum

325 3255 499 3334 donatas
525 3255 662 3334 dictae
679 3255 873 3368 dorninae
902 3255 1158 3350 Helenae,
1186 3263 1281 3333 ante
1310 3283 1418 3338 mor·

301 3384 409 3454 'tem
440 3375 538 3454 dicti
566 3375 722 3457 domini
750 3376 989 3478 Georgii.
1016 3377 1130 3474 Quae
1159 3399 1227 3454 res
1251 3376 1417 3458 etbona

326 3482 566 3572 detinentur
593 3497 633 3574 in
661 3495 874 3576 Duraohio
904 3501 1083 3600 propter
1123 3496 1332 3598 quoddam
1362 3509 1418 3577 te·

282 3655 283 3660 ¹
324 3615 578 3700 stimonium,
608 3618 722 3719 quod
753 3615 856 3696 fecit
872 3619 1076 3719 quaedam
1104 3615 1269 3694 domina
1297 3617 1367 3696 Go
1378 3647 1417 3722 y·

324 3737 500 3835 slava,
530 3737 837 3817 sorordicli
867 3737 1416 3840 dominiGeorgiiet

324 3853 461 3934 dictae
491 3859 685 3938 dominae
722 3859 1002 3952 Helenae,
1043 3861 1245 3961 adquam
1285 3861 1416 3964 Goy-

326 3976 525 4052 slavam
556 4003 640 4057 non
667 3983 916 4084 spectabant
943 3980 1081 4084 dictae
1110 4001 1179 4057 res
1198 4005 1281 4062 nec
1308 3983 1418 4060 dicta

329 4096 456 4186 bona,
475 4099 568 4200 quia
585 4101 673 4203 ipsa
703 4101 907 4179 habuerat
936 4102 1075 4181 dotem
1103 4123 1232 4188 suam,
1250 4103 1416 4183 etdicta

323 4213 490 4294 domina
529 4219 690 4300 Helena
719 4223 873 4300 nullam
902 4221 1298 4310 dotem'habuerat,
1338 4223 1415 4306 nisi

299 4373 300 4376 κ
324 4335 594 4419 donationem
622 4339 771 4420 factam
801 4342 960 4430 eidem,
995 4367 1072 4446 per
1108 4345 1261 4424 dictum
1291 4343 1418 4428 domi·
