3192 5112
13 559 14 586 ³
149 588 405 678 nicationis.
434 587 487 668 de
515 587 627 673 dicta
651 589 829 692 pignora
856 589 1088 696 disponere
1113 601 1158 677 et
1184 617 1249 676 or·

140 709 313 804 ,diocte
337 711 446 792 siout
473 710 513 791 ei
541 708 757 794 videbitur
784 718 827 790 et
852 711 1054 815 placebit.

797 865 941 932 Gomm.
966 865 1027 932 Ν.
1052 867 1109 932 ch.
1135 868 1207 935 172.

325 1053 548 1158 xcwr.
590 1034 701 1156 raso.
741 1075 789 1152 ra
827 1073 1074 1177 Aprilis.

159 1235 346 1310 timeon
381 1249 421 1294 ιι
457 1247 681 1309 neormam
716 1233 856 1297 nissen
894 1237 1007 1310 nete,
1043 1251 1236 1296 coensem

283 1357 367 1415 napa
391 1337 596 1414 cpiesorn,
620 1339 753 1400 assisa
779 1337 982 1400 Memaceni
1008 1355 1121 1411 esses.

251 1489 575 1594 Respondeatur
609 1495 1019 1572 ambassatori
1047 1494 1248 1574 domini

145 1615 544 1716 imperatoris
573 1622 628 1692 et
655 1613 820 1715 regis
848 1613 1070 1693 flexiae
1098 1618 1138 1693 in
1168 1615 1246 1693 t'or·

148 1757 217 1812 ma
243 1732 420 1813 interius
448 1739 656 1812 annotata:

253 1887 318 1965 Ad
359 1883 632 1967 ambassatam
661 1891 874 1992 sapienter
903 1892 1139 1995 expositam
1169 1915 1248 1994 per

140 2007 284 2088 airum
299 2007 500 2088 nobilem
527 2007 740 2090 dominum
785 2012 827 2088 Μ
843 2009 856 2088 t
874 2033 898 2089 c
914 2009 940 2087 h
957 2033 979 2086 a
996 2035 1019 2088 e
1038 2011 1048 2087 Ι
1066 2033 1090 2087 e
1105 2033 1145 2087 m
1181 2010 1206 2087 d
1223 2033 1247 2087 e

144 2131 375 2216 Buohia‚
405 2128 718 2210 ambassatorem
756 2131 1138 2210 serenissimi
1166 2131 1245 2208 do·

13 2347 14 2356 p
145 2253 284 2332 mini
338 2250 725 2357 imperatoris
776 2253 1141 2332 Graecorum
1192 2259 1248 2331 et

144 2369 251 2450 itas
268 2398 292 2452 c
307 2373 319 2448 i
336 2395 359 2449 a
375 2395 413 2464 e,
456 2372 745 2474 respondetur
779 2397 858 2475 per
884 2373 1087 2474 inclytum
1116 2371 1246 2452 domi·

13 2499 14 2554 ³
144 2517 243 2572 enm
284 2492 437 2572 ducem
474 2494 758 2572 Veneciarnm
804 2501 846 2569 nt
875 2494 967 2592 ejus
1011 2491 1247 2584 consitium,

13 2615 14 2620 ‘
141 2620 272 2716 prout
299 2610 476 2692 interius
505 2612 760 2691 continetur:

146 2769 151 2778 ’
247 2767 301 2847 Et
329 2769 519 2872 primo
553 2771 603 2848 ad
634 2769 862 2876 capitulum
892 2769 1085 2878 primum,
1115 2771 1246 2850 conti·

143 2915 251 2968 nens
294 2889 406 2992 quod
447 2891 616 2993 placent
644 2891 817 2971 domino
846 2891 957 2978 duci,
986 2893 1021 2970 si
1051 2917 1147 2972 esse
1176 2915 1248 2996 po·

143 3020 240 3100 test,
283 3007 378 3089 essa
413 3009 480 3088 ad
523 3013 858 3118 coiloqium
896 3015 948 3092 in
987 3011 1245 3118 Ragusio

151 3131 217 3210 vei
248 3127 468 3230 aiiagusio
498 3133 616 3220 citra,
645 3157 740 3211 cnm
767 3133 1043 3237 ipsodomino
1071 3135 1247 3244 impera·

153 3252 582 3357 tore,·respondetur:
611 3253 731 3353 Quod
748 3255 787 3332 in
805 3255 1012 3348 omnibus,
1041 3279 1148 3359 qnae
1176 3253 1248 3332 ho-

151 3399 302 3454 norem
332 3381 374 3454 et
402 3374 715 3482 beneplacitum
752 3377 850 3456 dicti
889 3375 1044 3454 domini
1073 3375 1247 3480 impera·

149 3495 256 3574 toris
287 3499 566 3602 respicerent,
594 3499 686 3603 ipse
716 3497 911 3577 dominus
941 3495 1023 3576 dux
1049 3501 1248 3575 etcomu·
1356 3509 1360 3522 ’

152 3617 258 3694 nitas
273 3615 560 3708 venetiarum,
589 3621 646 3698 ob
664 3641 855 3698 amorem
871 3621 1097 3706 sincerum,
1121 3639 1246 3720 quem

152 3737 201 3814 ad
227 3737 491 3836 maiestatem
520 3763 638 3818 suam
667 3749 833 3840 gerunt,
863 3737 1138 3818 libentissime
1157 3733 1245 3814 red·

148 3855 303 3936 aerem
329 3881 378 3934 so
405 3857 662 3953 conformes,
692 3860 766 3938 sed
795 3861 902 3937 sicut
930 3857 1145 3936 notorium
1168 3863 1245 3944 est,

151 4001 236 4058 non
263 3980 523 4083 permittitur
547 3978 628 4083 ipsi
655 3977 828 4058 domino
853 3977 952 4056 duci
979 3977 1096 4056 exiro
1124 3979 1245 4057 duca·

154 4107 240 4178 tom
265 4099 335 4176 vet
363 4097 574 4178 civitatem
588 4100 875 4186 venetiarum,
889 4121 970 4203 pro
1000 4099 1137 4200 aliqua
1154 4121 1245 4177 cnu-

155 4243 196 4298 ει
224 4227 600 4327 qrmntnmcunqne
616 4223 681 4302 ‚sit
707 4221 835 4300 ardna
862 4219 951 4300 sire
979 4241 1138 4321 magna,
1162 4241 1244 4300 nec
