3220 5118
172 587 456 717 aeneideratis
482 595 674 676 terminis
701 597 995 699 praesentibus
1010 605 1054 676 et
1067 595 1159 676 aliis
1173 621 1266 680 noa·

169 721 246 800 tris
276 719 472 821 negotiis.
500 742 585 798 non
602 719 771 800 videtur
795 716 918 798 nobis
944 716 1266 802 de'attendeudo

170 841 222 919 ad
250 864 326 928 ea,
355 845 476 944 ‘quae
503 863 581 944 per
608 837 762 918 dictam
801 837 1097 922 comunitatem
1125 839 1264 942 requi·

14 1028 22 1042 Ν.
168 967 327 1039 runtur.

471 1097 576 1164 secr.
603 1097 711 1162 con..
738 1097 871 1186 nogat.
888 1063 968 1163 'un
990 1091 1068 1160 vn.
1092 1094 1150 1160 eu.
1170 1094 1223 1162 aa.

341 1301 673 1404 ccxcux.
704 1325 816 1402 rara.
844 1326 907 1400 ar.
931 1319 1098 1400 tutti.

165 1533 385 1592 numeneus
408 1549 510 1606 aneay
537 1533 785 1610 Caspapeaon,
809 1551 847 1592 na
870 1549 931 1592 nou
958 1549 1085 1591 aaran
1106 1550 1146 1605 pa
1160 1547 1261 1605 respa

423 1652 616 1694 aenatorum
640 1655 731 1711 napa
756 1655 798 1694 ea
821 1639 1002 1696 Basanon.

266 1803 388 1903 Quod
427 1804 638 1886 scribatur
679 1803 823 1886 eomiti
863 1817 905 1884 et
945 1805 1168 1908 capitaneo
1210 1829 1260 1888 ae

15 1934 17 1943 '
162 1925 374 2024 provisori
403 1921 621 2004 Scutari
654 1927 693 2000 in
722 1924 804 2004 hae
833 1923 979 2002 forma:
1008 1922 1258 2028 Recepimus

161 2068 299 2148 nuper
325 2047 526 2148 quasdam
548 2029 711 2126 litteras
739 2055 915 2138 vestras,
944 2047 1101 2126 mensis
1128 2047 1261 2148 elapsi

160 2167 240 2244 sub
270 2164 448 2244 diuersis
489 2167 640 2246 diebus
682 2166 826 2256 datas,
869 2191 950 2272 per
977 2191 1080 2271 quas
1111 2175 1260 2246 nostro

160 2283 347 2363 dominio
376 2283 572 2364 distincte
598 2293 641 2364 et
657 2287 850 2366 ordinate
878 2287 1145 2388 significastis
1176 2309 1259 2366 om·

160 2405 226 2484 nia
255 2409 430 2484 seeuuta
459 2407 511 2482 de
539 2406 650 2494 inde,
679 2416 905 2510 postquam
934 2429 1190 2486 voscomes
1218 2415 1260 2488 et

158 2524 402 2626 capitaneus
430 2525 530 2605 iiiuc
558 2525 852 2632 applicuistis.
887 2551 967 2630 pro
996 2529 1148 2629 quibus
1173 2549 1258 2605 ves·

8 2662 9 2686 ¹
158 2657 265 2726 tram
292 2647 622 2726 solticitudinem
651 2646 972 2740 comendentes,
999 2648 1258 2726 robisdeno·

6 2844 9 2855 ,
160 2774 310 2851 tamus,
353 2767 468 2869 quod
494 2769 736 2877 notavimus
766 2793 814 2848 ea
844 2791 952 2870 quae
981 2765 1106 2844 nobis
1134 2766 1259 2844 deno·

5 2930 11 2973 r
158 2889 300 2973 tastis.
342 2911 473 2991 super
513 2888 796 2992 requisitione
838 2889 963 2966 vobis
1005 2887 1114 2966 taeta
1152 2909 1257 2990 per

157 3007 775 3101 Baisam‚devotendo
818 3009 1028 3087 venire
1069 3010 1134 3088 ad
1174 3032 1255 3111 pa·

157 3153 266 3209 eem
296 3133 403 3209 etad
431 3132 609 3232 gratiam
637 3132 772 3209 nostri
800 3129 988 3209 dominii.
1015 3127 1256 3207 Notavimus

3 3293 7 3364 p
154 3249 347 3328 similiter
376 3251 699 3353 responsionem
728 3276 806 3356 per
833 3275 911 3328 vos
940 3249 1120 3338 tactam,
1148 3271 1256 3350 quae

154 3369 280 3450 nobis
306 3373 483 3474 placuit,
520 3375 617 3476 quia
645 3375 770 3454 aliam
799 3374 1127 3476 responsionem
1157 3393 1254 3448 eum

3 3573 6 3608 ³
154 3492 323 3570 honore
351 3501 499 3572 nostro
535 3495 678 3574 faeere
708 3521 792 3573 non
823 3491 1043 3596 poteratis.
1096 3491 1256 3570 Verum

3 3703 5 3724 ἦ
155 3613 476 3692 considerantes
491 3623 711 3717 expensas,
740 3641 845 3718 quas
874 3615 1079 3691 habemns
1094 3614 1134 3690 in
1152 3612 1254 3692 loco

154 3733 389 3834 praedicto,
421 3760 515 3814 oum
543 3738 700 3814 nostris
721 3735 909 3816 consitiis
938 3741 1184 3834 rogatorum
1213 3759 1257 3838 et

154 3855 380 3935 additionis
413 3856 533 3935 vobis
574 3857 721 3935 damus
768 3857 1033 3941 libertatem,
1075 3856 1254 3957 quodsi

153 3977 288 4056 dietus
322 3975 498 4055 Balsa
541 3977 786 4079 requireret
823 3978 877 4055 de
905 3973 1088 4052 volendo
1117 3971 1256 4054 vobis-⁶
1402 3992 1407 4004 “

124 4118 248 4194 Ι(ιιιιη
278 4095 438 4174 intrare
468 4096 519 4173 ad
547 4117 711 4200 paoem,
738 4097 852 4199 qnod
883 4119 978 4175 curn
1010 4121 1063 4174 eo
1094 4094 1251 4172 intrare

153 4214 344 4295 debeatis
386 4218 437 4295 nd
475 4215 633 4295 dietam
675 4218 905 4320 protinam
951 4224 993 4296 et
1020 4214 1055 4292 si
1081 4239 1158 4293 vos
1197 4216 1251 4294 de

151 4338 312 4440 pratica
340 4337 477 4417 dictae
504 4337 624 4440 pacis
653 4361 737 4418 nou
766 4337 1027 4440 requireret,
1057 4339 1097 4412 et
1125 4333 1251 4414 trabe·
