3186 5112
375 585 690 687 UOLXWI.
718 597 833 682 una.v
867 603 1053 685 intret.
1082 609 1132 684 v.
1164 611 1224 684 10.
1250 605 1470 713 Aprilis.

373 811 661 892 Yupaaurassaua
684 815 788 892 Barna
812 832 943 876 nasama
967 833 1027 886 ca,
1063 836 1101 890 ra
1137 834 1237 888 naara
1272 835 1469 894 noapsraru

419 937 479 979 auo
504 940 521 977 u
547 937 582 978 sa
606 934 724 998 uonna,
751 937 910 996 rspnuuro
935 920 1157 996 Ocrpoanny,
1183 939 1253 980 acro
1278 941 1318 998 cy
1343 941 1427 982 nanu

634 1025 795 1098 Mopaaua
822 1041 1022 1101 upaaapoun
1048 1043 1210 1085 coronari.

478 1189 626 1294 Capta.
681 1191 786 1272 Cum
828 1197 1022 1273 rectores
1062 1195 1198 1272 nostri
1247 1194 1470 1272 Jadraa

376 1314 623 1416 scripserint
649 1319 797 1390 nostro
826 1315 1038 1404 dominio,
1069 1317 1180 1418 quud
1209 1322 1469 1392 castrum

375 1430 902 1535 Ostrovich,quod
946 1433 1469 1514 amimusaSanda·

377 1557 440 1646 io,
467 1555 647 1632 iuratum
678 1565 720 1632 et
735 1561 958 1655 acceptum
985 1557 1038 1634 sit
1064 1578 1143 1657 per
1170 1561 1314 1635 certos
1343 1557 1471 1634 Mur·

228 1671 230 1684 '
376 1675 598 1765 lachcs,
639 1674 752 1776 quod
792 1699 875 1750 uon
921 1678 1100 1754 estsine
1140 1677 1305 1756 infamia
1332 1677 1471 1755 nostri

374 1794 561 1886 dominii,
590 1803 632 1872 ct
660 1792 890 1872 incomodo
920 1804 1163 1873 nostrorum
1191 1795 1386 1876 locorum
1414 1797 1470 1875 de

371 1915 482 2005 inde3
509 1921 551 1994 et
580 1913 999 2018 experimentandum
1027 1915 1102 2006 sit,
1135 1917 1188 1994 de
1216 1938 1471 2022 recuperan-

372 2038 428 2114 do
458 2036 614 2115 dictum
656 2042 866 2122 castrum,
905 2036 940 2114 si
968 2035 1055 2116 hoc
1082 2034 1174 2115 ficri
1214 2045 1354 2140 potest
1389 2063 1470 2138 per

372 2155 592 2245 denarios3
631 2153 758 2232 Vadit
783 2180 903 2258 pars:
932 2158 1047 2258 quod
1075 2155 1284 2236 scribatur
1311 2158 1469 2235 nostris

322 2364 326 2379 ,
372 2273 613 2378 rectoribus
640 2272 821 2361 Jadrac,
863 2275 974 2377 quod
1009 2277 1285 2380 displicantur
1310 2277 1471 2356 intelle·

371 2394 507 2472 ximus
542 2393 702 2472 litteras
736 2419 856 2485 suas,
896 2419 977 2498 per
1007 2419 1112 2498 quas
1139 2395 1264 2473 nobis
1289 2396 1471 2498 scripse·

367 2507 480 2606 runt,
509 2522 690 2596 castrum
718 2515 897 2595 Ostro
914 2518 1053 2596 vich
1092 2523 1313 2618 acceptum
1341 2524 1384 2594 st
1412 2516 1472 2594 iu·

373 2644 508 2718 ratum
537 2637 666 2717 fuisse
696 2635 749 2714 de
776 2633 965 2716 manibus
992 2645 1235 2717 nostrorum
1262 2621 1341 2741 ner
1367 2619 1468 2716 ilto‘s

372 2758 417 2838 Μ
431 2783 455 2834 ιι
472 2756 640 2838 riach
656 2776 718 2836 us
760 2757 813 2834 da
839 2759 935 2836 inde
953 2817 963 2854 ‚
1005 2757 1119 2860 quod
1152 2759 1342 2837 videmus
1369 2781 1468 2858 pru·

188 2899 192 2919 ·
298 2943 301 2949 .
373 2879 532 2956 cesissa
560 2883 736 2981 propter
762 2879 912 2956 malam
942 2876 1188 2971 custodiam,
1204 2876 1466 2980 quaaiiahat.

373 2997 581 3102 sanquis
610 3005 803 3103 optamus
831 3001 966 3102 ipsum
993 3021 1251 3104 recuperare
1282 3021 1362 3102 pro
1392 2997 1466 3074 hu·

372 3141 480 3197 nora
507 3123 656 3197 nostro
675 3125 725 3220 ⁸et
740 3119 969 3197 commodo
997 3119 1193 3198 iocorum
1221 3125 1465 3198 nostrorum

293 3298 296 3309 .
373 3236 426 3314 da
453 3228 564 3330 inde',
586 3238 709 3318 datur
735 3237 859 3316 dictis
888 3239 1131 3318 rectoribus
1160 3237 1342 3327 libertas,
1369 3262 1463 3342 pos-

372 3355 492 3436 sendi
519 3358 763 3459 expandere
800 3382 933 3461 usque
971 3361 1022 3436 ad
1050 3381 1252 3444 summam
1291 3359 1462 3438 ducato·

372 3501 464 3556 rum
491 3477 614 3555 trium
641 3478 837 3570 millium,
880 3488 923 3556 at
949 3481 1001 3557 ab
1030 3481 1127 3559 inda
1166 3479 1297 3566 intra,
1332 3483 1464 3582 prout

374 3597 519 3678 meiius
548 3597 689 3677 facere
717 3607 945 3701 potarunt,
985 3600 1067 3678 illis
1104 3601 1176 3703 qui
1203 3605 1464 3702 acceperunt

375 3725 417 3796 at
442 3727 586 3798 tenant
612 3726 793 3798 castrum
829 3720 1094 3822 pradictum,
1128 3724 1165 3798 si
1189 3721 1334 3798 volunt
1358 3719 1461 3800 illud

374 3839 475 3918 dare
503 3846 546 3916 at
571 3838 793 3916 restituere
822 3847 970 3918 nostro
999 3839 1218 3920 dominio..
1251 3838 1305 3918 nt
1331 3839 1367 3918 si
1392 3840 1460 3918 ha·

373 3957 522 4036 beraut
548 3960 735 4044 modum,
760 3959 917 4037 dictum
946 3963 1131 4039 castrum
1158 3981 1237 4059 per
1254 3960 1362 4036 viam
1390 3983 1457 4061 pa·

374 4080 526 4158 cuniae
551 4079 618 4156 vei
645 4102 726 4184 par
752 4080 872 4158 aliam
899 4081 1008 4158 viam
1048 4104 1175 4184 posse
1202 4101 1459 4183 recuperare

374 4211 417 4281 at
443 4199 628 4290 habere,
668 4211 768 4282 tunc
794 4210 1022 4304 sequantur
1048 4203 1099 4279 ad
1127 4207 1376 4287 tractatum,
1417 4209 1459 4280 a‘t

373 4321 495 4404 nobis
518 4329 663 4428 presta
690 4323 872 4404 scribant
885 4324 927 4402 in
943 4321 1094 4426 quihus
1109 4321 1299 4402 terminis
1323 4329 1456 4415 erunt,
