<?xml version="1.0" encoding="UTF-8"?>
<!DOCTYPE html PUBLIC "-//W3C//DTD XHTML 1.0 Transitional//EN"
    "http://www.w3.org/TR/xhtml1/DTD/xhtml1-transitional.dtd">
<html xmlns="http://www.w3.org/1999/xhtml" xml:lang="en" lang="en">
 <head>
  <title>
</title>
<meta http-equiv="Content-Type" content="text/html;charset=utf-8" />
  <meta name='ocr-system' content='tesseract 3.04.00' />
  <meta name='ocr-capabilities' content='ocr_page ocr_carea ocr_par ocr_line ocrx_word'/>
</head>
<body>
  <div class='ocr_page' id='page_1' title='image "./actaarchivivene00sergoog_0713.png"; bbox 0 0 3206 5110; ppageno 0'>
   <div class='ocr_carea' id='block_1_1' title="bbox 1170 351 1318 426">
    <p class='ocr_par' dir='ltr' id='par_1_1' title="bbox 1170 351 1318 426">
     <span class='ocr_line' id='line_1_1' title="bbox 1170 351 1318 426; baseline 0.061 -8"><span class='ocrx_word' id='word_1_1' title='bbox 1170 351 1318 426; x_wconf 79' lang='lat' dir='ltr'><strong>tot&#39;</strong></span> 
     </span>
    </p>
   </div>
   <div class='ocr_carea' id='block_1_2' title="bbox 140 551 1233 912">
    <p class='ocr_par' dir='ltr' id='par_1_2' title="bbox 140 551 1233 912">
     <span class='ocr_line' id='line_1_2' title="bbox 140 551 1228 658; baseline 0.006 -26"><span class='ocrx_word' id='word_1_2' title='bbox 140 555 257 658; x_wconf 92' lang='lat' dir='ltr'><strong>quod</strong></span> <span class='ocrx_word' id='word_1_3' title='bbox 287 555 433 657; x_wconf 79' lang='lat' dir='ltr'><strong>vigore</strong></span> <span class='ocrx_word' id='word_1_4' title='bbox 461 559 682 655; x_wconf 77' lang='lat' dir='ltr'><strong>pantorum</strong></span> <span class='ocrx_word' id='word_1_5' title='bbox 698 551 811 632; x_wconf 84' lang='lat' dir='ltr'><strong>idem</strong></span> <span class='ocrx_word' id='word_1_6' title='bbox 827 552 1072 656; x_wconf 74' lang='lat' dir='ltr'><strong>magnificus</strong></span> <span class='ocrx_word' id='word_1_7' title='bbox 1097 557 1228 638; x_wconf 87' lang='lat' dir='ltr'><strong>domi·</strong></span> 
     </span>
     <span class='ocr_line' id='line_1_3' title="bbox 142 673 1231 758; baseline 0.001 -5"><span class='ocrx_word' id='word_1_8' title='bbox 142 700 221 753; x_wconf 87' lang='lat' dir='ltr'><strong>nus</strong></span> <span class='ocrx_word' id='word_1_9' title='bbox 250 673 418 754; x_wconf 82' lang='lat' dir='ltr'><strong>Sandoli</strong></span> <span class='ocrx_word' id='word_1_10' title='bbox 462 673 692 754; x_wconf 76' lang='lat' dir='ltr'><strong>observare</strong></span> <span class='ocrx_word' id='word_1_11' title='bbox 733 673 870 755; x_wconf 87' lang='lat' dir='ltr'><strong>debet.</strong></span> <span class='ocrx_word' id='word_1_12' title='bbox 924 675 989 754; x_wconf 87' lang='lat' dir='ltr'><strong>De</strong></span> <span class='ocrx_word' id='word_1_13' title='bbox 1028 676 1231 758; x_wconf 80' lang='lat' dir='ltr'><strong>tenitoniis</strong></span> 
     </span>
     <span class='ocr_line' id='line_1_4' title="bbox 144 793 1233 912; baseline -0.001 -40"><span class='ocrx_word' id='word_1_14' title='bbox 144 803 286 874; x_wconf 85' lang='lat' dir='ltr'><strong>autem</strong></span> <span class='ocrx_word' id='word_1_15' title='bbox 314 796 368 876; x_wconf 87' lang='lat' dir='ltr'><strong>de</strong></span> <span class='ocrx_word' id='word_1_16' title='bbox 397 799 518 874; x_wconf 78' lang='lat' dir='ltr'><strong>extra</strong></span> <span class='ocrx_word' id='word_1_17' title='bbox 547 793 737 885; x_wconf 76' lang='lat' dir='ltr'><strong>dicimus,</strong></span> <span class='ocrx_word' id='word_1_18' title='bbox 764 796 879 898; x_wconf 90' lang='lat' dir='ltr'><strong>quod</strong></span> <span class='ocrx_word' id='word_1_19' title='bbox 899 795 989 900; x_wconf 84' lang='lat' dir='ltr'><strong>ipsa</strong></span> <span class='ocrx_word' id='word_1_20' title='bbox 1018 797 1233 912; x_wconf 74' lang='lat' dir='ltr'><strong>territoria</strong></span> 
     </span>
    </p>
   </div>
   <div class='ocr_carea' id='block_1_3' title="bbox 4 913 1231 1022">
    <p class='ocr_par' dir='ltr' id='par_1_3' title="bbox 4 913 1231 1022">
     <span class='ocr_line' id='line_1_5' title="bbox 4 913 1231 1022; baseline -0.001 -29"><span class='ocrx_word' id='word_1_21' title='bbox 4 945 5 954; x_wconf 16' lang='grc' dir='ltr'><strong><em>Ν</em></strong></span> <span class='ocrx_word' id='word_1_22' title='bbox 139 918 238 994; x_wconf 87' lang='lat' dir='ltr'><strong>sunt</strong></span> <span class='ocrx_word' id='word_1_23' title='bbox 262 913 446 996; x_wconf 82' lang='lat' dir='ltr'><strong>fidelium</strong></span> <span class='ocrx_word' id='word_1_24' title='bbox 474 922 720 996; x_wconf 81' lang='lat' dir='ltr'><strong>nostrorum</strong></span> <span class='ocrx_word' id='word_1_25' title='bbox 755 914 946 1022; x_wconf 82' lang='lat' dir='ltr'><strong>ipsorum</strong></span> <span class='ocrx_word' id='word_1_26' title='bbox 969 917 1180 1005; x_wconf 73' lang='lat' dir='ltr'><strong>locorum.</strong></span> <span class='ocrx_word' id='word_1_27' title='bbox 1208 938 1231 992; x_wconf 88' lang='lat' dir='ltr'><strong>a</strong></span> 
     </span>
    </p>
   </div>
   <div class='ocr_carea' id='block_1_4' title="bbox 141 1033 1234 1502">
    <p class='ocr_par' dir='ltr' id='par_1_4' title="bbox 141 1033 1231 1380">
     <span class='ocr_line' id='line_1_6' title="bbox 142 1033 1231 1141; baseline 0.002 -27"><span class='ocrx_word' id='word_1_28' title='bbox 142 1033 295 1140; x_wconf 90' lang='lat' dir='ltr'><strong>quihus</strong></span> <span class='ocrx_word' id='word_1_29' title='bbox 320 1035 410 1138; x_wconf 77' lang='lat' dir='ltr'><strong>ipsa</strong></span> <span class='ocrx_word' id='word_1_30' title='bbox 431 1033 698 1134; x_wconf 73' lang='lat' dir='ltr'><strong>iuridioevel</strong></span> <span class='ocrx_word' id='word_1_31' title='bbox 712 1035 895 1116; x_wconf 77' lang='lat' dir='ltr'><strong>honeste</strong></span> <span class='ocrx_word' id='word_1_32' title='bbox 916 1035 1117 1141; x_wconf 77' lang='lat' dir='ltr'><strong>accipere</strong></span> <span class='ocrx_word' id='word_1_33' title='bbox 1145 1062 1231 1118; x_wconf 90' lang='lat' dir='ltr'><strong>non</strong></span> 
     </span>
     <span class='ocr_line' id='line_1_7' title="bbox 141 1153 1230 1260; baseline 0.002 -24"><span class='ocrx_word' id='word_1_34' title='bbox 141 1179 382 1258; x_wconf 85' lang='lat' dir='ltr'><strong>possemus.</strong></span> <span class='ocrx_word' id='word_1_35' title='bbox 444 1153 593 1260; x_wconf 86' lang='lat' dir='ltr'><strong>ltaque</strong></span> <span class='ocrx_word' id='word_1_36' title='bbox 634 1157 788 1241; x_wconf 75' lang='lat' dir='ltr'><strong>merito</strong></span> <span class='ocrx_word' id='word_1_37' title='bbox 830 1181 908 1236; x_wconf 88' lang='lat' dir='ltr'><strong>nos</strong></span> <span class='ocrx_word' id='word_1_38' title='bbox 960 1157 1116 1238; x_wconf 83' lang='lat' dir='ltr'><strong>habeat</strong></span> <span class='ocrx_word' id='word_1_39' title='bbox 1154 1183 1230 1238; x_wconf 89' lang='lat' dir='ltr'><strong>sua</strong></span> 
     </span>
     <span class='ocr_line' id='line_1_8' title="bbox 141 1279 721 1380; baseline 0.002 -23"><span class='ocrx_word' id='word_1_40' title='bbox 141 1279 453 1380; x_wconf 81' lang='lat' dir='ltr'><strong>magnificentia</strong></span> <span class='ocrx_word' id='word_1_41' title='bbox 482 1287 721 1360; x_wconf 77' lang='lat' dir='ltr'><strong>excusatos.</strong></span> 
     </span>
    </p>

    <p class='ocr_par' dir='ltr' id='par_1_5' title="bbox 241 1398 1234 1502">
     <span class='ocr_line' id='line_1_9' title="bbox 241 1398 1234 1502; baseline 0.003 -25"><span class='ocrx_word' id='word_1_42' title='bbox 241 1398 319 1477; x_wconf 80' lang='lat' dir='ltr'><strong>Te</strong></span> <span class='ocrx_word' id='word_1_43' title='bbox 337 1400 475 1477; x_wconf 79' lang='lat' dir='ltr'><strong>ntio:</strong></span> <span class='ocrx_word' id='word_1_44' title='bbox 503 1401 617 1502; x_wconf 91' lang='lat' dir='ltr'><strong>quod</strong></span> <span class='ocrx_word' id='word_1_45' title='bbox 647 1407 788 1480; x_wconf 78' lang='lat' dir='ltr'><strong>essent</strong></span> <span class='ocrx_word' id='word_1_46' title='bbox 816 1400 947 1502; x_wconf 80' lang='lat' dir='ltr'><strong>aliqui</strong></span> <span class='ocrx_word' id='word_1_47' title='bbox 977 1423 1060 1480; x_wconf 92' lang='lat' dir='ltr'><strong>non</strong></span> <span class='ocrx_word' id='word_1_48' title='bbox 1087 1399 1234 1480; x_wconf 84' lang='lat' dir='ltr'><strong>fideles</strong></span> 
     </span>
    </p>
   </div>
   <div class='ocr_carea' id='block_1_5' title="bbox 16 1517 1232 1622">
    <p class='ocr_par' dir='ltr' id='par_1_6' title="bbox 16 1517 1232 1622">
     <span class='ocr_line' id='line_1_10' title="bbox 16 1517 1232 1622; baseline 0 -24"><span class='ocrx_word' id='word_1_49' title='bbox 16 1589 18 1598; x_wconf 87' lang='grc'><em>,</em></span> <span class='ocrx_word' id='word_1_50' title='bbox 142 1519 224 1621; x_wconf 87' lang='lat' dir='ltr'><strong>ipsi</strong></span> <span class='ocrx_word' id='word_1_51' title='bbox 252 1517 474 1619; x_wconf 84' lang='lat' dir='ltr'><strong>magnifico</strong></span> <span class='ocrx_word' id='word_1_52' title='bbox 503 1518 677 1598; x_wconf 90' lang='lat' dir='ltr'><strong>domiuo</strong></span> <span class='ocrx_word' id='word_1_53' title='bbox 706 1517 896 1606; x_wconf 75' lang='lat' dir='ltr'><strong>Sandan,</strong></span> <span class='ocrx_word' id='word_1_54' title='bbox 925 1519 995 1622; x_wconf 94' lang='lat' dir='ltr'><strong>qui</strong></span> <span class='ocrx_word' id='word_1_55' title='bbox 1023 1543 1071 1596; x_wconf 87' lang='lat' dir='ltr'><strong>se</strong></span> <span class='ocrx_word' id='word_1_56' title='bbox 1097 1519 1150 1598; x_wconf 90' lang='lat' dir='ltr'><strong>ab</strong></span> <span class='ocrx_word' id='word_1_57' title='bbox 1179 1537 1232 1598; x_wconf 80' lang='lat' dir='ltr'><strong>eo</strong></span> 
     </span>
    </p>
   </div>
   <div class='ocr_carea' id='block_1_6' title="bbox 124 1635 1301 4144">
    <p class='ocr_par' dir='ltr' id='par_1_7' title="bbox 124 1635 1301 4144">
     <span class='ocr_line' id='line_1_11' title="bbox 140 1635 1235 1738; baseline 0.004 -24"><span class='ocrx_word' id='word_1_58' title='bbox 140 1635 435 1738; x_wconf 71' lang='lat' dir='ltr'><strong>absentarent,</strong></span> <span class='ocrx_word' id='word_1_59' title='bbox 473 1637 719 1720; x_wconf 78' lang='lat' dir='ltr'><strong>reducendo</strong></span> <span class='ocrx_word' id='word_1_60' title='bbox 747 1663 796 1716; x_wconf 88' lang='lat' dir='ltr'><strong>se</strong></span> <span class='ocrx_word' id='word_1_61' title='bbox 824 1637 877 1719; x_wconf 88' lang='lat' dir='ltr'><strong>ad</strong></span> <span class='ocrx_word' id='word_1_62' title='bbox 906 1639 1003 1718; x_wconf 84' lang='lat' dir='ltr'><strong>loca</strong></span> <span class='ocrx_word' id='word_1_63' title='bbox 1030 1643 1073 1716; x_wconf 90' lang='lat' dir='ltr'><strong>et</strong></span> <span class='ocrx_word' id='word_1_64' title='bbox 1100 1647 1235 1718; x_wconf 80' lang='lat' dir='ltr'><strong>ternas</strong></span> 
     </span>
     <span class='ocr_line' id='line_1_12' title="bbox 139 1757 1234 1847; baseline 0.003 -14"><span class='ocrx_word' id='word_1_65' title='bbox 139 1757 275 1835; x_wconf 84' lang='lat' dir='ltr'><strong>nostri</strong></span> <span class='ocrx_word' id='word_1_66' title='bbox 302 1757 494 1847; x_wconf 90' lang='lat' dir='ltr'><strong>dominii,</strong></span> <span class='ocrx_word' id='word_1_67' title='bbox 523 1767 669 1840; x_wconf 81' lang='lat' dir='ltr'><strong>nostra</strong></span> <span class='ocrx_word' id='word_1_68' title='bbox 697 1757 932 1838; x_wconf 81' lang='lat' dir='ltr'><strong>dominatio</strong></span> <span class='ocrx_word' id='word_1_69' title='bbox 961 1783 1046 1838; x_wconf 90' lang='lat' dir='ltr'><strong>nou</strong></span> <span class='ocrx_word' id='word_1_70' title='bbox 1074 1757 1145 1836; x_wconf 87' lang='lat' dir='ltr'><strong>det</strong></span> <span class='ocrx_word' id='word_1_71' title='bbox 1172 1757 1234 1837; x_wconf 86' lang='lat' dir='ltr'><strong>eis</strong></span> 
     </span>
     <span class='ocr_line' id='line_1_13' title="bbox 138 1877 1233 1970; baseline 0.004 -18"><span class='ocrx_word' id='word_1_72' title='bbox 138 1877 208 1954; x_wconf 87' lang='lat' dir='ltr'><strong>vel</strong></span> <span class='ocrx_word' id='word_1_73' title='bbox 234 1901 384 1956; x_wconf 73' lang='lat' dir='ltr'><strong>eorum</strong></span> <span class='ocrx_word' id='word_1_74' title='bbox 401 1878 526 1958; x_wconf 87' lang='lat' dir='ltr'><strong>alicui</strong></span> <span class='ocrx_word' id='word_1_75' title='bbox 553 1878 742 1960; x_wconf 79' lang='lat' dir='ltr'><strong>favonem</strong></span> <span class='ocrx_word' id='word_1_76' title='bbox 757 1883 829 1960; x_wconf 83' lang='lat' dir='ltr'><strong>aut</strong></span> <span class='ocrx_word' id='word_1_77' title='bbox 843 1877 1056 1970; x_wconf 86' lang='lat' dir='ltr'><strong>auxilium,</strong></span> <span class='ocrx_word' id='word_1_78' title='bbox 1083 1881 1233 1958; x_wconf 76' lang='lat' dir='ltr'><strong>eontra</strong></span> 
     </span>
     <span class='ocr_line' id='line_1_14' title="bbox 140 1996 1235 2102; baseline 0.003 -29"><span class='ocrx_word' id='word_1_79' title='bbox 140 1996 277 2102; x_wconf 88' lang='lat' dir='ltr'><strong>ipsum</strong></span> <span class='ocrx_word' id='word_1_80' title='bbox 304 1997 567 2097; x_wconf 76' lang='lat' dir='ltr'><strong>magnificum</strong></span> <span class='ocrx_word' id='word_1_81' title='bbox 594 1999 808 2080; x_wconf 91' lang='lat' dir='ltr'><strong>dominum</strong></span> <span class='ocrx_word' id='word_1_82' title='bbox 837 1997 1022 2099; x_wconf 75' lang='lat' dir='ltr'><strong>Sandan,</strong></span> <span class='ocrx_word' id='word_1_83' title='bbox 1051 2003 1235 2078; x_wconf 86' lang='lat' dir='ltr'><strong>autcon-</strong></span> 
     </span>
     <span class='ocr_line' id='line_1_15' title="bbox 141 2117 1283 2223; baseline 0.002 -27"><span class='ocrx_word' id='word_1_84' title='bbox 141 2125 208 2196; x_wconf 79' lang='lat' dir='ltr'><strong>tna</strong></span> <span class='ocrx_word' id='word_1_85' title='bbox 236 2117 565 2200; x_wconf 83' lang='lat' dir='ltr'><strong>dominationem</strong></span> <span class='ocrx_word' id='word_1_86' title='bbox 592 2144 722 2201; x_wconf 84' lang='lat' dir='ltr'><strong>sunm.</strong></span> <span class='ocrx_word' id='word_1_87' title='bbox 762 2120 817 2200; x_wconf 79' lang='lat' dir='ltr'><strong>nt</strong></span> <span class='ocrx_word' id='word_1_88' title='bbox 844 2121 959 2223; x_wconf 89' lang='lat' dir='ltr'><strong>quod</strong></span> <span class='ocrx_word' id='word_1_89' title='bbox 987 2118 1106 2198; x_wconf 92' lang='lat' dir='ltr'><strong>nullo</strong></span> <span class='ocrx_word' id='word_1_90' title='bbox 1132 2123 1233 2198; x_wconf 86' lang='lat' dir='ltr'><strong>tem·</strong></span> <span class='ocrx_word' id='word_1_91' title='bbox 1277 2149 1283 2159; x_wconf 55' lang='lat'><em>¹</em></span> 
     </span>
     <span class='ocr_line' id='line_1_16' title="bbox 124 2238 1233 2345; baseline 0 -28"><span class='ocrx_word' id='word_1_92' title='bbox 124 2261 252 2345; x_wconf 50' lang='lat' dir='ltr'><strong>bpom</strong></span> <span class='ocrx_word' id='word_1_93' title='bbox 279 2239 431 2342; x_wconf 87' lang='lat' dir='ltr'><strong>aliquis</strong></span> <span class='ocrx_word' id='word_1_94' title='bbox 464 2241 635 2320; x_wconf 78' lang='lat' dir='ltr'><strong>rebellis</strong></span> <span class='ocrx_word' id='word_1_95' title='bbox 657 2266 737 2320; x_wconf 86' lang='lat' dir='ltr'><strong>seu</strong></span> <span class='ocrx_word' id='word_1_96' title='bbox 764 2238 947 2322; x_wconf 84' lang='lat' dir='ltr'><strong>infidelis</strong></span> <span class='ocrx_word' id='word_1_97' title='bbox 975 2239 1076 2320; x_wconf 82' lang='lat' dir='ltr'><strong>dieti</strong></span> <span class='ocrx_word' id='word_1_98' title='bbox 1103 2239 1233 2320; x_wconf 91' lang='lat' dir='ltr'><strong>domi·</strong></span> 
     </span>
     <span class='ocr_line' id='line_1_17' title="bbox 139 2357 1232 2465; baseline 0.002 -31"><span class='ocrx_word' id='word_1_99' title='bbox 139 2357 182 2434; x_wconf 92' lang='lat' dir='ltr'><strong>ni</strong></span> <span class='ocrx_word' id='word_1_100' title='bbox 209 2359 343 2462; x_wconf 87' lang='lat' dir='ltr'><strong>possit</strong></span> <span class='ocrx_word' id='word_1_101' title='bbox 382 2367 556 2462; x_wconf 79' lang='lat' dir='ltr'><strong>portare</strong></span> <span class='ocrx_word' id='word_1_102' title='bbox 592 2362 763 2465; x_wconf 87' lang='lat' dir='ltr'><strong>aliquod</strong></span> <span class='ocrx_word' id='word_1_103' title='bbox 805 2385 926 2440; x_wconf 87' lang='lat' dir='ltr'><strong>suum</strong></span> <span class='ocrx_word' id='word_1_104' title='bbox 953 2361 1022 2440; x_wconf 87' lang='lat' dir='ltr'><strong>vel</strong></span> <span class='ocrx_word' id='word_1_105' title='bbox 1050 2361 1232 2440; x_wconf 79' lang='lat' dir='ltr'><strong>alienum</strong></span> 
     </span>
     <span class='ocr_line' id='line_1_18' title="bbox 139 2476 1301 2583; baseline 0 -27"><span class='ocrx_word' id='word_1_106' title='bbox 139 2479 312 2566; x_wconf 77' lang='lat' dir='ltr'><strong>havere,</strong></span> <span class='ocrx_word' id='word_1_107' title='bbox 338 2481 381 2557; x_wconf 89' lang='lat' dir='ltr'><strong>in</strong></span> <span class='ocrx_word' id='word_1_108' title='bbox 410 2481 538 2560; x_wconf 76' lang='lat' dir='ltr'><strong>tennis</strong></span> <span class='ocrx_word' id='word_1_109' title='bbox 562 2488 633 2560; x_wconf 88' lang='lat' dir='ltr'><strong>aut</strong></span> <span class='ocrx_word' id='word_1_110' title='bbox 660 2482 766 2562; x_wconf 87' lang='lat' dir='ltr'><strong>loeis</strong></span> <span class='ocrx_word' id='word_1_111' title='bbox 790 2481 966 2572; x_wconf 80' lang='lat' dir='ltr'><strong>uostris,</strong></span> <span class='ocrx_word' id='word_1_112' title='bbox 993 2503 1134 2583; x_wconf 89' lang='lat' dir='ltr'><strong>neque</strong></span> <span class='ocrx_word' id='word_1_113' title='bbox 1162 2479 1234 2560; x_wconf 87' lang='lat' dir='ltr'><strong>eti·</strong></span> <span class='ocrx_word' id='word_1_114' title='bbox 1298 2476 1301 2490; x_wconf 91' lang='lat'>&#39;</span> 
     </span>
     <span class='ocr_line' id='line_1_19' title="bbox 140 2597 1233 2700; baseline 0 -22"><span class='ocrx_word' id='word_1_115' title='bbox 140 2623 208 2678; x_wconf 90' lang='lat' dir='ltr'><strong>am</strong></span> <span class='ocrx_word' id='word_1_116' title='bbox 236 2597 364 2700; x_wconf 86' lang='lat' dir='ltr'><strong>aliqui</strong></span> <span class='ocrx_word' id='word_1_117' title='bbox 393 2601 603 2680; x_wconf 77' lang='lat' dir='ltr'><strong>dictorum</strong></span> <span class='ocrx_word' id='word_1_118' title='bbox 639 2601 870 2684; x_wconf 84' lang='lat' dir='ltr'><strong>infidelium</strong></span> <span class='ocrx_word' id='word_1_119' title='bbox 906 2627 981 2682; x_wconf 90' lang='lat' dir='ltr'><strong>seu</strong></span> <span class='ocrx_word' id='word_1_120' title='bbox 1010 2598 1233 2680; x_wconf 77' lang='lat' dir='ltr'><strong>rebellium</strong></span> 
     </span>
     <span class='ocr_line' id='line_1_20' title="bbox 139 2715 1234 2822; baseline 0.002 -28"><span class='ocrx_word' id='word_1_121' title='bbox 139 2715 447 2822; x_wconf 76' lang='lat' dir='ltr'><strong>predictorum,</strong></span> <span class='ocrx_word' id='word_1_122' title='bbox 482 2745 578 2800; x_wconf 89' lang='lat' dir='ltr'><strong>eum</strong></span> <span class='ocrx_word' id='word_1_123' title='bbox 607 2744 754 2800; x_wconf 76' lang='lat' dir='ltr'><strong>eorum</strong></span> <span class='ocrx_word' id='word_1_124' title='bbox 783 2720 959 2808; x_wconf 76' lang='lat' dir='ltr'><strong>eastris,</strong></span> <span class='ocrx_word' id='word_1_125' title='bbox 987 2719 1125 2808; x_wconf 91' lang='lat' dir='ltr'><strong>villis,</strong></span> <span class='ocrx_word' id='word_1_126' title='bbox 1159 2719 1234 2798; x_wconf 79' lang='lat' dir='ltr'><strong>vel</strong></span> 
     </span>
     <span class='ocr_line' id='line_1_21' title="bbox 141 2837 1233 2948; baseline 0 -34"><span class='ocrx_word' id='word_1_127' title='bbox 141 2837 375 2931; x_wconf 80' lang='lat' dir='ltr'><strong>teritoniis,</strong></span> <span class='ocrx_word' id='word_1_128' title='bbox 402 2839 445 2918; x_wconf 92' lang='lat' dir='ltr'><strong>in</strong></span> <span class='ocrx_word' id='word_1_129' title='bbox 473 2839 664 2921; x_wconf 85' lang='lat' dir='ltr'><strong>manibus</strong></span> <span class='ocrx_word' id='word_1_130' title='bbox 691 2847 736 2922; x_wconf 90' lang='lat' dir='ltr'><strong>et</strong></span> <span class='ocrx_word' id='word_1_131' title='bbox 760 2843 839 2922; x_wconf 75' lang='lat' dir='ltr'><strong>stul)</strong></span> <span class='ocrx_word' id='word_1_132' title='bbox 867 2841 1139 2948; x_wconf 79' lang='lat' dir='ltr'><strong>protentione</strong></span> <span class='ocrx_word' id='word_1_133' title='bbox 1166 2839 1233 2916; x_wconf 88' lang='lat' dir='ltr'><strong>vel</strong></span> 
     </span>
     <span class='ocr_line' id='line_1_22' title="bbox 143 2959 1153 3067; baseline 0.007 -32"><span class='ocrx_word' id='word_1_134' title='bbox 143 2959 333 3060; x_wconf 90' lang='lat' dir='ltr'><strong>potentia</strong></span> <span class='ocrx_word' id='word_1_135' title='bbox 360 2959 496 3040; x_wconf 79' lang='lat' dir='ltr'><strong>nostri</strong></span> <span class='ocrx_word' id='word_1_136' title='bbox 522 2961 699 3042; x_wconf 90' lang='lat' dir='ltr'><strong>dominii</strong></span> <span class='ocrx_word' id='word_1_137' title='bbox 726 2963 893 3067; x_wconf 89' lang='lat' dir='ltr'><strong>possint</strong></span> <span class='ocrx_word' id='word_1_138' title='bbox 920 2961 1153 3065; x_wconf 76' lang='lat' dir='ltr'><strong>acceptari.</strong></span> 
     </span>
     <span class='ocr_line' id='line_1_23' title="bbox 243 3077 1233 3188; baseline 0 -30"><span class='ocrx_word' id='word_1_139' title='bbox 243 3077 308 3158; x_wconf 85' lang='lat' dir='ltr'><strong>Ad</strong></span> <span class='ocrx_word' id='word_1_140' title='bbox 336 3087 536 3162; x_wconf 87' lang='lat' dir='ltr'><strong>contenta</strong></span> <span class='ocrx_word' id='word_1_141' title='bbox 564 3082 604 3160; x_wconf 92' lang='lat' dir='ltr'><strong>in</strong></span> <span class='ocrx_word' id='word_1_142' title='bbox 629 3082 753 3164; x_wconf 83' lang='lat' dir='ltr'><strong>dioto</strong></span> <span class='ocrx_word' id='word_1_143' title='bbox 774 3083 903 3165; x_wconf 80' lang='lat' dir='ltr'><strong>tertio</strong></span> <span class='ocrx_word' id='word_1_144' title='bbox 933 3081 1118 3188; x_wconf 82' lang='lat' dir='ltr'><strong>capitulo</strong></span> <span class='ocrx_word' id='word_1_145' title='bbox 1147 3103 1233 3160; x_wconf 81' lang='lat' dir='ltr'><strong>nes·</strong></span> 
     </span>
     <span class='ocr_line' id='line_1_24' title="bbox 141 3199 1231 3310; baseline 0.006 -34"><span class='ocrx_word' id='word_1_146' title='bbox 141 3199 406 3300; x_wconf 87' lang='lat' dir='ltr'><strong>pondemns,</strong></span> <span class='ocrx_word' id='word_1_147' title='bbox 450 3201 561 3305; x_wconf 92' lang='lat' dir='ltr'><strong>quod</strong></span> <span class='ocrx_word' id='word_1_148' title='bbox 590 3202 857 3284; x_wconf 84' lang='lat' dir='ltr'><strong>intendentes</strong></span> <span class='ocrx_word' id='word_1_149' title='bbox 883 3226 1033 3310; x_wconf 87' lang='lat' dir='ltr'><strong>paoem</strong></span> <span class='ocrx_word' id='word_1_150' title='bbox 1063 3207 1108 3278; x_wconf 88' lang='lat' dir='ltr'><strong>et·</strong></span> <span class='ocrx_word' id='word_1_151' title='bbox 1134 3225 1231 3282; x_wconf 85' lang='lat' dir='ltr'><strong>eon·</strong></span> 
     </span>
     <span class='ocr_line' id='line_1_25' title="bbox 142 3319 1233 3424; baseline 0.005 -28"><span class='ocrx_word' id='word_1_152' title='bbox 142 3319 331 3398; x_wconf 81' lang='lat' dir='ltr'><strong>cordiam</strong></span> <span class='ocrx_word' id='word_1_153' title='bbox 360 3319 657 3402; x_wconf 76' lang='lat' dir='ltr'><strong>inviolabiliter</strong></span> <span class='ocrx_word' id='word_1_154' title='bbox 682 3322 928 3424; x_wconf 75' lang='lat' dir='ltr'><strong>observare,</strong></span> <span class='ocrx_word' id='word_1_155' title='bbox 968 3343 1110 3399; x_wconf 70' lang='lat' dir='ltr'><strong>stamus</strong></span> <span class='ocrx_word' id='word_1_156' title='bbox 1138 3339 1233 3400; x_wconf 88' lang='lat' dir='ltr'><strong>eon·</strong></span> 
     </span>
     <span class='ocr_line' id='line_1_26' title="bbox 142 3438 1234 3548; baseline 0.004 -36"><span class='ocrx_word' id='word_1_157' title='bbox 142 3438 269 3522; x_wconf 89' lang='lat' dir='ltr'><strong>tenti</strong></span> <span class='ocrx_word' id='word_1_158' title='bbox 312 3444 356 3518; x_wconf 86' lang='lat' dir='ltr'><strong>et</strong></span> <span class='ocrx_word' id='word_1_159' title='bbox 381 3441 437 3518; x_wconf 86' lang='lat' dir='ltr'><strong>ita</strong></span> <span class='ocrx_word' id='word_1_160' title='bbox 466 3441 751 3522; x_wconf 87' lang='lat' dir='ltr'><strong>mandabimus</strong></span> <span class='ocrx_word' id='word_1_161' title='bbox 785 3468 866 3548; x_wconf 82' lang='lat' dir='ltr'><strong>pen</strong></span> <span class='ocrx_word' id='word_1_162' title='bbox 892 3449 1066 3523; x_wconf 87' lang='lat' dir='ltr'><strong>nostros</strong></span> <span class='ocrx_word' id='word_1_163' title='bbox 1094 3440 1234 3519; x_wconf 82' lang='lat' dir='ltr'><strong>obser-</strong></span> 
     </span>
     <span class='ocr_line' id='line_1_27' title="bbox 140 3557 1236 3666; baseline 0.01 -35"><span class='ocrx_word' id='word_1_164' title='bbox 140 3557 231 3636; x_wconf 78' lang='lat' dir='ltr'><strong>vari</strong></span> <span class='ocrx_word' id='word_1_165' title='bbox 260 3557 449 3655; x_wconf 75' lang='lat' dir='ltr'><strong>debere,</strong></span> <span class='ocrx_word' id='word_1_166' title='bbox 476 3584 556 3666; x_wconf 85' lang='lat' dir='ltr'><strong>pro</strong></span> <span class='ocrx_word' id='word_1_167' title='bbox 585 3558 695 3644; x_wconf 85' lang='lat' dir='ltr'><strong>bona</strong></span> <span class='ocrx_word' id='word_1_168' title='bbox 721 3564 918 3646; x_wconf 85' lang='lat' dir='ltr'><strong>umioioia</strong></span> <span class='ocrx_word' id='word_1_169' title='bbox 944 3570 988 3644; x_wconf 87' lang='lat' dir='ltr'><strong>et</strong></span> <span class='ocrx_word' id='word_1_170' title='bbox 1011 3561 1236 3642; x_wconf 86' lang='lat' dir='ltr'><strong>vioinnntia</strong></span> 
     </span>
     <span class='ocr_line' id='line_1_28' title="bbox 142 3661 1235 3786; baseline 0.005 -30"><span class='ocrx_word' id='word_1_171' title='bbox 142 3677 419 3775; x_wconf 73' lang='lat' dir='ltr'><strong>observanda,</strong></span> <span class='ocrx_word' id='word_1_172' title='bbox 460 3681 574 3786; x_wconf 91' lang='lat' dir='ltr'><strong>quod</strong></span> <span class='ocrx_word' id='word_1_173' title='bbox 603 3684 782 3764; x_wconf 82' lang='lat' dir='ltr'><strong>subditis</strong></span> <span class='ocrx_word' id='word_1_174' title='bbox 810 3689 863 3763; x_wconf 89' lang='lat' dir='ltr'><strong>et</strong></span> <span class='ocrx_word' id='word_1_175' title='bbox 899 3661 1095 3764; x_wconf 75' lang='lat' dir='ltr'><strong>fidelibus</strong></span> <span class='ocrx_word' id='word_1_176' title='bbox 1135 3679 1235 3770; x_wconf 62' lang='lat' dir='ltr'><strong>suisa</strong></span> 
     </span>
     <span class='ocr_line' id='line_1_29' title="bbox 143 3797 1234 3903; baseline 0.005 -31"><span class='ocrx_word' id='word_1_177' title='bbox 143 3797 214 3899; x_wconf 93' lang='lat' dir='ltr'><strong>qui</strong></span> <span class='ocrx_word' id='word_1_178' title='bbox 267 3821 289 3874; x_wconf 87' lang='lat' dir='ltr'><strong>a</strong></span> <span class='ocrx_word' id='word_1_179' title='bbox 331 3825 404 3880; x_wconf 89' lang='lat' dir='ltr'><strong>sua</strong></span> <span class='ocrx_word' id='word_1_180' title='bbox 468 3801 772 3903; x_wconf 75' lang='lat' dir='ltr'><strong>magnificentia</strong></span> <span class='ocrx_word' id='word_1_181' title='bbox 833 3829 879 3883; x_wconf 88' lang='lat' dir='ltr'><strong>se</strong></span> <span class='ocrx_word' id='word_1_182' title='bbox 932 3804 1234 3892; x_wconf 58' lang='lat' dir='ltr'><strong>absentarent,</strong></span> 
     </span>
     <span class='ocr_line' id='line_1_30' title="bbox 143 3919 1234 4012; baseline 0.005 -17"><span class='ocrx_word' id='word_1_183' title='bbox 143 3921 186 3995; x_wconf 92' lang='lat' dir='ltr'><strong>et</strong></span> <span class='ocrx_word' id='word_1_184' title='bbox 228 3919 278 3996; x_wconf 90' lang='lat' dir='ltr'><strong>ad</strong></span> <span class='ocrx_word' id='word_1_185' title='bbox 317 3919 413 4002; x_wconf 85' lang='lat' dir='ltr'><strong>loca</strong></span> <span class='ocrx_word' id='word_1_186' title='bbox 452 3931 593 4002; x_wconf 77' lang='lat' dir='ltr'><strong>nostra</strong></span> <span class='ocrx_word' id='word_1_187' title='bbox 633 3947 681 4001; x_wconf 88' lang='lat' dir='ltr'><strong>se</strong></span> <span class='ocrx_word' id='word_1_188' title='bbox 721 3923 1011 4012; x_wconf 62' lang='lat' dir='ltr'><strong>rennuerent,</strong></span> <span class='ocrx_word' id='word_1_189' title='bbox 1056 3922 1124 4000; x_wconf 85' lang='lat' dir='ltr'><strong>vel</strong></span> <span class='ocrx_word' id='word_1_190' title='bbox 1164 3947 1234 4000; x_wconf 90' lang='lat' dir='ltr'><strong>eo·</strong></span> 
     </span>
     <span class='ocr_line' id='line_1_31' title="bbox 142 4039 1234 4144; baseline 0.005 -30"><span class='ocrx_word' id='word_1_191' title='bbox 142 4061 234 4116; x_wconf 79' lang='lat' dir='ltr'><strong>num</strong></span> <span class='ocrx_word' id='word_1_192' title='bbox 277 4039 402 4122; x_wconf 82' lang='lat' dir='ltr'><strong>alicui</strong></span> <span class='ocrx_word' id='word_1_193' title='bbox 442 4067 524 4119; x_wconf 90' lang='lat' dir='ltr'><strong>non</strong></span> <span class='ocrx_word' id='word_1_194' title='bbox 565 4043 718 4122; x_wconf 77' lang='lat' dir='ltr'><strong>dentur</strong></span> <span class='ocrx_word' id='word_1_195' title='bbox 760 4049 911 4124; x_wconf 79' lang='lat' dir='ltr'><strong>eontra</strong></span> <span class='ocrx_word' id='word_1_196' title='bbox 938 4041 1234 4144; x_wconf 80' lang='lat' dir='ltr'><strong>magnificenti-</strong></span> 
     </span>
    </p>
   </div>
   <div class='ocr_carea' id='block_1_7' title="bbox 143 4162 1236 4346">
    <p class='ocr_par' dir='ltr' id='par_1_8' title="bbox 143 4162 1236 4346">
     <span class='ocr_line' id='line_1_32' title="bbox 143 4162 1236 4251; baseline 0.003 -12"><span class='ocrx_word' id='word_1_197' title='bbox 143 4183 208 4239; x_wconf 90' lang='lat' dir='ltr'><strong>am</strong></span> <span class='ocrx_word' id='word_1_198' title='bbox 238 4183 371 4248; x_wconf 77' lang='lat' dir='ltr'><strong>suam</strong></span> <span class='ocrx_word' id='word_1_199' title='bbox 399 4162 597 4251; x_wconf 66' lang='lat' dir='ltr'><strong>numium</strong></span> <span class='ocrx_word' id='word_1_200' title='bbox 623 4163 936 4245; x_wconf 81' lang='lat' dir='ltr'><strong>consiliumvel·</strong></span> <span class='ocrx_word' id='word_1_201' title='bbox 956 4163 1138 4250; x_wconf 79' lang='lat' dir='ltr'><strong>levones,</strong></span> <span class='ocrx_word' id='word_1_202' title='bbox 1167 4187 1236 4242; x_wconf 46' lang='lat' dir='ltr'><strong>eo,</strong></span> 
     </span>
     <span class='ocr_line' id='line_1_33' title="bbox 991 4284 1028 4346; baseline 0 0"><span class='ocrx_word' id='word_1_203' title='bbox 991 4284 1028 4346; x_wconf 88' lang='lat' dir='ltr'><strong>ll</strong></span> 
     </span>
    </p>
   </div>
   <div class='ocr_carea' id='block_1_8' title="bbox 0 0 1611 5110">
    <p class='ocr_par' dir='ltr' id='par_1_9' title="bbox 0 0 1611 5110">
     <span class='ocr_line' id='line_1_34' title="bbox 0 0 1611 5110; baseline 0 0"><span class='ocrx_word' id='word_1_204' title='bbox 0 0 1611 5110; x_wconf 95' lang='lat' dir='ltr'><strong> </strong></span> 
     </span>
    </p>
   </div>
  </div>
 </body>
</html>
