3234 5116
1267 357 1341 425 101

253 565 393 646 banici
421 575 464 646 et
490 565 706 644 districtus
734 565 964 652 ducentos,
990 563 1099 643 inter
1127 591 1236 668 quas
1260 566 1343 644 sint

254 685 449 766 natvm·
479 712 573 766 cum
601 683 787 774 ballistis,
816 684 1014 788 aptosad
1045 683 1239 764 ballistas.

357 804 508 884 (inmiti
549 813 688 894 alitem
728 803 1014 905 Tragurii
1063 807 1341 894 commitatur,

252 927 365 1028 quod
393 926 562 1006 mittere
591 923 744 1005 debeat
769 925 1030 1004 exfldelibns
1059 927 1216 1004 nostris
1243 923 1344 1004 Tra·

250 1045 356 1142 gnrii
386 1053 428 1122 et
455 1045 668 1126 districtus
698 1053 864 1126 centum
895 1045 1206 1150 quinquaginta,
1235 1044 1344 1126 iuter

251 1189 358 1268 quos
387 1168 469 1244 sint
496 1168 663 1268 triginta
691 1191 767 1246 sex
797 1189 890 1244 cum
920 1164 1105 1261 ballistis,
1135 1177 1259 1271 aptos
1287 1167 1339 1246 ad

251 1282 436 1364 ballistas

351 1405 503 1486 Comiti
532 1416 671 1489 aulem
700 1406 902 1510 Spalati
932 1406 1199 1488 comittatnr.
1227 1408 1341 1509 quod

251 1555 301 1606 cx
348 1528 541 1608 fidelibus
582 1527 738 1608 nostris
778 1527 939 1631 Spalali
980 1529 1150 1606 mittere
1190 1525 1343 1606 debeat

250 1658 440 1742 centnm,
481 1651 592 1727 inlcr
619 1675 728 1752 quos
756 1647 836 1725 sint
863 1647 1009 1747 viginti
1039 1657 1218 1752 quatvor
1246 1672 1339 1730 cum

249 1767 442 1858 ballistis,
469 1775 593 1870 aptos
622 1767 671 1844 ad
702 1767 901 1846 ballistas.

552 1905 656 1972 Secr.
682 1925 783 1972 cons.
810 1917 927 1994 ragal.
951 1905 1023 1972 lab.
1048 1905 1142 1971 Vlll.
1166 1907 1219 1972 cla.
1244 1907 1297 1972 72.

365 2109 699 2212 cccxciv.
731 2135 841 2208 auae.
869 2135 905 2208 a.
935 2129 1238 2210 octobris.

249 2327 429 2400 Oaruunpn
454 2342 551 2400 uueny
574 2323 862 2392 fflufieaauaosc,
886 2327 1012 2398 nuaybu
1036 2343 1075 2382 cc
1099 2327 1233 2395 tincae,
1258 2326 1338 2383 Cau-

357 2443 434 2500 μαι
460 2447 476 2484 a
501 2443 601 2484 useaa
625 2427 742 2484 lonaaa
767 2427 997 2498 lleraacsorn.
1023 2423 1236 2510 (canalem.)

347 2595 468 2691 Quod
498 2597 805 2699 respondeatur
832 2593 960 2674 nobili
989 2597 1081 2673 viro
1123 2621 1222 2674 ser
1260 2595 1335 2676 Ni·

245 2716 423 2795 celan
455 2714 806 2812 Maripetro,
840 2714 987 2796 comili
1014 2723 1162 2824 nostro
1192 2713 1338 2795 Sibe·

243 2837 380 2926 nici,
407 2837 447 2913 in
475 2837 557 2917 hac
585 2838 731 2918 t'nrma:
1426 2835 1428 2847 ⁴

348 2973 600 3077 Recepimus
642 2976 803 3054 litteras
844 2982 1006 3053 vestras
1047 2973 1336 3054 dataadie15

245 3091 510 3198 Septembris
537 3093 681 3199 elapsi,
712 3121 807 3176 cum
836 3095 1008 3174 inclusis
1038 3094 1187 3172 litteris
1215 3091 1337 3172 nobis

151 3235 154 3243 ’
245 3213 1338 3319 missispercomitemlohannemdeCi-

246 3335 428 3425 lices,
473 3344 516 3414 et
557 3337 788 3416 audivimus
829 3325 1173 3438 requisitionem,
1211 3359 1338 3437 quam

244 3452 353 3532 idern
384 3479 529 3534 comes
555 3455 775 3534 lohannes
805 3455 920 3543 facit,
949 3456 1062 3557 quod
1091 3455 1153 3532 sui
1182 3453 1338 3532 subditi

245 3575 410 3676 possint
444 3599 490 3653 se
519 3579 729 3656 reducere
773 3602 868 3654 eum
910 3575 1103 3679 personis
1144 3583 1187 3654 et
1215 3574 1338 3654 bonis

190 3757 192 3760 .
249 3693 350 3781 suis,
379 3719 508 3799 salpen
535 3698 753 3776 territorio
784 3701 930 3774 nostro
946 3721 1026 3799 pro
1043 3718 1191 3774 coriam
1220 3705 1336 3774 secu*-

246 3815 395 3912 ritate‚
440 3813 1046 3920 quintimetnevairoda
1088 3811 1336 3892 Sandali

245 3953 438 4029 guerram
481 3932 561 4012 sibi
604 3935 730 4014 faciat
759 3938 827 4012 etc
833 3989 1120 4012 ........
1151 3931 1338 4014 debeatis
1440 3949 1443 3963 ·

246 4055 286 4132 ei
314 4055 565 4154 significare,
598 4054 711 4160 quod
740 4055 918 4132 sivcllet
945 4051 1163 4134 nobiscum
1191 4055 1337 4133 vivere
1370 4063 1374 4072 “

244 4177 285 4254 iu
315 4177 426 4258 bona
454 4201 562 4282 pace
590 4182 634 4254 et
660 4176 767 4256 bona
808 4176 1051 4269 vicinitate,
1091 4199 1168 4254 nus
1210 4175 1335 4256 etlam
