3236 5108
1196 393 1261 461 ”ll

168 599 316 678 amicis
358 623 482 702 qnam
524 598 720 678 lldelibus
761 605 804 677 et
844 605 927 676 tam
967 599 1261 704 praesentibus
1339 703 1343 716 Ι

167 745 293 824 quam
322 721 472 800 futuris
498 744 703 824 praesens
718 721 982 825 privilegium
996 722 1260 822 inspecturis,

165 841 346 920 salntem
374 851 416 920 el
444 843 613 922 sineere
641 840 880 922 dilectionis
908 842 1114 920 allectum.
1156 837 1263 916 Tan·

164 969 210 1038 to
256 963 484 1062 benignius
527 962 686 1040 ducalis
726 961 988 1064 providentia
1043 963 1262 1040 consuevit

170 1103 379 1184 personas
419 1084 603 1160 illustres
644 1091 687 1160 et·
727 1083 917 1160 excelsas
957 1082 1037 1160 sibi
1086 1082 1259 1160 devotas

54 1275 57 1280 .
166 1208 210 1276 et
238 1200 383 1280 lldeles
420 1202 657 1280 bonoribus
702 1203 949 1304 prevenire,
988 1191 1261 1302 ipsorumque

167 1318 293 1398 fldem
335 1333 376 1400 et
416 1321 689 1402 devotionem
730 1322 863 1422 dignis
915 1321 1261 1402 retributionibus

170 1465 465 1543 compensare,
482 1466 531 1522 ac
546 1443 658 1546 ipsas
681 1443 893 1522 dotalibus
920 1441 1135 1520 luvoribus
1164 1467 1259 1520 con·

170 1561 329 1639 vallare
358 1571 401 1640 ct
428 1564 574 1640 earum
601 1563 830 1665 petitiones
860 1561 1070 1642 liberalius
1098 1564 1262 1640 exaudi·

172 1705 242 1777 re,
273 1691 428 1784 quanto
454 1681 626 1761 'ducatui
666 1689 810 1759 nostro
839 1682 1082 1760 devotiores
1110 1682 1193 1762 lide
1222 1690 1262 1758 el

171 1803 374 1902 operibus
387 1827 433 1880 se
450 1801 689 1882 ostendunt.
717 1799 994 1880 Attendentes
1021 1799 1146 1900 igitur
1161 1802 1262 1876 mul·

174 1921 331 2022 tipliois
386 1921 710 2002 benevolentiae
761 1923 983 2025 puritatem
1024 1929 1068 2000 et
1107 1922 1263 1998 devoli-

174 2041 266 2118 onis
301 2041 633 2144 plenitudinem,
672 2053 796 2144 quam
836 2068 856 2118 s
871 2065 894 2118 e
911 2065 932 2116 r
947 2065 971 2117 e
986 2065 1010 2116 n
1027 2041 1265 2118 issimus

175 2168 231 2240 et
271 2165 555 2242 excelsus
607 2162 877 2240 dominus
924 2161 1265 2264 Stephanus

177 2279 1187 2383 omoyndeigratinnaxisuosm
1215 2289 1266 2358 et

177 2409 285 2480 cet.
338 2426 442 2480 rex
479 2403 769 2492 illustris,
807 2405 859 2480 ad
886 2411 1034 2480 nostre
1064 2401 1265 2502 magnitu-

174 2522 282 2604 dinis
310 2524 603 2631 cxcellentiam
633 2523 793 2604 habere
821 2525 1028 2628 promptis
1047 2520 1264 2600 aflectibus

174 2667 223 2720 ae
251 2645 462 2732 ostendit,
490 2643 629 2748 quiin
658 2645 833 2745 agendis
861 2669 939 2722 nos
968 2642 1163 2721 ducatum
1193 2663 1265 2717 no·

39 2762 44 2769 ’
175 2772 308 2842 strum
350 2769 393 2842 ct
420 2763 651 2862 singulares
694 2789 899 2868 personas
943 2763 1119 2842 ducatus
1160 2761 1264 2837 eius·

83 2921 88 2930 ·
172 2885 270 2963 dem
311 2884 604 2984 tangentibus,
661 2885 914 2963 benevolum
973 2891 1015 2962 et
1069 2879 1262 2961 amicabi-

177 3005 261 3084 lem
314 3029 361 3082 se
401 3007 664 3084 incessanter
720 3004 889 3111 prebuit
942 3012 1064 3108 atque
1104 3000 1267 3105 prebet.

174 3126 296 3204 Votis
322 3125 410 3203 suis
438 3136 481 3207 et
507 3126 709 3230 precibus
751 3129 1021 3207 affectuosius
1049 3135 1091 3205 et
1118 3127 1267 3226 gratio·

173 3248 260 3324 sius
287 3256 529 3337 annuentes,
556 3249 696 3352 ipsum
724 3249 1038 3328 serenissimum
1053 3246 1267 3323 dominum

175 3366 436 3471 Stephanum
478 3393 574 3446 oum
601 3367 686 3446 suis
713 3369 805 3447 liliis
834 3374 877 3445 et
902 3367 1157 3452 heredibus,
1199 3393 1270 3444 no·

174 3495 363 3564 strorum
404 3490 587 3566 omnium
635 3488 910 3567 consiliorum
941 3491 983 3564 et
1010 3487 1269 3564 ordinamen-

176 3613 318 3686 lornm
345 3611 588 3688 necessaria
615 3611 879 3688 solemnitate
908 3615 1094 3698 servata,
1125 3610 1165 3688 in
1192 3609 1270 3684 Ve-

176 3739 320 3808 netum
348 3737 391 3808 et
431 3730 567 3810 civem
609 3739 802 3810 nostrum
845 3755 939 3808 cum
980 3730 1064 3807 suis
1103 3729 1197 3808 liliis
1228 3711 1270 3808 et

176 3849 428 3928 haeredibus
457 3859 668 3955 perpetuo
698 3855 943 3954 recepimus
972 3860 1096 3952 atque
1119 3850 1269 3956 recipi-

15 3963 18 4030 ῗ
176 3995 281 4058 mus,
308 3978 352 4050 et
379 3972 591 4051 Venelum
618 3973 813 4050 etoivem
840 3981 1034 4051 nostrum
1063 3997 1158 4052 cum
1185 3973 1269 4049 suis

176 4091 271 4170 liliis
287 4097 330 4170 et
343 4091 598 4170 haeredibus
627 4091 805 4172 fecimus
835 4101 877 4170 ct
902 4093 1091 4192 iacimus,
1122 4103 1164 4172 et
1191 4117 1270 4198 pro

174 4215 341 4292 Veneto
371 4218 414 4291 et
440 4215 533 4292 cive
575 4221 721 4292 nostro
764 4239 859 4294 cum
900 4217 983 4294 suis
1010 4214 1103 4294 filiis
1131 4225 1173 4297 et
1199 4217 1269 4294 he·

19 4353 21 4420 l
175 4333 347 4414 redibus
377 4335 418 4412 in
446 4335 637 4414 Venetiis
676 4343 720 4414 et
745 4334 844 4416 alibi
884 4337 1084 4441 deinceps
1121 4335 1269 4414 haberi

458 4473 464 4486 ·
971 4459 1045 4527 ‘22
