3212 5116
173 599 215 676 et
241 595 407 676 sineere
434 591 659 672 amavimus
686 597 730 672 et
755 592 1101 698 procuravimus,
1129 597 1177 676 at
1200 593 1263 674 sie

171 741 342 820 semper
384 739 523 792 amare
564 721 608 792 ot
646 737 882 816 procurare
931 713 1182 823 intendimus
1222 715 1263 792 in

173 838 384 920 futurum3
413 841 457 912 et
482 835 745 912 ostendendo
784 833 824 913 ei
861 856 1052 934 magnum
1092 833 1261 912 dubium

173 964 215 1036 et
254 955 516 1062 pericnlum,
558 954 671 1057 quod
712 953 792 1033 sibi
833 962 875 1034 et
911 953 996 1036 fliio
1038 954 1263 1060 provenire

171 1087 337 1182 posset,
362 1080 397 1156 si
425 1083 561 1156 eastra
589 1085 631 1156 et
659 1077 753 1156 ioca
789 1100 866 1154 sua
900 1079 952 1158 ad
982 1077 1079 1158 alias
1119 1087 1263 1158 mtous
1307 1141 1310 1148 ,

174 1223 296 1301 quam
338 1197 388 1274 ad
414 1201 593 1284 nostras,
639 1197 767 1286 modo
797 1197 937 1300 aliquo
977 1197 1263 1301 pervenirent,

173 1321 313 1397 dicant
339 1319 555 1420 quomodo
584 1322 779 1420 tempore
808 1317 966 1420 elapso,
992 1323 1170 1424 propter
1184 1341 1264 1398 ma·

173 1463 274 1539 gnae
301 1439 524 1540 gravitates
538 1444 703 1516 nostras
727 1461 829 1542 quas
857 1439 1056 1530 tollimus,
1084 1463 1166 1518 non
1193 1463 1266 1544 po·

172 1561 325 1638 tuimus
352 1560 414 1638 sie
441 1560 565 1662 plene
594 1559 811 1640 intendere
839 1559 889 1638 ad
917 1559 1071 1640 iaetum
1109 1565 1266 1641 castro·

173 1703 266 1756 rum
294 1702 466 1759 suorum
495 1679 603 1768 siout
630 1681 904 1783 optabamus,
944 1679 1019 1756 sed
1046 1703 1158 1759 nune
1184 1701 1264 1782 per

173 1800 243 1878 dei
272 1801 459 1901 gratiam,
485 1807 704 1904 postquam
733 1809 863 1903 status
889 1808 1036 1880 noster
1062 1800 1263 1880 reforma·

174 1929 240 2000 tus
281 1929 369 2012 est,
410 1917 598 2004 oon'tenti
636 1947 780 2002 sumus
821 1925 1019 2028 recipere
1060 1929 1198 2002 eastra
1221 1927 1266 2002 et

175 2045 271 2122 toea
298 2065 373 2119 sua
400 2043 627 2147 praedicta,
657 2042 697 2121 in
724 2041 1035 2146 protectionem
1063 2046 1266 2132 nostram,

174 2185 272 2240 oum
314 2161 396 2238 iliis
438 2160 572 2264 pactis
601 2171 643 2244 et
671 2161 1004 2249 conditionibus,
1045 2185 1152 2264 quoe
1190 2183 1267 2262 per

173 2305 267 2359 eam
296 2281 395 2360 alias
423 2281 592 2360 inerunt
620 2283 846 2387 quaesitam
862 2289 904 2362 et
918 2283 997 2362 hiis
1027 2281 1147 2363 dietis
1172 2303 1267 2385 pro·

173 2408 325 2480 curent
338 2401 539 2483 inducere
556 2427 661 2496 eam,
689 2405 801 2508 quod
817 2409 1087 2484 contentetur
1103 2409 1146 2480 et
1166 2400 1269 2480 velit

171 2522 298 2601 nobis
346 2523 512 2602 tradere
563 2531 697 2604 eastra
744 2523 847 2628 ipsa.
900 2523 952 2602 nt
990 2523 1026 2604 si
1063 2521 1268 2612 viderent,
1351 2531 1356 2542 '

174 2644 291 2746 quod
320 2643 555 2724 differentia
583 2651 824 2724 remaneret
850 2644 890 2722 in
919 2641 1267 2748 faetopeouniom
1328 2651 1331 2662 ’

173 2764 322 2840 damus
336 2763 398 2841 eis
410 2763 590 2844 finaliter
617 2762 944 2858 libertatem,ut
969 2769 1113 2842 nostra
1140 2760 1268 2838 inten-

173 2883 234 2960 tio
261 2883 397 2962 valeat
423 2883 630 2971 obtineri,
672 2884 873 2988 possendi
903 2883 1159 2987 promittere
1185 2901 1266 2982 pro
1414 2871 1420 2884 “

174 3001 381 3080 ambobus
411 3005 572 3097 cestrie,
599 3030 733 3106 usque
761 3005 812 3082 ad
840 3003 1110 3106 quantItatem
1151 2997 1268 3078 tibra-

176 3148 281 3213 rum,
311 3123 436 3202 CXX.
465 3124 577 3203 mitio
603 3147 847 3228 parvorum,
885 3147 980 3206 oum
1009 3123 1097 3200 aliis
1134 3119 1270 3198 eondi-

176 3242 360 3324 tionibus
388 3247 583 3324 omnibus
611 3247 651 3326 in
679 3270 754 3324 sua
778 3242 1029 3352 comissione
1046 3242 1270 3327 contentis,

177 3366 282 3442 etsi
310 3361 434 3442 ambo
478 3365 588 3445 forte
630 3367 732 3444 dare
760 3363 968 3454 noluerit,
1008 3362 1083 3444 sed
1112 3365 1270 3438 tantum

176 3510 320 3582 unum,
337 3469 529 3564 'finaliter
547 3483 713 3588 possint
733 3483 982 3588 promittere
1010 3505 1088 3588 pro
1118 3479 1272 3583 Clipe-

178 3605 419 3707 stansque
448 3604 499 3682 ad
527 3603 725 3684 librarum
752 3603 873 3686 LXX.
909 3603 1036 3694 mille,
1063 3601 1171 3682 siout
1198 3625 1270 3702 po·

179 3733 319 3805 terant
345 3727 596 3830 promittere
623 3727 664 3804 L.
680 3726 823 3816 miliia,
851 3733 894 3804 et
919 3749 1001 3830 pro
1030 3721 1213 3803 Soord
1229 3745 1271 3800 o·-
1413 3737 1417 3754 ·

180 3872 245 3926 na
274 3872 407 3950 usque
434 3847 486 3924 ad
513 3847 732 3950 librasXL.
761 3847 886 3934 mitte,
916 3845 1040 3926 etiam
1059 3867 1156 3924 oum
1181 3843 1272 3922 aliis

181 3969 317 4074 poetis
359 3975 402 4048 et
441 3969 752 4062 conditionibus
799 3969 1004 4046 annotatis
1043 3969 1083 4046 in
1125 3989 1272 4048 eorum

184 4089 441 4170 comissione
481 4089 725 4192 praedioto;
764 4095 1005 4170 remanente
1046 4089 1169 4169 etiam
1210 4086 1272 4168 eis

185 4210 302 4304 tirma
334 4209 554 4301 libertate,
592 4210 793 4314 possendi
827 4207 1071 4316 expendere
1111 4208 1151 4286 in
1188 4191 1272 4287 ints

388 4349 539 4405 saroam
561 4349 629 4407 xli·
1029 4331 1068 4396 ll
