3192 5112
344 401 411 483 tot

346 633 388 703 et
425 619 621 700 comitem
662 616 912 696 lllaladinum
944 625 986 697 et
1011 617 1221 722 Ungaros‚
1241 601 1304 698 'ut
1338 620 1440 700 dicti

346 741 491 822 tideles
531 737 671 817 nostri
714 761 810 817 cum
851 739 953 841 ipsis
996 737 1164 840 Ungaris
1212 767 1348 846 usque
1387 744 1439 821 ad

345 872 509 964 tempus
551 857 733 938 debitum
784 859 1051 962 provisionis,
1084 885 1236 939 secure
1275 865 1442 940 valeant

346 985 492 1060 vivere
520 987 561 1058 et
588 1003 773 1057 manere.

447 1101 608 1177 Verum
635 1097 669 1174 si
696 1105 873 1196 treugua
901 1099 991 1176 fieri
1007 1123 1091 1176 non
1111 1107 1267 1200 posset,
1283 1104 1326 1176 et
1339 1099 1440 1176 dieti

348 1213 496 1300 fideles
522 1218 1076 1320 nostripeterentauxilium
1094 1221 1231 1319 gentis
1259 1225 1440 1308 nostrae,

348 1344 502 1420 debeat
529 1340 662 1417 dictus
698 1338 963 1416 ambassator
989 1348 1032 1418 ct
1059 1339 1261 1441 provisor
1295 1347 1442 1418 noster

347 1462 585 1568 persentire
613 1465 656 1537 et
683 1487 728 1538 se
757 1459 1189 1539 informareanostris
1215 1461 1441 1540 comitibus

349 1585 560 1663 civitatum
602 1603 651 1659 ac
693 1580 914 1660 comite
956 1582 1283 1666 Maladino‚
1331 1607 1440 1682 quae

349 1705 556 1807 quantitas
593 1702 778 1803 gentium
808 1711 922 1778 esset
949 1727 1027 1803 per
1053 1727 1130 1779 nos
1159 1703 1360 1780 mittendo
1389 1702 1442 1779 ad

349 1827 481 1905 dictas
523 1832 690 1926 partes,
734 1831 816 1898 tam
858 1822 1046 1924 equitum
1087 1847 1211 1926 quam
1238 1822 1440 1926 peditum,

348 1955 390 2024 et
418 1945 489 2023 ubi
517 1943 661 2048 apcius
690 1949 801 2020 stare
829 1951 1002 2045 possent
1029 1942 1164 2022 dictae
1179 1951 1340 2042 gentes,
1357 1966 1438 2046 pro

348 2065 575 2144 securitate
617 2071 659 2142 et
700 2087 903 2142 succursu
946 2063 1150 2140 dictarum
1203 2071 1440 2142 nostrarum

349 2187 563 2265 civitatum
592 2193 634 2262 ct
663 2209 807 2262 eorum
841 2183 1104 2262 districtuum
1132 2193 1175 2262 et
1203 2194 1438 2263 castrorum
1499 2191 1505 2202 '

350 2315 392 2384 ct
420 2308 614 2384 locomm
642 2304 810 2383 comilis
837 2305 1046 2392 lllaladiui,
1075 2309 1117 2380 et
1144 2305 1258 2407 quod
1274 2327 1441 2382 succur-

349 2451 440 2504 sum
467 2447 636 2502 suarum
664 2425 849 2524 gentium
878 2427 918 2503 in
947 2427 1044 2513 hoc,
1072 2423 1209 2503 dictae
1252 2421 1442 2502 civitates

349 2557 519 2624 nostrae
548 2555 590 2624 et
618 2547 1005 2624 comeslltlaladinns
1023 2547 1227 2624 exhibere
1251 2553 1441 2649 possent,

350 2669 471 2747 etde
501 2665 695 2743 omnibus
735 2665 826 2741 aliis
854 2691 900 2742 se
928 2665 1126 2742 informet
1167 2665 1280 2742 circa
1321 2687 1439 2767 prac-

349 2789 473 2873 dicta,
502 2811 610 2891 quae
639 2787 677 2863 ei
706 2785 970 2872 videbuntur,
999 2791 1041 2862 ct
1068 2783 1271 2886 quidquid
1287 2783 1443 2863 lecerit

349 2913 392 2986 et
431 2907 626 2985 habuerit
665 2927 795 3008 super
834 2904 955 2991 inde,
996 2902 1118 2982 nobis
1160 2905 1314 2981 debeat
1353 2904 1440 2981 suis

222 3057 225 3065 ·
350 3028 496 3108 litteris
524 3051 727 3116 reserare,
757 3025 933 3105 ortando
954 3033 998 3104 ut
1014 3025 1170 3104 dictum
1198 3033 1274 3110 est,
1302 3023 1441 3104 dictos

352 3151 497 3229 fideles
525 3155 696 3226 nostros
723 3151 764 3225 in
792 3147 992 3227 fidelitate
1021 3144 1153 3222 nostri
1181 3144 1368 3235 dominii,
1397 3153 1441 3222 et

351 3273 545 3359 dicendo,
561 3271 742 3372 qualiter
767 3275 936 3347 nostrae
964 3266 1206 3344 intentionis
1234 3271 1299 3342 est
1324 3263 1439 3367 peni·

350 3397 414 3470 tus
456 3389 682 3494 providere
720 3389 768 3468 ad
807 3387 1172 3468 conservationem
1211 3395 1251 3462 et
1286 3388 1439 3460 statum

351 3513 571 3616 paciticum
600 3511 843 3588 eorundem.

454 3634 609 3734 Capta:
650 3640 839 3711 ceterum
880 3653 975 3708 cum
1016 3629 1151 3706 dictus
1191 3627 1439 3704 ambaxator

352 3755 431 3832 erit
467 3775 561 3831 cum
603 3755 822 3830 comite
864 3748 1171 3840 Maledino,
1202 3751 1244 3824 et
1272 3746 1439 3848 quando

353 3873 393 3952 ei
420 3871 638 3962 ridebitur,
666 3873 775 3950 dicat
802 3871 865 3960 ei,
893 3871 1071 3972 qualiter
1097 3869 1358 3946 incessanter
1385 3865 1438 3942 de.

353 4019 407 4071 eo
437 3993 637 4070 habemus
678 3993 941 4095 quaerelam,
978 3998 1019 4067 et
1055 3987 1107 4064 de
1135 3983 1436 4070 suissubditis,

354 4115 465 4218 quod
508 4118 703 4194 continue
751 4115 956 4193 derobant
1002 4117 1168 4188 nostros
1209 4107 1355 4185 tideles
1397 4115 1440 4182 et

355 4237 601 4316 subditos
639 4235 921 4322 Sibenici,
949 4259 999 4313 ao
1027 4231 1148 4309 etium
1176 4233 1439 4308 mercatores
