3228 5108
1224 295 1233 320 i

175 581 229 662 ad
255 586 476 688 predicta,
515 585 606 666 sine
643 607 793 684 magno
831 579 1034 669 disturritio
1065 593 1107 665 et
1133 585 1268 689 proin·

20 777 22 810 ξ
176 704 290 784 dicio
317 705 577 805 agendorum
606 709 859 782 nostrorum.

283 875 346 956 Ad
375 877 495 954 aliam
525 885 661 956 autem
691 901 770 978 per
798 901 921 980 quam
943 877 1119 980 requirit
1147 879 1270 958 nobis

20 1023 22 1060 i
178 1019 302 1073 unam
332 994 509 1075 litteram
541 1001 764 1097 patentem,
793 1021 871 1097 qua
901 997 1107 1074 mediante
1136 999 1177 1077 in
1206 1022 1267 1078 oa·

177 1141 252 1208 su,
281 1143 365 1219 quo
393 1141 473 1220 per
499 1115 743 1196 'forchos
772 1140 999 1220 oppressus
1027 1123 1152 1206 esset,
1179 1145 1272 1222 pos·

29 1257 32 1264 ·
178 1233 232 1313 sit
258 1259 306 1312 se
344 1261 438 1312 cum
480 1235 564 1312 suis
607 1233 816 1314 nobilibus
855 1242 897 1314 et
925 1253 1014 1313 sua·
1039 1235 1193 1314 familia
1222 1260 1270 1318 ao

179 1357 303 1436 bonis
332 1355 416 1434 suis
444 1357 654 1434 reducere
685 1359 734 1434 ad
762 1363 897 1433 terras
925 1371 966 1434 et
993 1358 1087 1434 ioca
1116 1366 1272 1448 nostra,

179 1475 526 1578 Respondentur,
555 1475 668 1579 quod
699 1473 796 1554 iicet
832 1473 1119 1564 centisimus,
1161 1475 1271 1578 quod

179 1597 289 1674 istud
330 1621 414 1674 non
459 1605 657 1674 occurret
696 1595 904 1674 mediante
933 1596 1073 1676 divino
1103 1595 1272 1690 auxilio,

180 1725 318 1794 tamen
349 1713 404 1792 ob
434 1708 837 1816 contemplationem
864 1739 1006 1814 suam,
1037 1742 1179 1793 sumus
1204 1742 1272 1822 pa·

180 1837 259 1916 rati
287 1835 429 1914 iacere
458 1837 539 1913 sibi
567 1833 659 1913 fleri
689 1837 848 1914 litteras
879 1839 1135 1924 antedictas.
1165 1839 1273 1916 veni·
1362 1899 1365 1904 .
1428 1943 1432 1948 Ι
1559 1939 1562 1951 ¹

180 1960 292 2036 eodo
322 1966 363 2036 et
391 1955 584 2035 intrando
626 1980 798 2058 semper
826 1983 920 2034 eum
961 1959 1188 2038 securitate
1218 1957 1274 2038 lo·

183 2102 331 2156 corum
360 2083 606 2154 nostrorum
635 2075 936 2178 predictorum.

285 2270 351 2350 lili
378 2278 516 2348 autem
546 2269 721 2358 oratori,
738 2272 808 2372 qui
831 2272 937 2372 petit
950 2295 1031 2374 pro
1048 2281 1168 2376 parte
1196 2271 1275 2349 do·

182 2392 320 2470 mini
359 2389 594 2477 Volent,
635 2415 709 2466 seu
753 2390 1026 2470 dominae
1061 2393 1277 2480 Maras,

183 2518 341 2590 certum
370 2509 681 2611 possessionem
711 2518 898 2614 quaeest
918 2514 971 2606 in„
987 2509 1276 2608 barachie,

95 2647 98 2654 ‘
184 2637 227 2706 et
254 2628 444 2708 similiter
472 2635 589 2707 certa
623 2629 874 2727 jocalia,
909 2654 1015 2733 quae
1056 2631 1126 2708 hic
1166 2639 1274 2726 sunt,

184 2773 294 2852 quae
322 2749 494 2828 inerunt
520 2751 715 2829 dominae
749 2751 791 2827 Μ
808 2775 829 2826 a
846 2733 903 2828 ra
920 2775 945 2826 e
974 2757 1016 2827 et
1033 2759 1126 2830 oet.
1180 2749 1278 2826 Res

183 2869 425 2976 pondeatm·
453 2873 568 2971 quod
613 2872 813 2950 faciemus
848 2871 1005 2969 jocalia
1046 2871 1277 2974 praedicta,

186 3015 293 3092 quae
333 2990 552 3076 hiesum,
580 2993 679 3094 poni
718 2991 759 3068 in
787 2991 977 3067 manibus
1006 2989 1085 3066 viri
1111 2986 1277 3072 nobilis,

186 3133 257 3190 ser
296 3109 469 3188 Petri
511 3109 719 3197 Guoro‚
762 3119 803 3186 et
831 3109 1096 3187 comittemus
1127 3107 1278 3205 eidem,

186 3229 298 3332 quod
326 3230 673 3332 qaroeiesounque
700 3231 789 3332 ipsa
816 3231 983 3308 domina
1010 3231 1051 3306 M
1067 3250 1089 3306 a
1105 3253 1160 3307 ra
1191 3231 1278 3308 sive

186 3350 380 3431 dominus
406 3350 485 3426 Vo
502 3349 511 3424 Ι
528 3349 663 3426 chus
691 3350 856 3428 restitui
884 3351 1011 3428 faciet
1037 3348 1197 3426 nostris
1227 3349 1278 3426 ci·

186 3469 306 3547 vibus
335 3470 512 3572 aliquam
541 3471 774 3572 pecuniam,
803 3473 870 3548 vel
901 3471 1037 3572 aliqua
1064 3493 1138 3547 sua
1166 3471 1275 3547 bona

185 3593 427 3672 intromissa
467 3619 545 3694 per
572 3619 693 3683 eum,
735 3595 823 3698 ipse
853 3595 1033 3692 assignet
1060 3591 1141 3669 sibi
1163 3595 1278 3690 joca·
1368 3692 1370 3698 y
1408 3643 1410 3648 -

187 3711 243 3790 lia
269 3713 491 3792 antedicta.
545 3714 608 3794 De
636 3719 761 3794 dom
777 3739 802 3790 o
832 3723 971 3792 autem
1012 3737 1119 3814 qnae
1148 3719 1212 3790 est
1232 3709 1278 3786 vin

186 3833 221 3910 i)
237 3859 265 3912 u
280 3855 302 3908 r
315 3857 337 3910 a
352 3859 377 3912 c
392 3833 443 3910 hi
456 3860 497 3926 o,
525 3835 764 3914 scribemus
787 3835 948 3914 rectori
974 3842 1137 3921 nostro,
1164 3831 1278 3933 quod

187 3955 346 4036 nuncio
371 3965 416 4034 et
437 3957 708 4061 'procuratori
738 3957 838 4034 dicti
867 3954 1024 4032 domini
1062 3953 1100 4028 V
1116 3977 1141 4030 o
1158 3951 1168 4028 Ι
1185 3949 1278 4030 chi

187 4078 395 4181 praedicti
421 4103 499 4156 sou
526 4079 720 4157 dominae
749 4077 791 4153 Μ
807 4099 957 4158 erae,
985 4075 1130 4153 iacere
1157 4071 1277 4151 debe·

186 4207 229 4278 at
256 4195 437 4306 dedicta
464 4199 595 4278 domo
617 4197 725 4296 juris
754 4207 797 4275 et
817 4195 1003 4294 justitiae
1033 4191 1278 4298 expeditum

191 4327 232 4397 et
260 4319 529 4398 summarium
560 4319 925 4423 complementum.
