3206 5110
380 607 488 684 inter
516 601 830 680 serenissimum
870 608 910 680 et
939 603 1323 684 excelentisstmum
1355 603 1464 707 prin·

382 728 518 830 cipem
550 735 589 801 et
615 722 1057 828 dominumdominum
1086 725 1470 806 Franciscum

379 845 448 922 llo
466 871 484 920 s
500 871 522 920 e
538 869 560 922 a
578 843 626 920 ri
656 843 723 921 dei
740 843 874 944 gratia
903 846 1054 922 ducem
1084 847 1361 924 venetiarum
1392 853 1471 924 etc.

375 967 558 1066 ejusque
575 963 900 1040 illustrissimum
919 961 1067 1042 ducale
1083 967 1311 1043 dominium
1329 989 1377 1042 ac
1392 964 1471 1043 col·

381 1083 793 1184 ligatosatlberentes
812 1083 1138 1163 recomendatus
1160 1085 1346 1162 fautores
1364 1109 1470 1163 eom·

328 1267 332 1294 ,
378 1205 513 1310 pliees
543 1231 754 1309 sequaces
780 1205 926 1283 fideles
942 1217 983 1285 et
999 1206 1185 1284 subditos
1200 1232 1300 1285 suos
1322 1232 1375 1283 ex
1396 1230 1472 1283 una

381 1335 512 1430 parte,
530 1335 571 1404 et
587 1327 791 1403 illuslrem
808 1335 850 1405 et
866 1325 1085 1404 excelsum
1104 1327 1316 1406 dominum
1347 1330 1372 1407 d
1391 1355 1414 1406 e
1430 1351 1471 1402 s·

379 1452 575 1548 potum
605 1445 979 1547 Stephanum,
1010 1449 1304 1547 eademgratia
1321 1447 1471 1535 ducem

379 1565 526 1645 liassie
557 1575 638 1644 ete.
678 1575 720 1644 et
747 1555 1078 1669 suprascriptum
1108 1568 1376 1669 magnifieum
1404 1569 1472 1645 do·

380 1691 534 1766 minum
564 1675 778 1766 dominum
808 1688 880 1763 Ge
899 1685 1031 1787 orgi
1050 1713 1073 1764 u
1090 1715 1129 1766 m
1172 1717 1220 1768 ae
1250 1691 1472 1791 colligatas

380 1807 629 1886 adherentes
659 1809 983 1886 recomandatus
1013 1809 1198 1887 fautores
1241 1811 1472 1914 complices

379 1953 587 2030 sequaces
599 1927 885 2028 fidelesatque
897 1929 1091 2006 subditos
1108 1937 1148 2007 et
1160 1930 1365 2008 vassallos
1376 1953 1472 2006 suus

380 2077 432 2126 ex
448 2059 567 2153 parte
586 2050 731 2127 altera.
761 2046 845 2124 Pro
864 2048 1015 2149 quibus
1033 2049 1202 2149 quidem
1226 2049 1473 2128 differentiis

380 2171 545 2269 guerris
564 2171 664 2248 rixis
686 2174 728 2247 et
753 2192 976 2268 guerarum
995 2170 1232 2250 turbinibus
1247 2177 1289 2248 et
1317 2169 1472 2248 discor·

379 2292 458 2370 diis
481 2290 691 2377 sedandis,
708 2315 758 2368 ac
774 2313 879 2392 pace
896 2313 1040 2368 amore
1058 2291 1290 2369 concordio
1308 2295 1351 2367 et
1366 2303 1472 2368 treu·
1524 2371 1531 2387 ⁸

380 2412 446 2512 gis
467 2437 542 2487 seu
570 2410 736 2488 indutiis
764 2419 806 2489 el
820 2412 1205 2500 substentamentis,
1228 2419 1310 2488 tam
1328 2411 1367 2488 iu
1383 2435 1471 2514 per·

380 2537 553 2636 petuum
579 2555 700 2634 quam
717 2531 770 2610 ad
786 2539 961 2634 tempus,
984 2531 1094 2610 inter
1110 2533 1220 2635 ipsas
1238 2541 1381 2636 partes
1410 2556 1472 2611 ee·

382 2652 597 2731 lebrandis
626 2651 899 2756 perficiendis
926 2657 970 2731 et
999 2654 1325 2752 confirmandis,
1365 2663 1474 2732 ante·

385 2773 490 2850 latus
506 2774 810 2851 illustrissimus
837 2776 1037 2878 princeps
1053 2779 1095 2850 et
1111 2771 1472 2852 excelentissimus

385 2892 579 2971 dominus
607 2893 799 2972 dominus
827 2893 1080 2990 Franciseus
1108 2893 1279 2974 Fuscari
1306 2891 1471 2972 inclitus

383 3015 468 3092 dux
490 3015 763 3092 Venetiarum
791 3022 870 3092 etc.
902 3021 943 3094 et
972 3019 1062 3114 ejus
1086 3015 1471 3094 excelentissimum

382 3135 532 3213 ducale
561 3134 788 3213 dominium
819 3159 898 3214 una
928 3159 1021 3212 uum
1043 3135 1129 3212 suis
1144 3133 1329 3213 consiliis
1345 3135 1395 3210 ad
1412 3157 1470 3210 sn·

380 3277 710 3357 numeampane
740 3279 859 3331 more
887 3255 1016 3332 solito
1043 3252 1328 3354 congregatis,
1363 3249 1471 3329 omni

349 3437 350 3440 t
381 3377 509 3454 modo
533 3379 632 3474 jure
659 3375 723 3452 ria
752 3399 880 3453 causa
910 3376 1115 3463 etlorma,
1143 3373 1295 3476 quibus
1323 3371 1470 3448 melius
1578 3413 1579 3418 Ν

381 3495 533 3572 lortius
564 3500 605 3572 et
634 3493 841 3573 efficatius
869 3501 1101 3598 potuerunt
1128 3503 1170 3571 et
1197 3499 1394 3597 possunt,
1423 3489 1471 3565 ie·

379 3623 528 3694 cerunt
558 3617 869 3695 constituerunt
899 3623 1150 3697 creaverunt
1186 3623 1228 3693 et
1256 3612 1470 3691 ordinave-

380 3745 486 3825 runt,
514 3737 780 3836 magnificum
811 3746 853 3817 et
870 3738 1128 3838 generosum
1159 3733 1326 3812 militem
1348 3731 1472 3810 domi·

379 3883 474 3934 num
518 3857 906 3940 Franciscum
948 3857 1293 3958 Bembo,pr0
1324 3852 1471 3933 eodem

378 3977 514 4056 ducali
542 3979 730 4060 dominio
759 3983 1039 4061 venetiarum
1069 3979 1334 4082 capitaneum
1357 3995 1471 4074 gene·

378 4099 509 4178 ratem
540 4099 695 4205 Culphi
722 4111 803 4182 ete.
835 4103 934 4180 lieet
962 4103 1192 4184 absentem,
1210 4119 1333 4172 suum
1356 4091 1471 4174 sindi-

380 4241 475 4301 eum
503 4229 546 4300 et
573 4230 900 4326 procuratorem
917 4217 1158 4323 generalem
1175 4213 1471 4320 etspeeialem
