3228 5108
358 293 362 304 n

374 397 440 469 m
450 423 455 428 ι
560 417 567 432 ι

410 470 413 479 ι

371 603 511 726 minos
538 599 703 683 tabulae.
731 601 869 694 maris.
897 601 973 682 ut
1001 601 1036 680 si
1064 601 1220 705 aliquis.
1255 601 1463 680 contrais-

359 723 639 801 'caritinncn
658 721 872 811 solvendo
902 723 967 798 vei
992 722 1279 828 defraudando
1307 722 1463 800 datium

373 839 646 946 praedictum,
674 839 794 920 cadat
809 839 862 918 de
889 839 1031 920 ·XXV·
1050 865 1139 946 pro
1168 837 1228 922 ·C·
1258 865 1365 944 qnae
1392 863 1464 944 με·

231 1039 234 1056 ,
372 982 423 1038 na
450 957 668 1067 subiaceat
704 957 932 1038 fractorem
967 966 1008 1036 et
1036 961 1253 1051 ordinibus
1289 965 1464 1058 ,contro-

372 1077 620 1170 bannornm;
635 1087 677 1160 et
692 1081 816 1158 duret
843 1080 951 1158 dicta
968 1080 1134 1179 exactio
1156 1079 1308 1162 donec,
1322 1103 1463 1160 coma·

371 1223 424 1278 aa
451 1208 642 1282 nostrum
672 1199 751 1276 erit
778 1200 1039 1280 satisfactum
1066 1201 1311 1304 depecunia
1339 1221 1463 1300 quam

371 1321 621 1424 expenderit
649 1318 948 1400 occasionibus
975 1319 1281 1425 suprascriptis.

473 1475 620 1578 Capta.
651 1476 787 1578 Caput
813 1474 866 1552 de
892 1451 973 1554 Xin
1001 1499 1073 1555 ser
1100 1477 1306 1558 Antonius
1332 1501 1356 1553 s
1386 1475 1460 1552 aa·

369 1597 523 1687 obolis,
540 1606 583 1675 et
598 1601 670 1675 se'r
684 1595 933 1676 flambertus
955 1597 1127 1698 Quirino
1142 1600 1309 1704 sapiens
1322 1595 1460 1676 consi·

369 1717 423 1808 iii,
437 1717 584 1796 volunt
598 1719 711 1820 quod
725 1716 912 1796 mittatur
927 1741 1037 1796 unus
1053 1718 1265 1798 sufficiens
1281 1720 1462 1802 nuntius,

210 1857 213 1866 '
366 1859 447 1943 per
474 1839 589 1916 ilium
615 1841 798 1936 modum,
825 1839 895 1940 qui
921 1840 1134 1934 videbitur
1162 1841 1364 1940 collegio,
1392 1861 1461 1918 cn·

369 1960 431 2038 ius
460 1953 657 2040 comissio
686 1959 756 2039 fiat
782 1962 823 2042 in
841 1960 935 2038 ⁴boe
962 1961 1168 2050 consiii03
1196 1967 1239 2039 et
1266 1959 1333 2037 ubi
1359 1961 1459 2038 dici·

369 2087 437 2158 tur
477 2083 591 2184 quod
632 2083 915 2160 mercationes
954 2084 1118 2162 solvant
1153 2105 1277 2160 unam
1308 2092 1351 2160 et
1378 2104 1459 2158 mc·

368 2200 476 2279 diam
490 2195 572 2305 ‘pro
599 2201 663 2282 Ὀ·
692 2201 807 2302 quod
830 2203 999 2280 solvant
1025 2201 1295 2282 solummodo
1324 2222 1460 2292 unam,

366 2321 508 2400 donec
544 2321 628 2399 erit
677 2321 936 2402 satisfactum
977 2323 1148 2402 comuni
1168 2322 1241 2400 «de
1281 2322 1461 2425 pecunia

367 2463 492 2544 quam
522 2442 774 2544 expenderit
801 2441 912 2522 dicta
942 2444 996 2521 dc
1025 2467 1163 2523 causa.

762 2579 859 2648 Misti
884 2581 942 2649 dcl
965 2582 1110 2649 &nato
1133 2579 1255 2648 XLVl.
1281 2575 1340 2646 ciij
1362 2581 1416 2645 03.

368 2783 611 2885 ccxxi.
656 2813 829 2887 rnna.
857 2807 1104 2912 aperus„
1138 2807 1454 2888 invimus

366 2961 571 3040 sspunnaerin
594 2979 665 3023 noro
689 2983 706 3022 e
728 2983 788 3037 nas
812 2967 926 3025 Ocnos
961 2985 1059 3042 apaan
1093 2969 1202 3024 Boane
1236 2967 1459 3024 meracam

418 3072 623 3142 rpronbnua,
647 3085 684 3140 aa
708 3085 788 3144 κον]
810 3085 854 3127 nc
876 3073 1048 3128 nbncaun
1072 3085 1213 3128 scansus
1238 3067 1404 3142 candarau

827 3189 1003 3250 upronana.

366 3301 501 3408 Copia
527 3303 735 3408 privilegii
772 3307 937 3387 obtenti
964 3331 1045 3412 per
1074 3305 1289 3386 dominum
1326 3289 1458 3382 Mar·

366 3449 486 3506 cum
514 3423 776 3528 Danduio,
806 3426 1138 3508 ambaxiatorem
1166 3427 1216 3505 ad
1243 3425 1457 3504 serenissi-

365 3569 476 3624 mum
505 3545 717 3625 dominum
745 3573 947 3651 regem
974 3549 1241 3648 Hostoyu
1267 3543 1457 3624 Bossi-

365 3689 427 3742 ne
455 3671 555 3744 etc.
580 3689 660 3770 pro
677 3670 864 3748 comodo
893 3673 1153 3749 Venetorum
1177 3667 1458 3758 subditorum,

627 3795 669 3864 ct
695 3785 880 3868 fidelium
907 3791 1198 3871 venetiarum

465 3976 728 4079 Hostoya
762 3979 831 4060 dei
858 3979 992 4088 gratia
1018 3975 1454 4066 dassia-Bossi-

363 4119 443 4188 ns,
471 4101 735 4202 etpartis
765 4099 1059 4186 maritime
1088 4107 1170 4178 etc.
1214 4121 1329 4176 rex.
1366 4091 1453 4176 Uni·

363 4219 567 4296 versiset
593 4221 766 4320 singuiis
795 4231 878 4300 tam
918 4219 1063 4303 amicis
1100 4241 1223 4323 quam
1263 4214 1456 4298 fidelibus

362 4347 407 4420 at
433 4339 808 4444 compressantibus
835 4362 970 4441 quam
988 4339 1152 4430 futuris,
1177 4361 1356 4445 presens
1374 4339 1455 4441 pri·
