3220 5118
336 517 529 597 sideratis
556 517 644 610 hie',
670 517 785 620 quod
813 515 915 596 dicti
941 516 1103 598 'Purehi
1130 517 1273 600 dietim
1301 506 1427 599 atten-

337 647 423 718 tant
451 645 600 718 contra
628 645 812 728 nostros,
843 645 887 715 at
901 643 1106 718 attentare
1130 647 1305 744 possent
1332 665 1426 720 con·

333 769 400 839 tra
426 759 601 843 insulam
628 764 817 838 nostram
847 755 1049 862 Corphoy
1080 768 1123 840 et
1148 761 1310 862 navigia
1336 785 1429 838 nos·

336 889 400 959 tra
439 878 537 960 inde
578 879 861 967 transeuntia,
903 875 1059 957 bonum
1096 879 1150 961 sit
1185 879 1429 985 providere:

333 999 459 1079 Vadit
484 1022 597 1104 pars:
626 999 740 1101 quod
769 999 1012 1076 comitiatur
1039 999 1152 1078 dicto
1180 1009 1330 1080 nostro
1360 1002 1428 1078 ba·

336 1119 435 1210 iulo,
465 1118 577 1197 ituro
607 1117 1218 1224 Constantinopolim,
1248 1119 1430 1223 quodsi

336 1241 412 1318 ibit
438 1241 490 1317 ad
518 1237 795 1343 praesentiam
824 1237 925 1316 dicti
963 1237 1172 1318 Chiriei
1212 1239 1431 1328 Turehi,

337 1369 380 1440 et
405 1359 625 1466 perveniet
652 1359 702 1436 ad
730 1357 933 1462 pratioam
961 1361 1106 1462 paeiS,
1147 1363 1304 1444 debeat
1331 1387 1429 1442 cum

336 1476 416 1562 iliis
453 1478 575 1559 honis
617 1477 751 1557 modis
779 1485 821 1560 et
847 1479 1016 1568 verbio,
1058 1505 1165 1583 quae
1203 1503 1304 1558 auae
1330 1505 1429 1584 pru·
1577 1549 1579 1554 ,

336 1599 502 1678 dentiae
530 1599 792 1689 videbuntur,
806 1597 963 1676 instare
983 1603 1025 1676 et
1039 1623 1286 1702 procurare,
1315 1599 1430 1702 quod

337 1721 455 1798 locus
486 1719 787 1799 Avalonae
816 1723 857 1795 et
886 1718 1133 1812 caninae,
1161 1731 1203 1802 et
1226 1719 1302 1796 alia
1330 1717 1428 1800 ioca

332 1865 422 1934 aua,
448 1842 722 1920 restituantur
749 1838 993 1937 dominae
1023 1834 1142 1917 ouius
1171 1847 1300 1929 erant,
1329 1837 1429 1943 quia

333 1959 528 2040 dominus
555 1985 655 2038 suus
683 1955 759 2036 fuit
787 1958 893 2037 civis
920 1965 1088 2045 noster,
1128 1967 1171 2039 et
1197 1959 1289 2064 ipsa
1315 1957 1426 2036 aimi-

332 2081 427 2162 liter
454 2079 557 2159 civis
584 2085 729 2158 nostra
757 2085 833 2158 est.
861 2075 913 2157 Et
939 2080 973 2156 si
993 2078 1172 2171 videret,
1198 2073 1314 2183 quod
1341 2078 1427 2157 dic·
1578 2187 1579 2200 ᾖ

333 2209 398 2280 tus
427 2200 623 2280 dominus
646 2197 795 2279 adhoc
825 2198 1173 2279 condescendere
1202 2201 1330 2287 nolet,
1359 2198 1428 2276 de·
1578 2283 1579 2314 ἰ

332 2327 417 2400 tur·
440 2320 575 2398 eidem
618 2318 816 2407 libertas,
855 2318 1054 2424 possendi
1093 2319 1429 2424 promittere⁶et
1577 2331 1579 2376 ⁴

333 2436 576 2546 expendere
616 2463 695 2544 pro
739 2437 934 2516 habendo
979 2439 1119 2518 locum
1161 2438 1426 2544 praedictum

331 2563 560 2656 Avalonae‚
590 2561 775 2642 Caninae
804 2570 846 2640 et
874 2557 955 2642 alia
982 2561 1091 2662 loca,
1120 2585 1226 2664 quae
1255 2559 1428 2642 tenebat

332 2682 443 2766 dicta
472 2683 666 2777 domina,
695 2686 736 2762 in
766 2683 957 2764 manibus
984 2685 1167 2776 nostrie,
1208 2685 1428 2790 usquead

285 2869 291 2878 .
334 2807 605 2910 quantitatem
634 2806 884 2884 ducatorum
920 2803 1046 2884 ·V111·
1076 2805 1192 2884 mille
1220 2811 1264 2883 et
1290 2807 1343 2886 ab
1371 2808 1429 2885 in·

333 2927 544 3026 deintra,
589 2949 710 3030 quam
750 2927 900 3004 melius
927 2925 1071 3006 facere
1099 2928 1281 3030 poterit;
1321 2933 1365 3004 et
1390 2925 1429 3002 si

331 3044 522 3144 videret,
568 3046 679 3150 quod
707 3046 792 3125 hoc
834 3047 1029 3125 obtinere
1057 3071 1143 3126 non
1170 3053 1341 3151 posset,
1384 3053 1428 3124 et

333 3165 510 3246 haberet
531 3165 739 3270 impedire
767 3165 1086 3247 conclusionem
1114 3168 1244 3270 pecie,
1272 3163 1427 3245 debeat

333 3313 379 3366 se
421 3289 641 3368 retrahere
673 3315 696 3368 a
725 3287 834 3366 dicta
875 3288 1176 3391 requisitione,
1214 3293 1258 3366 et
1283 3309 1427 3392 sequa·

332 3415 401 3486 tur
429 3409 604 3486 formam
632 3433 732 3486 suae
763 3407 1045 3488 comissionis.

640 3527 745 3594 Secr.
770 3527 883 3594 Cone.
907 3526 1228 3614 nugantium.
1253 3527 1311 3591 eh.
1331 3527 1385 3590 ω

526 3641 812 3746 coxam·
842 3669 950 3742 mre.
978 3671 1041 3744 aa.
1067 3663 1234 3742 durii.

332 3803 549 3864 Haeranaeuie
572 3823 607 3864 aa
629 3819 810 3866 nocaaanaa
843 3807 988 3881 npyhera
1015 3815 1058 3865 nn
1079 3805 1262 3882 Typcuorrn
1284 3815 1426 3880 eyarany

683 3907 830 3985 Iipuuriit.
853 3905 1067 3994 (Cupaieao.)
1330 3895 1334 3912 ¹

436 4005 644 4087 Comissio
662 4007 792 4087 nobili
819 4011 911 4089 viro
940 4009 1168 4090 Bertuci
1184 4033 1210 4087 o
1240 4007 1369 4087 Died
1385 4033 1427 4096 o,

341 4129 451 4213 ituro
501 4131 692 4210 baiuloet
746 4129 1038 4212 ambassiatori
1081 4133 1131 4210 ad
1185 4129 1426 4212 Chirici

333 4251 1064 4334 soldanum'l'urohorum.
