3236 5108
1255 417 1407 484 Μ’

229 649 404 728 pennos
427 624 608 701 denovo
626 621 827 725 aquisitis,
855 629 984 726 prout
1010 631 1105 702 sunt
1133 623 1319 704 civitates

229 743 738 847 ArgoseiNenpoiis
765 741 1101 833 Athenarum,
1119 743 1318 824 Dunachii

229 877 271 946 et
286 867 466 958 Scutari,
482 870 577 969 quin
592 868 757 946 diceret
771 868 883 969 quod
901 861 1130 946 ionent'sua
1145 875 1189 946 et
1203 869 1317 970 quod

228 995 326 1065 suni
352 1013 472 1065 sune
501 987 824 1079 venationis,
853 995 897 1064 ut
922 988 1125 1066 solitus
1154 995 1231 1066 est
1259 987 1320 1062 di-

230 1131 365 1187 cero
393 1164 790 1188 ...........
819 1106 994 1206 Quando
1024 1113 1163 1184 nutem
1190 1113 1321 1183 staret

230 1234 450 1318 constans,
490 1229 604 1308 dicas
632 1229 745 1330 quod
773 1228 931 1306 debeas
959 1227 1150 1307 scribone
1180 1235 1222 1306 et
1250 1251 1319 1306 ex·

227 1358 403 1452 pectore
430 1349 620 1428 mundato
649 1353 821 1434 nostra:
864 1373 1010 1428 venum
1039 1351 1079 1427 in
1108 1349 1193 1427 hoo
1222 1373 1319 1426 oosu

229 1493 415 1548 essemus
453 1470 575 1548 vaide
610 1471 809 1568 contenti,
852 1473 965 1571 quod
1007 1479 1088 1547 iam
1129 1471 1321 1547 dominus

229 1591 463 1693 imperator
488 1613 611 1692 quom
638 1591 875 1669 dannenses
902 1591 1209 1668 differerentod
1226 1615 1320 1668 oon·
1399 1657 1401 1664 .

230 1711 489 1787 condandum
517 1735 575 1798 se,
604 1709 743 1791 doned
771 1737 850 1789 nos
878 1713 1245 1812 responderemus.
1277 1757 1319 1768 -

188 1899 198 1914 ,
229 1829 272 1906 Si
298 1827 403 1910 ¹voro
431 1833 665 1937 imperator
680 1841 724 1910 et
737 1832 976 1912 donnonses
998 1837 1084 1932 jam
1115 1842 1257 1911 essent
1280 1836 1321 1910 in

157 1979 161 1984 ·
230 1952 463 2030 concordio
505 1953 791 2052 oumanito,
833 1955 1025 2032 volumus
1054 1954 1168 2058 quod
1198 1953 1320 2032 etium

228 2078 269 2146 tu
300 2073 540 2150 omnimode
581 2073 750 2153 studens
778 2073 830 2150 de
858 2071 1059 2177 ponendo
1087 2095 1166 2150 nos
1197 2073 1322 2148 etium

229 2191 267 2266 in
297 2191 532 2271 concordio
562 2218 657 2272 oum
675 2193 776 2298 ipso
805 2191 977 2280 anito,
1004 2193 1139 2269 modis
1168 2199 1210 2268 et
1239 2191 1320 2266 ion·

227 2312 306 2390 mis
334 2314 526 2417 superius
558 2315 694 2394 dictis.
1286 2339 1289 2346 ’

333 2449 537 2529 Protei-es
566 2452 661 2554 quio
691 2451 1023 2538 consideramus,
1052 2453 1166 2554 quod
1194 2453 1246 2529 de
1270 2451 1323 2527 ie-

228 2573 268 2649 vi
296 2575 432 2677 possit
459 2599 569 2659 esso,
601 2573 717 2677 quod
758 2571 1321 2678 imperatonChaio·

228 2693 239 2768 i
255 2716 313 2770 oin
329 2693 354 2781 i,
368 2717 504 2796 nepos
522 2695 786 2797 imperatoris
818 2694 982 2774 Chion
1007 2693 1051 2770 Μ
1067 2717 1090 2772 n
1105 2719 1129 2770 n
1147 2719 1172 2770 u
1188 2693 1237 2791 ii,
1268 2695 1321 2770 in-

229 2821 382 2892 trasset
410 2814 449 2890 in
477 2816 660 2918 imperio
689 2841 764 2893 seu
792 2817 980 2903 intranei,
1009 2817 1102 2916 quio
1130 2821 1176 2894 ut
1202 2815 1323 2890 senii·

228 2957 319 3010 mus
347 2932 565 3014 Bositus
597 2936 761 3014 videtur
789 2936 1023 3040 dispositus
1051 2959 1135 3013 non
1164 2934 1323 3012 hahere

227 3075 376 3155 pacem
419 3077 576 3144 secum,
617 3056 695 3133 nisi
722 3057 933 3158 relinqunt
972 3056 1216 3159 imperium,
1255 3079 1323 3133 co·
1394 3054 1397 3066 '

227 3169 429 3249 mittimus
458 3175 545 3267 tibi,
574 3175 688 3277 quod
703 3174 745 3254 in
773 3179 857 3254 isto
888 3199 988 3264 casu
1017 3175 1174 3280 habens
1202 3170 1320 3250 liborv
1455 3236 1460 3244 .

230 3297 357 3370 tatem
400 3296 673 3398 comparendi
716 3298 764 3373 od
808 3295 1089 3398 praesentiam
1131 3319 1247 3371 sunm
1275 3349 1323 3371 ..

233 3467 431 3491 .....
450 3473 468 3522 Ι.
497 3472 507 3492 .
536 3423 578 3494 et
606 3417 826 3518 requirere
855 3441 950 3492 eum
978 3417 1031 3493 de
1047 3413 1323 3492 renovatione

229 3533 393 3609 ilianum
435 3541 451 3612 t
467 3558 564 3613 neu
581 3559 647 3636 gu
665 3561 686 3613 a
702 3562 763 3614 nu
779 3563 833 3623 m.
867 3563 968 3640 quas
1004 3532 1108 3614 fecit
1135 3542 1178 3612 ot
1204 3557 1322 3611 reno·

227 3653 338 3729 vovit
356 3679 503 3734 sonum
534 3657 633 3734 alias
649 3655 730 3736 Ser
757 3657 1010 3749 Francisous
1038 3653 1222 3732 Fusooio
1238 3711 1248 3733 .
1263 3713 1271 3730 .
1288 3714 1295 3728 .
1313 3711 1322 3734 .

229 3771 282 3850 Et
309 3773 349 3850 in
366 3775 446 3853 isto
476 3801 575 3855 casu
603 3779 807 3868 volumus,
836 3777 931 3880 quia
954 3803 1039 3854 non
1065 3785 1128 3852 est
1143 3773 1324 3864 dubium,

231 3879 346 3977 quod
362 3879 396 3955 si
412 3879 546 3956 onitin
563 3881 759 3984 imperio,
785 3881 999 3958 Basitns
1028 3879 1177 3956 ilium
1198 3879 1322 3982 poni

231 3997 620 4101 fenerii,quodsi
646 3996 1173 4078 donnonsesdePono
1203 4008 1324 4077 erunt

230 4140 375 4192 secum
404 4117 442 4193 in
473 4118 719 4204 concordio,
752 4127 795 4196 iu
824 4117 982 4197 debeas
1008 4141 1242 4219 procurare
1271 4120 1323 4198 de

230 4239 428 4336 ponendo
457 4263 535 4317 nos
566 4239 689 4317 otiam
717 4238 759 4315 in
789 4263 895 4340 once
939 4261 1098 4330 secum,
1127 4295 1135 4315 .
1165 4297 1173 4316 .
1201 4297 1212 4318 .
1243 4247 1347 4318 otu·

342 4371 446 4438 seo.
473 4373 585 4441 cons.
608 4375 698 4461 sog.
722 4373 796 4440 nn.
818 4371 880 4440 ιιι.
909 4349 945 4437 n
969 4375 1023 4440 en.
1048 4373 1120 4440 uo.
1145 4385 1182 4445 et
1206 4377 1277 4443 m.
