3236 5108
5 291 78 578 ι

5 579 139 930 l

5 941 10 1048 l

5 1303 12 1416 l

1173 349 1239 418 271

135 535 521 653 Obxxvll.
560 553 928 638 ruminaret.
954 555 986 634 1
1012 559 1073 636 ιι.
1100 555 1192 636 no

555 678 830 756 vembris.

141 906 360 984 optaueris
394 907 898 980 runmnpbnoerblasraso
942 909 1073 979 ragal·
1111 912 1243 986 lineos,

404 1025 462 1066 roc
445 1027 510 1068 οοιι
513 1027 550 1080 gs
554 1026 595 1084 pa
618 1009 737 1085 asara,
760 1011 913 1084 Bygssn
938 1027 991 1086 gp

250 1178 523 1278 Priviiegium
551 1177 761 1277 magniflui
789 1177 858 1258 do
875 1178 1012 1296 mini
1054 1177 1088 1258 ll
1105 1203 1127 1258 a
1143 1182 1169 1258 d
1183 1182 1197 1258 i
1212 1205 1236 1280 a

145 1303 202 1380 de
229 1299 470 1400 Corone,
496 1297 718 1380 domini
745 1297 1170 1387 Zenteslludve
1198 1307 1241 1378 st

146 1419 460 1526 oborti-nm
488 1415 867 1510 Solavoniae3
894 1419 946 1498 de
974 1421 1108 1519 gratia
1133 1421 1244 1508 intas

5 1539 7 1616 ἒ
148 1551 194 1622 et
220 1550 358 1634 entra,
385 1561 481 1622 eum
508 1540 593 1620 suis
621 1539 716 1621 liliis
745 1545 788 1618 et
815 1540 1059 1624 herodibus.

251 1714 491 1796 Anthonius
517 1715 706 1792 Venerio
739 1713 808 1793 dei
834 1717 967 1816 gratia
996 1713 1080 1794 dux
1108 1717 1244 1794 Vene-

147 1839 300 1916 tiarum
329 1843 371 1914 et
401 1861 435 1912 e.
466 1827 676 1912 Universis
705 1841 747 1913 et
774 1833 945 1933 singulis
974 1830 1056 1913 tam
1098 1833 1245 1912 amieis

149 1982 276 2060 quarn
304 1955 496 2034 lidelibus
526 1964 569 2033 et
596 1963 679 2033 tam
720 1953 991 2058 presentibus
1034 1977 1157 2060 quam
1186 1955 1243 2032 iu·

5 2079 7 2146 !
150 2077 267 2169 turis,
282 2100 458 2181 presens
483 2075 746 2182 privilegium
770 2077 1038 2180 inspecturis,
1067 2075 1243 2154 salutem

150 2207 193 2276 et
218 2197 388 2278 sineere
416 2193 652 2274 dilectionis
690 2193 898 2275 affectum.
939 2195 1078 2276 'l'anto
1109 2193 1245 2294 benig·

150 2321 245 2399 nius
274 2319 433 2396 ducalis
459 2313 724 2421 ¹prouidentia
778 2317 1000 2399 ¹conaverit
1040 2341 1245 2421 personas

148 2439 429 2521 honorabiles
470 2445 513 2517 et
553 2437 821 2540 magnificas,
849 2439 928 2519 sibi
982 2441 1160 2519 devotas
1200 2443 1243 2516 et

151 2559 301 2640 ildeles
328 2559 566 2637 honoribus
580 2559 815 2662 prevenire,
831 2559 1100 2664 ipsarumque
1118 2557 1244 2637 fldem

152 2681 481 2761 etdevotionem
509 2681 642 2782 dignis
668 2677 1019 2760 retributionibus
1047 2703 1242 2784 compen·

148 2825 257 2890 sare,
294 2795 369 2881 ac‘
396 2801 509 2906 ipsas
530 2800 754 2880 ¹dotalibus
811 2799 1025 2880 favoribus
1063 2799 1245 2895 ,conval-

150 2923 261 3012 lare‚
316 2925 358 2998 et
386 2919 570 3022 ipsarum
623 2921 855 3024 petitiones
909 2919 1119 2998 liberalius
1176 2943 1244 2996 ex·

151 3043 310 3130 audire,
340 3050 496 3146 quanto
524 3041 693 3121 ducatui
730 3049 880 3121 nostro
895 3043 1138 3122 devotiores
1165 3035 1246 3119 fide

7 3213 8 3220 κ
151 3175 194 3245 et
223 3161 423 3268 operibus
451 3187 497 3241 se
528 3163 764 3242 ostendunt.
804 3161 1082 3242 Attendentes
1120 3156 1247 3262 igitur

148 3277 388 3388 multiplicis
417 3279 513 3361 fidei
552 3283 780 3388 puritatem
809 3293 851 3363 et
879 3281 1118 3362 devotionis
1159 3281 1245 3385 ple·

8 3437 9 3440 ι
148 3403 395 3488 nitudinem,
425 3427 548 3505 quarn
577 3401 941 3504 magnificus
963 3401 1024 3482 'et
1049 3407 1245 3507 potens

8 3543 10 3632 l
148 3521 1246 3624 vir,dominusllndizds'Cernuedo·

150 3647 336 3724 minus
364 3641 552 3723 Zente
580 3640 861 3723 etBudve
891 3649 947 3723 et
974 3649 1082 3722 eet.
1118 3639 1245 3720 inti·

150 3793 191 3846 m
208 3793 234 3844 u
250 3791 270 3843 s
299 3790 322 3842 a
337 3767 401 3843 mi
416 3791 440 3843 o
455 3793 480 3843 u
497 3791 516 3842 s
545 3772 704 3856 noster,
735 3765 787 3844 ad
815 3773 989 3844 nostrae
1005 3761 1248 3864 magnitudi-

9 3883 10 3952 ι
151 3887 214 3964 nis
242 3887 535 3966 excellentiam
582 3886 745 3966 habere
785 3885 989 3990 promptis
1029 3882 1247 3961 affectibus

150 4033 200 4089 se
229 4005 425 4098 ostendit,
456 4004 584 4112 quiin
614 4005 803 4108 agendis,
831 4029 920 4094 nos,
948 4003 1249 4083 dueatumnos·

149 4135 262 4206 trum
292 4137 335 4208 et
349 4129 600 4250 singulares
628 4149 832 4232 personas
860 4127 1033 4204 ducatus
1061 4121 1248 4224 ejusdam

149 4249 440 4354 tangentibus,
469 4255 725 4354 promptum
732 4251 797 4326 et
813 4243 1011 4325 devotum
1041 4241 1244 4324 landabili-

999 4368 1044 4436 18
