3212 5116
336 582 495 670 videre,
523 580 635 681 quod
664 603 746 656 non
776 589 1004 657 occurrant
1033 576 1178 679 alique,
1206 599 1316 678 quae
1344 578 1424 654 sint

336 702 456 780 statui
485 725 561 778 suo
591 698 869 804 importabilia
897 699 965 776 vel
992 699 1181 776 moleste.

439 821 489 899 lit
518 819 721 921 expositis
749 820 976 922 praedictis
1006 842 1055 896 ao
1084 819 1223 894 babita
1251 840 1420 920 respon·

336 939 456 1020 sione
484 937 534 1017 ab
561 939 662 1043 ipsis
690 941 863 1040 domino
893 963 996 1038 rege
1018 946 1061 1016 et
1088 939 1246 1038 regina,
1275 939 1423 1014 redeas

336 1059 561 1145 Venetiae,
596 1059 789 1162 suposito
818 1057 1026 1136 amicabili
1068 1066 1271 1142 comeatu,
1300 1080 1422 1158 quam

337 1178 459 1257 cilius
485 1177 658 1281 poteris,
686 1179 739 1254 de
768 1178 961 1254 omnibns
988 1177 1231 1256 informatus

432 1296 485 1374 'Si
510 1321 615 1376 vero
657 1299 746 1401 ipse
800 1297 992 1376 dominus
1033 1322 1110 1376 rex
1149 1299 1214 1375 vel
1256 1295 1424 1374 domina

337 1419 491 1518 regina,
519 1420 660 1498 donec
687 1417 745 1496 ibi
773 1418 871 1517 eris,
901 1418 1094 1498 dicerent
1121 1418 1195 1498 tibi
1219 1418 1287 1496 vel
1317 1418 1425 1498 lace-

336 1547 432 1618 rent
472 1539 653 1642 aliquam
694 1542 952 1618 mentionem
981 1541 1034 1617 de
1063 1540 1183 1620 factis
1213 1541 1422 1616 Dalma-

337 1664 469 1754 tiae,
511 1663 578 1740 rel
618 1663 671 1740 de
712 1661 914 1763 aliquibus
956 1662 1072 1759 aliis,
1115 1685 1222 1765 quae
1248 1671 1425 1765 possent

335 1789 529 1884 spectare
557 1790 599 1860 et
626 1789 798 1882 tangere
825 1790 978 1861 statum
1006 1787 1224 1872 nostrum,
1265 1781 1424 1860 debeas

336 1903 611 2006 respondere.
642 1906 756 2006 quod
784 1928 913 2009 super
940 1902 1088 1984 talibus
1128 1903 1287 1983 nullum
1314 1924 1423 1978 man·

336 2027 476 2104 datum
513 2025 645 2104 babes
672 2051 694 2101 a
723 2025 871 2114 nobis,
910 2051 991 2104 nec
1017 2028 1142 2104 ullam
1184 2022 1423 2128 responsio·

335 2169 430 2224 nem
458 2147 559 2223 dare
588 2171 767 2247 posses,
794 2145 869 2224 sed
897 2145 931 2222 si
958 2147 1100 2250 placet
1138 2143 1422 2244 majestatibus

334 2264 422 2364 suis
449 2264 585 2366 aliqua
598 2261 673 2342 tibi
702 2264 928 2344 comittere
954 2266 1022 2344 vel
1038 2265 1194 2354 dicere,
1221 2261 1299 2368 ipsi
1326 2285 1422 2365 pos·

334 2393 430 2484 suut
457 2386 603 2465 dicere
632 2410 924 2489 quaecumque
952 2388 1012 2464 eis
1039 2387 1222 2492 placent,
1255 2383 1422 2487 quaudo

261 2543 263 2554 =
335 2513 377 2594 tu
406 2505 550 2584 venies
575 2505 625 2583 ad
653 2509 933 2610 praesentiam
975 2516 1162 2588 nostram
1191 2514 1234 2586 et
1261 2505 1423 2583 referes

335 2650 650 2729 qrraecumquae
705 2628 766 2704 eis
794 2629 1049 2731 placuerint,
1085 2634 1128 2706 et
1154 2651 1234 2704 nos
1273 2632 1422 2727 postea

332 2745 645 2850 providebimus
686 2751 918 2827 seeundum
960 2749 1075 2850 quod
1103 2747 1226 2826 uobis
1266 2741 1422 2822 videbi·

334 2869 402 2942 tur
430 2889 536 2968 opus
566 2890 674 2958 esse,
700 2891 779 2972 pro
808 2869 975 2948 honore
1002 2889 1104 2944 suae
1142 2863 1423 2944 excellentiae

335 2989 378 3064 et
403 2993 569 3064 nostro.

433 3105 593 3183 Verum
635 3107 731 3210 quia
758 3108 908 3190 leviter
947 3113 1126 3212 propter
1166 3103 1298 3184 verba
1324 3103 1424 3215 alias

335 3226 410 3306 tibi
438 3227 552 3306 dicta
580 3251 657 3329 per
691 3229 903 3306 dominam
930 3231 1131 3330 reginam,
1158 3229 1250 3332 ipsa
1277 3230 1423 3327 posset

333 3354 482 3452 petere
511 3372 534 3424 a
560 3355 614 3438 te,
642 3348 679 3425 si
707 3356 749 3427 tu
777 3349 916 3428 dixisti
943 3349 1064 3427 nobis
1090 3350 1180 3453 ipsa
1206 3347 1350 3442 rerba,
1381 3351 1424 3422 et

333 3466 431 3570 quid
462 3492 540 3547 nos
582 3469 900 3572 respondimus,
926 3472 1089 3549 debeas
1142 3465 1422 3569 respondere:

333 3591 448 3690 quod
475 3597 601 3684 tunc,
645 3593 810 3692 quando
852 3595 1048 3690 majestas
1087 3615 1161 3667 sua
1203 3585 1282 3668 tibi
1318 3585 1424 3663 dixit

332 3711 462 3788 rerba
489 3709 720 3813 praedicta,
749 3711 785 3788 si
819 3715 928 3790 bene
957 3712 1130 3802 recolis,
1156 3705 1327 3786 voluisti
1354 3703 1423 3784 de·

333 3829 504 3933 elocari,
530 3833 566 3910 si
595 3834 798 3930 majestati
826 3859 927 3922 suae
953 3835 1171 3940 placebat,
1207 3825 1321 3932 quod
1348 3825 1419 3906 illa

333 3948 454 4028 nobis
494 3950 700 4042 referres,
728 3959 770 4030 ot
796 3952 886 4055 ipsa
913 3979 997 4034 non
1026 3949 1270 4058 respondit,
1297 3969 1423 4050 prop·

333 4080 400 4150 ter
427 4069 538 4171 quod
567 4073 865 4153 considerante
894 4083 948 4172 te,
973 4074 1086 4178 quod
1113 4073 1202 4175 ipsa
1228 4071 1423 4167 majestas
1544 4150 1546 4158 .

331 4215 406 4270 sna
428 4188 593 4270 dixerat
619 4192 694 4270 tibi
722 4195 763 4274 in
790 4217 939 4295 magrro
966 4201 1155 4283 secrato,
1183 4198 1225 4270 tu
1256 4187 1421 4268 noluisti
1481 4279 1485 4290 ¹
