3228 5108
139 542 142 550 ·
278 499 371 600 tero
411 522 464 600 de
498 520 655 596 uostris
696 523 1007 618 mercatoribus
1046 511 1093 602 'et
1121 523 1283 604 civibus
1323 525 1374 603 ad

277 639 601 748 partos-etiosa
626 663 713 729 sua,
743 665 867 720 eausa
883 642 1177 746 frequentandi
1202 653 1243 725 ot
1259 653 1372 724 uten-

278 763 329 840 di
347 759 549 837 snm-suis
576 763 909 840 mercationibus
939 771 981 842 et
1009 765 1151 858 bonis,
1180 769 1374 868 quemad·

93 933 97 944 -
206 967 210 974 ,
278 878 450 960 modom
479 881 622 960 iacere
651 883 870 968 sotebant,
914 885 1028 986 qood
1059 887 1140 964 erit
1179 889 1220 964 in
1250 888 1373 963 maxi*-

278 1001 705 1080 inemendationem
746 1003 809 1078 sui
837 1004 1018 1082 nominis
1060 1013 1102 1084 ot
1129 1008 1373 1086 introituum

278 1143 477 1211 suorum,
531 1145 612 1201 neo
646 1119 737 1202 -non
781 1125 1085 1205 commoditate
1127 1125 1373 1207 nostrorum

278 1252 561 1321 mercatorum
589 1243 904 1347 predictorum,
946 1271 1054 1349 qnos
1092 1245 1251 1328 debeas
1278 1267 1372 1351 pro·

279 1357 429 1444 aurare
456 1364 510 1440 de
544 1363 841 1464 uvantngiando
870 1372 952 1443 tam
981 1367 1021 1442 in
1049 1367 1204 1452 doniis.
1250 1389 1374 1471 quom

276 1484 317 1560 in
347 1477 538 1562 omnibus
564 1484 656 1560 aliis
677 1495 782 1564 ‘oum
812 1484 927 1565 dioto
957 1488 1129 1566 domino
1150 1487 1213 1576 ΙΜ
1228 1511 1330 1565 usn
1346 1485 1374 1564 Ι-

277 1602 722 1704 manno-Cainbi.
751 1605 802 1684 ut
830 1631 923 1682 oum
952 1605 1016 1684 his
1045 1613 1089 1684 et
1115 1607 1205 1686 aliis
1231 1606 1373 1687 aterbis

278 1715 482 1812 indntnris
508 1743 617 1829 quae
644 1735 742 1804 tuae
770 1725 974 1828 sapientie
1001 1726 1280 1818 videbuntur,
1307 1725 1373 1804 de·

277 1849 378 1927 bens
401 1847 605 1926 inducero
631 1843 868 1948 predictum
898 1847 1112 1926 dominum
1141 1847 1373 1944 Turcbum

277 1971 390 2072 quod
411 1969 489 2047 sibi
515 1967 649 2047 libent
671 1967 764 2047 beri
786 1959 931 2048 iooore
947 1993 1021 2048 sua
1036 1971 1228 2048 mandata
1244 1969 1371 2048 onmi-

277 2090 353 2168 bns
382 2091 467 2168 suis
508 2087 682 2166 subditis
725 2089 988 2194 adplenum,
1029 2099 1113 2170 tam
1151 2110 1234 2195 por
1260 2111 1375 2168 mare

277 2227 399 2312 quam
426 2229 507 2310 per
536 2195 716 2294 terram,
757 2231 948 2312 perque
978 2210 1113 2288 nostri
1141 2210 1258 2290 cives
1281 2235 1374 2312 pos·

276 2329 361 2409 sint
386 2349 562 2415 ssonre,
608 2309 809 2431 onoitice,
850 2330 992 2431 quieta
1034 2337 1077 2407 et
1117 2329 1209 2407 sine
1236 2328 1375 2430 aliqua

276 2448 468 2525 molestia
493 2443 561 2524 vei
590 2447 805 2530 novitate.
835 2449 919 2536 ire,
947 2449 1127 2539 morari,
1155 2471 1376 2527 eonversa-

276 2567 382 2646 riet
409 2568 591 2647 moroari
621 2570 662 2647 in
691 2573 815 2648 terris
843 2575 887 2650 ¹et
923 2571 1028 2648 iouis
1056 2572 1164 2662 suis,
1191 2577 1305 2648 stare
1335 2578 1378 2646 et

184 2697 189 2708 ’
278 2685 375 2764 inde
403 2689 634 2779 renodare,
675 2687 726 2764 ad
756 2713 923 2768 omnem
963 2712 1113 2769 eorum
1142 2690 1301 2767 libitum
1330 2695 1376 2765 et

271 2809 555 2896 voluntatem,
597 2831 647 2887 ao
686 2809 801 2912 quod
842 2801 979 2889 eidem
1020 2834 1106 2890 non
1147 2811 1372 2896 inoventur
1478 2893 1480 2898 .

275 2929 384 3008 nitra
410 2931 579 3008 solitum
607 2931 743 3032 atiquo
767 2931 861 3009 daei
888 2933 957 3010 vei
984 2930 1161 3032 gabello,
1188 2941 1314 3034 prout
1333 2937 1376 3009 et

275 3049 385 3130 sicut
407 3073 549 3128 sumus
572 3044 767 3152 dispositi
783 3069 883 3150 erga
900 3049 1088 3130 subditos
1116 3073 1219 3128 suos
1247 3051 1288 3127 in
1318 3051 1376 3127 io-

277 3171 338 3250 ois
361 3177 404 3249 et
431 3170 556 3249 terris
583 3168 741 3248 nostris
771 3171 914 3250 faeere
930 3173 1027 3251 vioe
1053 3193 1191 3248 versa.
1220 3171 1273 3250 Et
1301 3169 1373 3248 eti·

275 3316 341 3372 am
357 3292 437 3370 sibi
452 3293 580 3373 liceat
593 3293 876 3372 consideratis
895 3293 1088 3377 omnibns
1115 3293 1371 3397 suprascrip·

274 3415 326 3494 tis
353 3413 406 3491 de
434 3415 558 3493 solita
587 3413 848 3514 benignitate
877 3439 963 3512 sna,
989 3411 1372 3522 concedere‚quod

276 3533 483 3637 possimus
510 3534 678 3613 mittere
706 3559 835 3612 uorum
850 3544 1040 3615 nostrum
1070 3533 1292 3614 consulem
1320 3533 1371 3612 ad

276 3655 370 3733 iooa
410 3677 510 3744 sua,
549 3679 629 3756 pro
658 3655 891 3736 commodo
932 3664 1178 3735 nostrornm
1214 3675 1370 3733 meroa-

205 3773 207 3780 ’
277 3781 427 3855 torum.
705 3770 709 3778 '
1454 3775 1458 3786 “

329 3997 332 4004 .
375 3895 428 3977 itt
466 3909 512 3978 ut
553 3922 627 3977 ana
670 3895 878 3979 celsitudo
920 3897 1028 3978 sciat
1068 3905 1112 3975 et
1139 3903 1373 3996 cognoscat

275 4009 462 4098 nostram
490 4019 643 4098 bonam
670 4019 930 4098 voluntatem
955 4018 1372 4112 eidem'intimamus,

276 4140 387 4244 quod
414 4143 603 4218 nostrum
631 4139 861 4218 dominium
892 4147 956 4218 est
983 4138 1234 4242 dispositum
1260 4139 1370 4217 veile

275 4259 419 4340 vivere
446 4258 487 4339 iu
513 4282 622 4364 pnoe
650 4264 693 4336 et
719 4259 834 4339 bono
875 4258 1111 4340 concordio
1156 4281 1252 4342 oum
1294 4277 1364 4346 ao,
