<?xml version="1.0" encoding="UTF-8"?>
<!DOCTYPE html PUBLIC "-//W3C//DTD XHTML 1.0 Transitional//EN"
    "http://www.w3.org/TR/xhtml1/DTD/xhtml1-transitional.dtd">
<html xmlns="http://www.w3.org/1999/xhtml" xml:lang="en" lang="en">
 <head>
  <title>
</title>
<meta http-equiv="Content-Type" content="text/html;charset=utf-8" />
  <meta name='ocr-system' content='tesseract 3.04.00' />
  <meta name='ocr-capabilities' content='ocr_page ocr_carea ocr_par ocr_line ocrx_word'/>
</head>
<body>
  <div class='ocr_page' id='page_1' title='image "./actaarchivivene00sergoog_0623.png"; bbox 0 0 3234 5116; ppageno 0'>
   <div class='ocr_carea' id='block_1_1' title="bbox 210 617 1309 1001">
    <p class='ocr_par' dir='ltr' id='par_1_1' title="bbox 210 617 1309 1001">
     <span class='ocr_line' id='line_1_1' title="bbox 210 617 1309 762; baseline -0.002 -24"><span class='ocrx_word' id='word_1_1' title='bbox 210 617 492 762; x_wconf 56' lang='lat' dir='ltr'><strong>pontnffleri</strong></span> <span class='ocrx_word' id='word_1_2' title='bbox 519 655 619 736; x_wconf 84' lang='lat' dir='ltr'><strong>iliae</strong></span> <span class='ocrx_word' id='word_1_3' title='bbox 646 655 945 762; x_wconf 78' lang='lat' dir='ltr'><strong>provisiones,</strong></span> <span class='ocrx_word' id='word_1_4' title='bbox 977 681 1087 760; x_wconf 91' lang='lat' dir='ltr'><strong>quae</strong></span> <span class='ocrx_word' id='word_1_5' title='bbox 1113 656 1309 738; x_wconf 89' lang='lat' dir='ltr'><strong>videbun·</strong></span> 
     </span>
     <span class='ocr_line' id='line_1_2' title="bbox 211 777 585 858; baseline -0.016 0"><span class='ocrx_word' id='word_1_6' title='bbox 211 787 280 858; x_wconf 90' lang='lat' dir='ltr'><strong>tur</strong></span> <span class='ocrx_word' id='word_1_7' title='bbox 304 777 585 858; x_wconf 73' lang='lat' dir='ltr'><strong>necessariae.</strong></span> 
     </span>
     <span class='ocr_line' id='line_1_3' title="bbox 485 910 1268 1001; baseline 0.003 -23"><span class='ocrx_word' id='word_1_8' title='bbox 485 910 592 978; x_wconf 81' lang='lat' dir='ltr'><strong>Scor.</strong></span> <span class='ocrx_word' id='word_1_9' title='bbox 618 910 732 987; x_wconf 63' lang='lat' dir='ltr'><strong>cons„</strong></span> <span class='ocrx_word' id='word_1_10' title='bbox 756 911 886 1001; x_wconf 81' lang='lat' dir='ltr'><strong>Rogat.</strong></span> <span class='ocrx_word' id='word_1_11' title='bbox 912 911 987 980; x_wconf 79' lang='lat' dir='ltr'><strong>Lib.</strong></span> <span class='ocrx_word' id='word_1_12' title='bbox 1014 911 1109 979; x_wconf 82' lang='lat' dir='ltr'><strong>vm.</strong></span> <span class='ocrx_word' id='word_1_13' title='bbox 1135 915 1192 981; x_wconf 86' lang='lat' dir='ltr'><strong>eb.</strong></span> <span class='ocrx_word' id='word_1_14' title='bbox 1215 915 1268 982; x_wconf 79' lang='lat'><strong>50.</strong></span> 
     </span>
    </p>
   </div>
   <div class='ocr_carea' id='block_1_2' title="bbox 316 1117 1206 1242">
    <p class='ocr_par' dir='ltr' id='par_1_2' title="bbox 316 1117 1206 1242">
     <span class='ocr_line' id='line_1_4' title="bbox 316 1117 1206 1242; baseline -0.002 -22"><span class='ocrx_word' id='word_1_15' title='bbox 316 1117 682 1220; x_wconf 74' lang='lat' dir='ltr'><strong>dccxxxii.</strong></span> <span class='ocrx_word' id='word_1_16' title='bbox 729 1137 843 1218; x_wconf 73' lang='lat' dir='ltr'><strong>msa</strong></span> <span class='ocrx_word' id='word_1_17' title='bbox 871 1131 930 1214; x_wconf 69' lang='grc' dir='ltr'><strong>ιν.</strong></span> <span class='ocrx_word' id='word_1_18' title='bbox 959 1139 1206 1242; x_wconf 75' lang='lat' dir='ltr'><strong>Aprilis.</strong></span> 
     </span>
    </p>
   </div>
   <div class='ocr_carea' id='block_1_3' title="bbox 255 1328 1281 1517">
    <p class='ocr_par' dir='ltr' id='par_1_3' title="bbox 255 1328 1281 1517">
     <span class='ocr_line' id='line_1_5' title="bbox 255 1328 1281 1405; baseline 0.004 -15"><span class='ocrx_word' id='word_1_19' title='bbox 255 1329 410 1403; x_wconf 68' lang='lat' dir='ltr'><strong>ssoroptie</strong></span> <span class='ocrx_word' id='word_1_20' title='bbox 434 1347 471 1388; x_wconf 80' lang='lat' dir='ltr'><strong>ca</strong></span> <span class='ocrx_word' id='word_1_21' title='bbox 494 1345 727 1388; x_wconf 72' lang='lat' dir='ltr'><strong>noenauncoas</strong></span> <span class='ocrx_word' id='word_1_22' title='bbox 751 1328 925 1405; x_wconf 70' lang='lat' dir='ltr'><strong>cpoosorn</strong></span> <span class='ocrx_word' id='word_1_23' title='bbox 948 1349 1093 1404; x_wconf 67' lang='lat' dir='ltr'><strong>peccora</strong></span> <span class='ocrx_word' id='word_1_24' title='bbox 1118 1334 1281 1394; x_wconf 70' lang='lat' dir='ltr'><strong>Cre-sana.</strong></span> 
     </span>
     <span class='ocr_line' id='line_1_6' title="bbox 652 1427 863 1517; baseline 0.005 -24"><span class='ocrx_word' id='word_1_25' title='bbox 652 1427 863 1517; x_wconf 65' lang='lat' dir='ltr'><strong>(expansae.)</strong></span> 
     </span>
    </p>
   </div>
   <div class='ocr_carea' id='block_1_4' title="bbox 210 1591 1307 2189">
    <p class='ocr_par' dir='ltr' id='par_1_4' title="bbox 210 1591 1307 2189">
     <span class='ocr_line' id='line_1_7' title="bbox 311 1591 1306 1710; baseline 0.007 -30"><span class='ocrx_word' id='word_1_26' title='bbox 311 1601 508 1710; x_wconf 85' lang='lat' dir='ltr'><strong>Deputati</strong></span> <span class='ocrx_word' id='word_1_27' title='bbox 535 1603 691 1680; x_wconf 90' lang='lat' dir='ltr'><strong>iterum</strong></span> <span class='ocrx_word' id='word_1_28' title='bbox 717 1591 888 1682; x_wconf 81' lang='lat' dir='ltr'><strong>fuerunt</strong></span> <span class='ocrx_word' id='word_1_29' title='bbox 916 1628 1012 1684; x_wconf 89' lang='lat' dir='ltr'><strong>cum</strong></span> <span class='ocrx_word' id='word_1_30' title='bbox 1038 1607 1306 1687; x_wconf 84' lang='lat' dir='ltr'><strong>ambassiato-</strong></span> 
     </span>
     <span class='ocr_line' id='line_1_8' title="bbox 210 1719 1302 1824; baseline 0.005 -26"><span class='ocrx_word' id='word_1_31' title='bbox 210 1745 257 1798; x_wconf 90' lang='lat' dir='ltr'><strong>re</strong></span> <span class='ocrx_word' id='word_1_32' title='bbox 285 1719 444 1801; x_wconf 91' lang='lat' dir='ltr'><strong>domini</strong></span> <span class='ocrx_word' id='word_1_33' title='bbox 471 1719 638 1824; x_wconf 91' lang='lat' dir='ltr'><strong>despoti</strong></span> <span class='ocrx_word' id='word_1_34' title='bbox 665 1719 863 1812; x_wconf 83' lang='lat' dir='ltr'><strong>Bassiae,</strong></span> <span class='ocrx_word' id='word_1_35' title='bbox 889 1721 965 1800; x_wconf 92' lang='lat' dir='ltr'><strong>sed</strong></span> <span class='ocrx_word' id='word_1_36' title='bbox 994 1725 1066 1801; x_wconf 86' lang='lat' dir='ltr'><strong>iile</strong></span> <span class='ocrx_word' id='word_1_37' title='bbox 1094 1726 1211 1804; x_wconf 89' lang='lat' dir='ltr'><strong>stetit</strong></span> <span class='ocrx_word' id='word_1_38' title='bbox 1237 1725 1302 1804; x_wconf 88' lang='lat' dir='ltr'><strong>tir-</strong></span> 
     </span>
     <span class='ocr_line' id='line_1_9' title="bbox 211 1841 1303 1952; baseline 0.003 -31"><span class='ocrx_word' id='word_1_39' title='bbox 211 1867 303 1922; x_wconf 89' lang='lat' dir='ltr'><strong>mus</strong></span> <span class='ocrx_word' id='word_1_40' title='bbox 344 1844 386 1920; x_wconf 93' lang='lat' dir='ltr'><strong>in</strong></span> <span class='ocrx_word' id='word_1_41' title='bbox 413 1841 502 1920; x_wconf 85' lang='lat' dir='ltr'><strong>suis</strong></span> <span class='ocrx_word' id='word_1_42' title='bbox 536 1842 777 1948; x_wconf 83' lang='lat' dir='ltr'><strong>requisitis,</strong></span> <span class='ocrx_word' id='word_1_43' title='bbox 832 1903 843 1923; x_wconf 89' lang='lat'><strong>.</strong></span> <span class='ocrx_word' id='word_1_44' title='bbox 898 1900 909 1921; x_wconf 91' lang='lat'><strong>.</strong></span> <span class='ocrx_word' id='word_1_45' title='bbox 965 1902 975 1922; x_wconf 91' lang='lat'><strong>.</strong></span> <span class='ocrx_word' id='word_1_46' title='bbox 1028 1845 1155 1925; x_wconf 88' lang='lat' dir='ltr'><strong>Vadit</strong></span> <span class='ocrx_word' id='word_1_47' title='bbox 1190 1872 1303 1952; x_wconf 90' lang='lat' dir='ltr'><strong>pars,</strong></span> 
     </span>
     <span class='ocr_line' id='line_1_10' title="bbox 211 1963 1307 2069; baseline 0.002 -27"><span class='ocrx_word' id='word_1_48' title='bbox 211 1968 326 2068; x_wconf 91' lang='lat' dir='ltr'><strong>quod</strong></span> <span class='ocrx_word' id='word_1_49' title='bbox 367 1964 516 2043; x_wconf 86' lang='lat' dir='ltr'><strong>iterate</strong></span> <span class='ocrx_word' id='word_1_50' title='bbox 557 1971 655 2042; x_wconf 84' lang='lat' dir='ltr'><strong>eant</strong></span> <span class='ocrx_word' id='word_1_51' title='bbox 696 1963 931 2069; x_wconf 84' lang='lat' dir='ltr'><strong>adipsum,</strong></span> <span class='ocrx_word' id='word_1_52' title='bbox 975 1966 1009 2042; x_wconf 90' lang='lat' dir='ltr'><strong>si</strong></span> <span class='ocrx_word' id='word_1_53' title='bbox 1035 1975 1210 2068; x_wconf 86' lang='lat' dir='ltr'><strong>possent</strong></span> <span class='ocrx_word' id='word_1_54' title='bbox 1237 1967 1307 2046; x_wconf 79' lang='lat' dir='ltr'><strong>aii·</strong></span> 
     </span>
     <span class='ocr_line' id='line_1_11' title="bbox 211 2085 872 2189; baseline -0.005 -25"><span class='ocrx_word' id='word_1_55' title='bbox 211 2085 390 2189; x_wconf 90' lang='lat' dir='ltr'><strong>quidde</strong></span> <span class='ocrx_word' id='word_1_56' title='bbox 419 2108 472 2162; x_wconf 91' lang='lat' dir='ltr'><strong>eo</strong></span> <span class='ocrx_word' id='word_1_57' title='bbox 511 2085 740 2164; x_wconf 80' lang='lat' dir='ltr'><strong>extrahere</strong></span> <span class='ocrx_word' id='word_1_58' title='bbox 794 2101 816 2163; x_wconf 84' lang='grc'><strong>.’</strong></span> <span class='ocrx_word' id='word_1_59' title='bbox 861 2140 872 2161; x_wconf 93' lang='grc'><strong>.</strong></span> 
     </span>
    </p>
   </div>
   <div class='ocr_carea' id='block_1_5' title="bbox 198 2215 1439 2304">
    <p class='ocr_par' dir='ltr' id='par_1_5' title="bbox 198 2215 1439 2304">
     <span class='ocr_line' id='line_1_12' title="bbox 198 2215 1439 2304; baseline 0 -6"><span class='ocrx_word' id='word_1_60' title='bbox 198 2285 200 2290; x_wconf 96' lang='grc'>.</span> <span class='ocrx_word' id='word_1_61' title='bbox 299 2215 357 2299; x_wconf 76' lang='lat' dir='ltr'><strong>&#39;si</strong></span> <span class='ocrx_word' id='word_1_62' title='bbox 383 2223 642 2302; x_wconf 81' lang='lat' dir='ltr'><strong>venedictus</strong></span> <span class='ocrx_word' id='word_1_63' title='bbox 672 2225 952 2302; x_wconf 85' lang='lat' dir='ltr'><strong>ambassiator</strong></span> <span class='ocrx_word' id='word_1_64' title='bbox 977 2223 1082 2304; x_wconf 84' lang='lat' dir='ltr'><strong>nihii</strong></span> <span class='ocrx_word' id='word_1_65' title='bbox 1110 2223 1230 2300; x_wconf 86' lang='lat' dir='ltr'><strong>aiiud·</strong></span> <span class='ocrx_word' id='word_1_66' title='bbox 1251 2222 1306 2300; x_wconf 90' lang='lat' dir='ltr'><strong>di·</strong></span> <span class='ocrx_word' id='word_1_67' title='bbox 1433 2226 1439 2242; x_wconf 84' lang='grc'><strong>“</strong></span> 
     </span>
    </p>
   </div>
   <div class='ocr_carea' id='block_1_6' title="bbox 103 2335 1306 3538">
    <p class='ocr_par' dir='ltr' id='par_1_6' title="bbox 103 2335 1306 3538">
     <span class='ocr_line' id='line_1_13' title="bbox 211 2335 1306 2448; baseline -0.003 -22"><span class='ocrx_word' id='word_1_68' title='bbox 211 2349 344 2439; x_wconf 82' lang='lat' dir='ltr'><strong>aeret,</strong></span> <span class='ocrx_word' id='word_1_69' title='bbox 397 2401 407 2422; x_wconf 92' lang='lat'><strong>.</strong></span> <span class='ocrx_word' id='word_1_70' title='bbox 466 2401 477 2423; x_wconf 92' lang='lat'><strong>.</strong></span> <span class='ocrx_word' id='word_1_71' title='bbox 532 2399 539 2415; x_wconf 93' lang='lat'><strong><em>.</em></strong></span> <span class='ocrx_word' id='word_1_72' title='bbox 578 2350 622 2422; x_wconf 92' lang='lat' dir='ltr'><strong>et</strong></span> <span class='ocrx_word' id='word_1_73' title='bbox 646 2346 765 2448; x_wconf 89' lang='lat' dir='ltr'><strong>prius</strong></span> <span class='ocrx_word' id='word_1_74' title='bbox 793 2345 924 2424; x_wconf 85' lang='lat' dir='ltr'><strong>semei</strong></span> <span class='ocrx_word' id='word_1_75' title='bbox 951 2335 1070 2432; x_wconf 84' lang='lat' dir='ltr'><strong>dixit,</strong></span> <span class='ocrx_word' id='word_1_76' title='bbox 1097 2345 1208 2448; x_wconf 90' lang='lat' dir='ltr'><strong>quod</strong></span> <span class='ocrx_word' id='word_1_77' title='bbox 1236 2369 1306 2423; x_wconf 91' lang='lat' dir='ltr'><strong>no·</strong></span> 
     </span>
     <span class='ocr_line' id='line_1_14' title="bbox 208 2464 1306 2572; baseline -0.002 -27"><span class='ocrx_word' id='word_1_78' title='bbox 208 2465 284 2545; x_wconf 89' lang='lat' dir='ltr'><strong>stri</strong></span> <span class='ocrx_word' id='word_1_79' title='bbox 311 2464 498 2572; x_wconf 85' lang='lat' dir='ltr'><strong>deputati</strong></span> <span class='ocrx_word' id='word_1_80' title='bbox 537 2466 695 2544; x_wconf 86' lang='lat' dir='ltr'><strong>veilent</strong></span> <span class='ocrx_word' id='word_1_81' title='bbox 722 2465 802 2546; x_wconf 86' lang='lat' dir='ltr'><strong>sibi</strong></span> <span class='ocrx_word' id='word_1_82' title='bbox 832 2467 1050 2546; x_wconf 83' lang='lat' dir='ltr'><strong>declarare</strong></span> <span class='ocrx_word' id='word_1_83' title='bbox 1080 2491 1155 2564; x_wconf 84' lang='lat' dir='ltr'><strong>ea,</strong></span> <span class='ocrx_word' id='word_1_84' title='bbox 1199 2491 1306 2569; x_wconf 88' lang='lat' dir='ltr'><strong>quae</strong></span> 
     </span>
     <span class='ocr_line' id='line_1_15' title="bbox 211 2585 1300 2675; baseline 0 -9"><span class='ocrx_word' id='word_1_85' title='bbox 211 2592 355 2667; x_wconf 88' lang='lat' dir='ltr'><strong>essent</strong></span> <span class='ocrx_word' id='word_1_86' title='bbox 380 2589 488 2666; x_wconf 90' lang='lat' dir='ltr'><strong>iusta</strong></span> <span class='ocrx_word' id='word_1_87' title='bbox 517 2593 562 2664; x_wconf 86' lang='lat' dir='ltr'><strong>et</strong></span> <span class='ocrx_word' id='word_1_88' title='bbox 586 2585 783 2675; x_wconf 86' lang='lat' dir='ltr'><strong>honesta,</strong></span> <span class='ocrx_word' id='word_1_89' title='bbox 812 2586 963 2666; x_wconf 81' lang='lat' dir='ltr'><strong>dicant:</strong></span> <span class='ocrx_word' id='word_1_90' title='bbox 991 2595 1037 2664; x_wconf 90' lang='lat' dir='ltr'><strong>ut</strong></span> <span class='ocrx_word' id='word_1_91' title='bbox 1056 2588 1199 2672; x_wconf 85' lang='lat' dir='ltr'><strong>dictus¹</strong></span> <span class='ocrx_word' id='word_1_92' title='bbox 1221 2613 1300 2666; x_wconf 88' lang='lat' dir='ltr'><strong>am·</strong></span> 
     </span>
     <span class='ocr_line' id='line_1_16' title="bbox 211 2707 1306 2808; baseline 0.001 -19"><span class='ocrx_word' id='word_1_93' title='bbox 211 2711 420 2790; x_wconf 84' lang='lat' dir='ltr'><strong>bassiator</strong></span> <span class='ocrx_word' id='word_1_94' title='bbox 445 2707 587 2788; x_wconf 82' lang='lat' dir='ltr'><strong>videat</strong></span> <span class='ocrx_word' id='word_1_95' title='bbox 615 2712 657 2787; x_wconf 88' lang='lat' dir='ltr'><strong>et</strong></span> <span class='ocrx_word' id='word_1_96' title='bbox 683 2707 878 2788; x_wconf 87' lang='lat' dir='ltr'><strong>dominus</strong></span> <span class='ocrx_word' id='word_1_97' title='bbox 913 2732 1011 2786; x_wconf 89' lang='lat' dir='ltr'><strong>suus</strong></span> <span class='ocrx_word' id='word_1_98' title='bbox 1041 2721 1306 2808; x_wconf 82' lang='lat' dir='ltr'><strong>cognoscere</strong></span> 
     </span>
     <span class='ocr_line' id='line_1_17' title="bbox 210 2829 1305 2936; baseline 0 -25"><span class='ocrx_word' id='word_1_99' title='bbox 210 2830 359 2936; x_wconf 86' lang='lat' dir='ltr'><strong>possit,</strong></span> <span class='ocrx_word' id='word_1_100' title='bbox 385 2829 499 2934; x_wconf 90' lang='lat' dir='ltr'><strong>quod</strong></span> <span class='ocrx_word' id='word_1_101' title='bbox 526 2835 672 2910; x_wconf 84' lang='lat' dir='ltr'><strong>nostra</strong></span> <span class='ocrx_word' id='word_1_102' title='bbox 701 2829 934 2908; x_wconf 82' lang='lat' dir='ltr'><strong>dominatio</strong></span> <span class='ocrx_word' id='word_1_103' title='bbox 961 2831 1053 2908; x_wconf 86' lang='lat' dir='ltr'><strong>vuit</strong></span> <span class='ocrx_word' id='word_1_104' title='bbox 1079 2830 1305 2911; x_wconf 85' lang='lat' dir='ltr'><strong>ostendere</strong></span> 
     </span>
     <span class='ocr_line' id='line_1_18' title="bbox 209 2951 1304 3054; baseline 0.003 -25"><span class='ocrx_word' id='word_1_105' title='bbox 209 2951 360 3030; x_wconf 84' lang='lat' dir='ltr'><strong>bonam</strong></span> <span class='ocrx_word' id='word_1_106' title='bbox 396 2953 679 3031; x_wconf 86' lang='lat' dir='ltr'><strong>intentionem</strong></span> <span class='ocrx_word' id='word_1_107' title='bbox 707 2975 852 3042; x_wconf 87' lang='lat' dir='ltr'><strong>suam,</strong></span> <span class='ocrx_word' id='word_1_108' title='bbox 895 2975 1018 3054; x_wconf 90' lang='lat' dir='ltr'><strong>quam</strong></span> <span class='ocrx_word' id='word_1_109' title='bbox 1048 2951 1176 3032; x_wconf 89' lang='lat' dir='ltr'><strong>babet</strong></span> <span class='ocrx_word' id='word_1_110' title='bbox 1202 2977 1304 3054; x_wconf 80' lang='lat' dir='ltr'><strong>erga</strong></span> 
     </span>
     <span class='ocr_line' id='line_1_19' title="bbox 209 3071 1303 3154; baseline 0.001 -1"><span class='ocrx_word' id='word_1_111' title='bbox 209 3073 422 3154; x_wconf 89' lang='lat' dir='ltr'><strong>dominum</strong></span> <span class='ocrx_word' id='word_1_112' title='bbox 448 3095 568 3152; x_wconf 89' lang='lat' dir='ltr'><strong>suum</strong></span> <span class='ocrx_word' id='word_1_113' title='bbox 597 3079 640 3152; x_wconf 88' lang='lat' dir='ltr'><strong>et</strong></span> <span class='ocrx_word' id='word_1_114' title='bbox 661 3095 757 3150; x_wconf 90' lang='lat' dir='ltr'><strong>eum</strong></span> <span class='ocrx_word' id='word_1_115' title='bbox 784 3071 942 3151; x_wconf 89' lang='lat' dir='ltr'><strong>habere</strong></span> <span class='ocrx_word' id='word_1_116' title='bbox 969 3077 1010 3152; x_wconf 93' lang='lat' dir='ltr'><strong>in</strong></span> <span class='ocrx_word' id='word_1_117' title='bbox 1027 3073 1181 3152; x_wconf 91' lang='lat' dir='ltr'><strong>bonum</strong></span> <span class='ocrx_word' id='word_1_118' title='bbox 1210 3075 1303 3154; x_wconf 87' lang='lat' dir='ltr'><strong>ami·</strong></span> 
     </span>
     <span class='ocr_line' id='line_1_20' title="bbox 211 3189 1304 3294; baseline -0.003 -20"><span class='ocrx_word' id='word_1_119' title='bbox 211 3217 319 3287; x_wconf 87' lang='lat' dir='ltr'><strong>oum,</strong></span> <span class='ocrx_word' id='word_1_120' title='bbox 345 3217 429 3270; x_wconf 91' lang='lat' dir='ltr'><strong>non</strong></span> <span class='ocrx_word' id='word_1_121' title='bbox 459 3191 719 3270; x_wconf 78' lang='lat' dir='ltr'><strong>obstantibus</strong></span> <span class='ocrx_word' id='word_1_122' title='bbox 746 3189 833 3290; x_wconf 87' lang='lat' dir='ltr'><strong>bis,</strong></span> <span class='ocrx_word' id='word_1_123' title='bbox 876 3216 984 3294; x_wconf 84' lang='lat' dir='ltr'><strong>quae</strong></span> <span class='ocrx_word' id='word_1_124' title='bbox 1012 3194 1097 3274; x_wconf 89' lang='lat' dir='ltr'><strong>dici</strong></span> <span class='ocrx_word' id='word_1_125' title='bbox 1141 3203 1184 3275; x_wconf 89' lang='lat' dir='ltr'><strong>et</strong></span> <span class='ocrx_word' id='word_1_126' title='bbox 1210 3195 1304 3272; x_wconf 85' lang='lat' dir='ltr'><strong>aile-</strong></span> 
     </span>
     <span class='ocr_line' id='line_1_21' title="bbox 103 3311 1303 3420; baseline -0.003 -30"><span class='ocrx_word' id='word_1_127' title='bbox 103 3327 106 3332; x_wconf 85' lang='lat'>&#39;</span> <span class='ocrx_word' id='word_1_128' title='bbox 210 3314 297 3414; x_wconf 77' lang='lat' dir='ltr'><strong>gari</strong></span> <span class='ocrx_word' id='word_1_129' title='bbox 322 3311 487 3418; x_wconf 84' lang='lat' dir='ltr'><strong>possint</strong></span> <span class='ocrx_word' id='word_1_130' title='bbox 528 3317 677 3392; x_wconf 86' lang='lat' dir='ltr'><strong>eontra</strong></span> <span class='ocrx_word' id='word_1_131' title='bbox 704 3337 824 3393; x_wconf 92' lang='lat' dir='ltr'><strong>suum</strong></span> <span class='ocrx_word' id='word_1_132' title='bbox 852 3315 1096 3402; x_wconf 90' lang='lat' dir='ltr'><strong>dominum,</strong></span> <span class='ocrx_word' id='word_1_133' title='bbox 1138 3316 1303 3420; x_wconf 89' lang='lat' dir='ltr'><strong>quive.</strong></span> 
     </span>
     <span class='ocr_line' id='line_1_22' title="bbox 209 3433 1303 3538; baseline -0.001 -26"><span class='ocrx_word' id='word_1_134' title='bbox 209 3437 271 3514; x_wconf 85' lang='lat' dir='ltr'><strong>nit</strong></span> <span class='ocrx_word' id='word_1_135' title='bbox 294 3436 346 3513; x_wconf 86' lang='lat' dir='ltr'><strong>ad</strong></span> <span class='ocrx_word' id='word_1_136' title='bbox 370 3433 664 3538; x_wconf 90' lang='lat' dir='ltr'><strong>opressionem</strong></span> <span class='ocrx_word' id='word_1_137' title='bbox 693 3434 890 3513; x_wconf 87' lang='lat' dir='ltr'><strong>locorum</strong></span> <span class='ocrx_word' id='word_1_138' title='bbox 914 3441 1163 3514; x_wconf 89' lang='lat' dir='ltr'><strong>nostrorum</strong></span> <span class='ocrx_word' id='word_1_139' title='bbox 1191 3435 1303 3512; x_wconf 86' lang='lat' dir='ltr'><strong>nulla</strong></span> 
     </span>
    </p>
   </div>
   <div class='ocr_carea' id='block_1_7' title="bbox 210 3553 1420 3665">
    <p class='ocr_par' dir='ltr' id='par_1_7' title="bbox 210 3553 1420 3665">
     <span class='ocr_line' id='line_1_23' title="bbox 210 3553 1420 3665; baseline 0.004 -30"><span class='ocrx_word' id='word_1_140' title='bbox 210 3577 337 3635; x_wconf 86' lang='lat' dir='ltr'><strong>causa</strong></span> <span class='ocrx_word' id='word_1_141' title='bbox 363 3578 388 3632; x_wconf 88' lang='lat' dir='ltr'><strong>a</strong></span> <span class='ocrx_word' id='word_1_142' title='bbox 414 3559 560 3634; x_wconf 88' lang='lat' dir='ltr'><strong>nostro</strong></span> <span class='ocrx_word' id='word_1_143' title='bbox 591 3553 776 3634; x_wconf 92' lang='lat' dir='ltr'><strong>dominio</strong></span> <span class='ocrx_word' id='word_1_144' title='bbox 807 3555 1085 3660; x_wconf 76' lang='lat' dir='ltr'><strong>procedente,</strong></span> <span class='ocrx_word' id='word_1_145' title='bbox 1115 3564 1158 3634; x_wconf 90' lang='lat' dir='ltr'><strong>et</strong></span> <span class='ocrx_word' id='word_1_146' title='bbox 1186 3581 1304 3665; x_wconf 83' lang='lat' dir='ltr'><strong>acee-</strong></span> <span class='ocrx_word' id='word_1_147' title='bbox 1411 3617 1420 3640; x_wconf 83' lang='grc'><strong><em>,</em></strong></span> 
     </span>
    </p>
   </div>
   <div class='ocr_carea' id='block_1_8' title="bbox 208 3674 1303 4262">
    <p class='ocr_par' dir='ltr' id='par_1_8' title="bbox 208 3674 1303 4262">
     <span class='ocr_line' id='line_1_24' title="bbox 209 3674 1302 3782; baseline -0.003 -25"><span class='ocrx_word' id='word_1_148' title='bbox 209 3674 271 3782; x_wconf 89' lang='lat' dir='ltr'><strong>pit</strong></span> <span class='ocrx_word' id='word_1_149' title='bbox 305 3675 577 3755; x_wconf 77' lang='lat' dir='ltr'><strong>demonibus</strong></span> <span class='ocrx_word' id='word_1_150' title='bbox 615 3681 860 3758; x_wconf 87' lang='lat' dir='ltr'><strong>nostrorum</strong></span> <span class='ocrx_word' id='word_1_151' title='bbox 889 3679 1030 3759; x_wconf 87' lang='lat' dir='ltr'><strong>locum</strong></span> <span class='ocrx_word' id='word_1_152' title='bbox 1072 3676 1302 3758; x_wconf 87' lang='lat' dir='ltr'><strong>Antiba-</strong></span> 
     </span>
     <span class='ocr_line' id='line_1_25' title="bbox 209 3797 1303 3898; baseline 0.004 -24"><span class='ocrx_word' id='word_1_153' title='bbox 209 3797 272 3885; x_wconf 86' lang='lat' dir='ltr'><strong>ri‚</strong></span> <span class='ocrx_word' id='word_1_154' title='bbox 300 3803 365 3876; x_wconf 89' lang='lat' dir='ltr'><strong>est</strong></span> <span class='ocrx_word' id='word_1_155' title='bbox 392 3803 594 3876; x_wconf 86' lang='lat' dir='ltr'><strong>contenta</strong></span> <span class='ocrx_word' id='word_1_156' title='bbox 621 3799 736 3898; x_wconf 91' lang='lat' dir='ltr'><strong>quod</strong></span> <span class='ocrx_word' id='word_1_157' title='bbox 765 3797 904 3877; x_wconf 87' lang='lat' dir='ltr'><strong>dictus</strong></span> <span class='ocrx_word' id='word_1_158' title='bbox 940 3799 1303 3879; x_wconf 69' lang='lat' dir='ltr'><strong>locns&#39;Antibo·</strong></span> 
     </span>
     <span class='ocr_line' id='line_1_26' title="bbox 209 3914 1301 4011; baseline 0.005 -17"><span class='ocrx_word' id='word_1_159' title='bbox 209 3915 258 3994; x_wconf 91' lang='lat' dir='ltr'><strong>ri</strong></span> <span class='ocrx_word' id='word_1_160' title='bbox 285 3923 504 3996; x_wconf 88' lang='lat' dir='ltr'><strong>remaneat</strong></span> <span class='ocrx_word' id='word_1_161' title='bbox 529 3914 701 3994; x_wconf 92' lang='lat' dir='ltr'><strong>domino</strong></span> <span class='ocrx_word' id='word_1_162' title='bbox 730 3941 808 3995; x_wconf 85' lang='lat' dir='ltr'><strong>suo</strong></span> <span class='ocrx_word' id='word_1_163' title='bbox 838 3917 948 3996; x_wconf 87' lang='lat' dir='ltr'><strong>sicut</strong></span> <span class='ocrx_word' id='word_1_164' title='bbox 974 3917 1121 4011; x_wconf 87' lang='lat' dir='ltr'><strong>habet,</strong></span> <span class='ocrx_word' id='word_1_165' title='bbox 1148 3925 1191 3998; x_wconf 92' lang='lat' dir='ltr'><strong>et</strong></span> <span class='ocrx_word' id='word_1_166' title='bbox 1218 3919 1301 3999; x_wconf 88' lang='lat' dir='ltr'><strong>die·</strong></span> 
     </span>
     <span class='ocr_line' id='line_1_27' title="bbox 209 4036 1301 4120; baseline -0.001 0"><span class='ocrx_word' id='word_1_167' title='bbox 209 4045 276 4120; x_wconf 89' lang='lat' dir='ltr'><strong>tus</strong></span> <span class='ocrx_word' id='word_1_168' title='bbox 302 4036 496 4116; x_wconf 89' lang='lat' dir='ltr'><strong>dominus</strong></span> <span class='ocrx_word' id='word_1_169' title='bbox 522 4059 624 4113; x_wconf 89' lang='lat' dir='ltr'><strong>suus</strong></span> <span class='ocrx_word' id='word_1_170' title='bbox 652 4037 846 4116; x_wconf 85' lang='lat' dir='ltr'><strong>restituat</strong></span> <span class='ocrx_word' id='word_1_171' title='bbox 873 4039 996 4117; x_wconf 87' lang='lat' dir='ltr'><strong>nobis</strong></span> <span class='ocrx_word' id='word_1_172' title='bbox 1026 4041 1167 4119; x_wconf 82' lang='lat' dir='ltr'><strong>locum</strong></span> <span class='ocrx_word' id='word_1_173' title='bbox 1193 4041 1301 4119; x_wconf 87' lang='lat' dir='ltr'><strong>Dri-</strong></span> 
     </span>
     <span class='ocr_line' id='line_1_28' title="bbox 208 4157 1298 4262; baseline 0.003 -26"><span class='ocrx_word' id='word_1_174' title='bbox 208 4157 392 4244; x_wconf 85' lang='lat' dir='ltr'><strong>vasti3</strong></span> <span class='ocrx_word' id='word_1_175' title='bbox 423 4163 483 4236; x_wconf 84' lang='lat' dir='ltr'><strong>-et</strong></span> <span class='ocrx_word' id='word_1_176' title='bbox 508 4178 588 4236; x_wconf 90' lang='lat' dir='ltr'><strong>nos</strong></span> <span class='ocrx_word' id='word_1_177' title='bbox 617 4180 760 4236; x_wconf 90' lang='lat' dir='ltr'><strong>sumus</strong></span> <span class='ocrx_word' id='word_1_178' title='bbox 790 4159 977 4238; x_wconf 80' lang='lat' dir='ltr'><strong>contenti</strong></span> <span class='ocrx_word' id='word_1_179' title='bbox 1008 4159 1047 4238; x_wconf 94' lang='lat' dir='ltr'><strong>ei</strong></span> <span class='ocrx_word' id='word_1_180' title='bbox 1075 4162 1176 4238; x_wconf 85' lang='lat' dir='ltr'><strong>dare</strong></span> <span class='ocrx_word' id='word_1_181' title='bbox 1203 4183 1298 4262; x_wconf 91' lang='lat' dir='ltr'><strong>pro·</strong></span> 
     </span>
    </p>
   </div>
   <div class='ocr_carea' id='block_1_9' title="bbox 208 4277 1298 4466">
    <p class='ocr_par' dir='ltr' id='par_1_9' title="bbox 208 4277 1298 4466">
     <span class='ocr_line' id='line_1_29' title="bbox 208 4277 1298 4384; baseline 0.001 -25"><span class='ocrx_word' id='word_1_182' title='bbox 208 4279 414 4359; x_wconf 85' lang='lat' dir='ltr'><strong>visionem</strong></span> <span class='ocrx_word' id='word_1_183' title='bbox 442 4301 567 4384; x_wconf 85' lang='lat' dir='ltr'><strong>qnam</strong></span> <span class='ocrx_word' id='word_1_184' title='bbox 595 4277 796 4360; x_wconf 86' lang='lat' dir='ltr'><strong>dabamus</strong></span> <span class='ocrx_word' id='word_1_185' title='bbox 826 4281 1006 4362; x_wconf 83' lang='lat' dir='ltr'><strong>condam</strong></span> <span class='ocrx_word' id='word_1_186' title='bbox 1036 4279 1298 4382; x_wconf 80' lang='lat' dir='ltr'><strong>Georgia</strong></span> 
     </span>
     <span class='ocr_line' id='line_1_30' title="bbox 1055 4401 1096 4466; baseline 0 -27"><span class='ocrx_word' id='word_1_187' title='bbox 1055 4401 1096 4466; x_wconf 59' lang='lat'><strong>5*</strong></span> 
     </span>
    </p>
   </div>
   <div class='ocr_carea' id='block_1_10' title="bbox 0 0 1622 5116">
    <p class='ocr_par' dir='ltr' id='par_1_10' title="bbox 0 0 1622 5116">
     <span class='ocr_line' id='line_1_31' title="bbox 0 0 1622 5116; baseline 0 0"><span class='ocrx_word' id='word_1_188' title='bbox 0 0 1622 5116; x_wconf 95' lang='lat' dir='ltr'><strong> </strong></span> 
     </span>
    </p>
   </div>
  </div>
 </body>
</html>
