3186 5112
1180 411 1246 484 m

152 631 283 700 strum
310 621 544 699 dominium
573 618 795 706 similiter,
837 619 961 696 deum
992 627 1035 700 et
1061 617 1244 702 hnmani·

27 781 28 788 1
153 751 279 822 tatem
309 745 525 829 colentes,
569 741 738 818 luerunt
784 741 954 838 benigni
984 751 1026 822 et
1055 744 1245 824 latissimi

27 853 28 858 Ν
152 865 202 944 ad
229 859 730 969 parcendum'omnibus
775 859 1120 961 recognitoribns
1163 865 1244 944 cnl-

150 1009 230 1088 pae
258 1008 373 1072 suae,
405 991 447 1063 et
473 987 805 1089 postposuerunt
833 988 875 1058 et
896 980 1016 1060 obliti
1046 993 1245 1092 suntom·

27 1109 28 1116 '
149 1131 223 1184 nes
251 1107 425 1185 iniurias
455 1111 497 1183 et
512 1105 707 1190 offensas,
735 1101 844 1180 siout
871 1113 1045 1207 apparet
1067 1131 1245 1210 operum
1342 1203 1343 1206 p

149 1251 229 1330 per
250 1229 465 1307 effectum.
519 1226 618 1304 Nam
661 1223 817 1301 totiens
859 1223 1025 1301 domina
1065 1225 1245 1310 illene

27 1351 28 1356 ‘
149 1359 192 1426 et
231 1349 341 1428 filius
378 1351 572 1427 lecerunt
614 1347 713 1424 latas
754 1343 1061 1449 promissiones
1090 1359 1132 1429 et
1160 1351 1245 1429 evi·

27 1541 28 1550 ,
149 1469 301 1547 denter
328 1469 590 1547 deffecernnt
618 1465 699 1545 lide
727 1491 824 1554 sua,
867 1473 911 1544 et
936 1465 1040 1545 nibil
1069 1468 1121 1546 de
1149 1496 1247 1573 pro.

27 1593 29 1604 '
148 1591 292 1666 missis
321 1592 609 1678 obtinuerunt
639 1593 682 1664 et
709 1611 820 1666 nuno
848 1586 900 1664 de
928 1613 1040 1667 noro
1066 1593 1159 1670 curi
1188 1595 1245 1674 le·

151 1717 303 1789 cerunt
331 1711 598 1789 territorium
627 1715 847 1797 nostrum,
888 1715 930 1785 et
957 1711 1244 1793 damnificare·

149 1839 247 1908 runt
273 1831 464 1908 subditos
493 1829 699 1908 utlideles
728 1833 902 1906 nostros
920 1827 1126 1910 dictarum
1155 1855 1246 1936 par·

150 1951 267 2028 tium.
315 1952 516 2028 Actamen
544 1949 683 2036 adhuc
712 1949 753 2026 in
783 1948 1136 2050 complacentiam
1164 1977 1244 2046 ma·

150 2069 421 2167 gnificentiae
463 2093 562 2146 suae
604 2092 746 2145 sumus
785 2068 919 2167 parati
946 2067 1027 2145 sibi
1055 2093 1247 2170 parcere;

152 2191 207 2268 ita
236 2192 349 2292 quod
378 2191 414 2266 si
441 2191 581 2294 placet
609 2187 833 2288 magnifico
863 2187 1097 2269 domino
1125 2191 1245 2270 Vol·
1369 2189 1374 2208 '

27 2307 28 2392 J
152 2314 259 2391 cbo
291 2313 540 2413 praedicto,
580 2311 690 2386 velle
719 2309 886 2388 mittere
916 2307 1244 2398 ambassiatores

27 2475 29 2492 ι
150 2455 251 2510 suos
279 2430 514 2533 superbae
543 2432 729 2520 materia,
758 2437 799 2508 et
814 2429 1008 2506 similiter
1023 2453 1101 2532 per
1129 2431 1246 2535 ipsos

27 2553 29 2582 ¹
151 2553 380 2640 Balsam
422 2558 669 2632 et‘matrem
710 2551 761 2632 ad
789 2557 979 2628 nostrum
1006 2551 1246 2640 dominium,

27 2735 28 2774 ᾖ
153 2697 247 2748 cum
290 2673 371 2751 illis
414 2673 758 2775 requisitionibus
789 2679 832 2748 et
858 2670 1021 2763 medie,
1062 2674 1139 2775 qui
1162 2673 1245 2752 sint

27 2831 29 2868 r
142 2791 246 2896 justi
275 2799 317 2868 et
342 2791 616 2870 rationabiles
646 2801 688 2870 et
715 2790 897 2882 bonesti,
926 2799 1026 2872 tuno
1054 2792 1246 2894 provide·

149 2909 285 2988 bimus
326 2919 368 2990 et
398 2913 554 2990 erimus
587 2913 789 3004 ¹contenti
830 2912 972 2990 lacere
1013 2911 1065 2990 de
1105 2916 1245 3004 rebus,

151 3055 260 3130 quae
288 3031 367 3109 sint
395 3035 627 3111 secundum
655 3032 779 3110 deum
808 3037 851 3110 et
870 3031 1080 3110 honorem
1109 3035 1244 3110 nostri

27 3143 29 3216 l
150 3151 353 3253 dominii,
393 3159 436 3230 et
463 3153 516 3228 de
544 3151 694 3253 quibus
735 3151 813 3253 ipsi
854 3158 1053 3253 poterunt
1094 3155 1245 3230 merito

27 3351 29 3358 ,
151 3273 397 3365 contentari,
426 3273 654 3364 dummodo
683 3272 908 3375 dispositio
936 3299 1010 3352 sna
1030 3272 1085 3350 sit
1103 3275 1244 3352 obser·

153 3393 275 3470 vendi
304 3393 345 3470 id
375 3392 488 3494 quod
533 3393 806 3472 effectualiter
841 3393 1059 3494 promittet
1094 3399 1245 3470 nostro

151 3513 358 3590 dominio.
391 3510 494 3589 Cum
512 3511 771 3602 conditione,
797 3511 910 3612 quod
940 3521 1117 3615 utraque
1147 3537 1244 3614 pars

151 3630 323 3708 interim
349 3633 502 3710 debeat
529 3626 812 3710 se'abstiuere
840 3631 892 3710 de
915 3633 1012 3710 inde
1040 3632 1090 3708 ab
1120 3633 1245 3710 offen·

152 3751 212 3830 sis
241 3753 434 3831 omnibus
465 3759 515 3828 et
534 3747 694 3829 damnis
725 3751 980 3841 inferendis,
1013 3776 1245 3854 ,quousque

153 3871 467 3952 ambaxi'atores
522 3871 751 3957 redierint,
782 3880 833 3949 ‹et
874 3872 986 3972 qnod
1037 3870 1246 3953 videbitur

153 3991 254 4093 quid
282 3989 452 4069 debebit
477 3993 597 4095 sequi
623 3993 665 4070 in
695 3991 807 4070 facto
837 3992 1092 4094 praedicto„
1119 4019 1247 4096 super

154 4113 306 4212 quibus
335 4118 529 4204 rectores
557 4108 712 4208 nostri,
746 4109 895 4214 quibus
921 4112 1050 4190 scribi
1078 4114 1244 4214 debeat,

27 4313 29 4332 γ
154 4232 336 4312 debeant
362 4257 442 4311 nos
471 4241 614 4337 presto
644 4236 697 4312 de
726 4233 919 4312 omnibus
947 4233 1194 4320 informare.

502 4372 597 4439 misti
619 4371 678 4438 del
700 4371 843 4440 Sancto
865 4369 1026 4439 xbvffl.
1050 4374 1106 4438 ob.
1131 4373 1203 4438 1⁷2.
