3212 5116
431 564 541 662 Chi
573 586 682 660 1385.
710 581 920 662 ludici.
948 581 1019 662 lx.
1048 589 1086 661 5.
1113 557 1442 666 Octobris..

378 726 581 782 3auuroueao
614 697 762 779 uacuare
787 737 848 790 pua
885 735 1096 792 normanna,
1121 737 1184 778 sou
1219 739 1256 792 aa
1282 739 1464 799 uocpeayro

383 846 418 885 aa
443 845 535 903 unpn
566 828 692 900 nauaby
717 841 819 900 apaan
866 829 1077 900 Pamnornu
1104 843 1293 902 rocuopapa
1330 833 1463 888 Bauna.

480 943 621 1048 Capta:
650 943 752 1042 Quia
776 944 1005 1021 secundum
1035 966 1196 1022 morem
1224 945 1465 1046 progenito-

379 1090 472 1140 rum
500 1071 741 1143 nostrorum
770 1087 941 1166 semper
968 1063 1113 1154 fuitei
1140 1071 1215 1154 ast,
1230 1087 1464 1166 procurare

376 1210 524 1288 pacem
554 1191 596 1264 et
624 1185 895 1264 concordiam
922 1183 1248 1263 interhabentes
1277 1185 1466 1262 differen-

378 1305 453 1382 tius
481 1313 522 1384 et
550 1304 782 1384 discordias
825 1305 935 1382 inter
962 1327 1034 1400 se,
1065 1288 1108 1382 el
1142 1305 1390 1410 specialiter
1410 1307 1465 1382 in·

378 1435 443 1504 ter
468 1426 564 1503 illos
593 1427 804 1514 dominos,
832 1423 905 1528 qui
932 1449 1103 1527 semper
1130 1424 1464 1502 lueruntetsuut

276 1617 279 1624 .
377 1548 484 1624 bene
513 1548 706 1650 dispositi
734 1569 836 1646 erga
862 1552 1031 1625 nostros
1054 1545 1256 1632 honores,
1285 1551 1327 1622 et
1355 1569 1464 1623 com·

376 1667 501 1744 moda
555 1691 605 1746 ac
646 1667 841 1746 utilitates
881 1675 1167 1746 mercatorum
1207 1673 1461 1755 nostrornm;

375 1795 416 1864 et
443 1777 557 1865 sicut
583 1787 803 1864 habuimus
831 1809 909 1890 per
935 1787 1092 1865 litteras
1121 1787 1341 1891 speciales,
1382 1809 1461 1862 ma·

376 1908 485 1983 xime
540 1907 800 1986 differentiae
842 1913 885 1984 et
925 1908 1165 1987 discordiae
1219 1906 1383 1984 inerant
1421 1913 1464 1982 et

375 2031 469 2102 sunt·
498 2025 608 2124 inter
649 2025 940 2105 dominum
981 2051 1176 2128 regem
1217 2023 1463 2103 Bassiae

377 2152 675 2245 exunaparte‚
703 2145 1063 2224 etdominum
1091 2145 1312 2223 Balsam
1341 2143 1463 2223 exal-

377 2273 480 2360 tem,
507 2275 684 2371 propter
721 2291 823 2369 quas
865 2267 1120 2345 differentias
1159 2265 1314 2346 subditi
1342 2275 1383 2344 et
1410 2266 1463 2342 ci·

375 2410 449 2462 res
477 2389 623 2474 nostri,
652 2395 954 2466 conversantes
981 2385 1021 2464 in
1050 2388 1174 2465 terris
1202 2395 1245 2464 et
1272 2383 1461 2490 partibus

376 2502 591 2584 maritimis
631 2507 949 2610 praedictorum
991 2504 1267 2594 dominorum,
1295 2509 1464 2606 portant

375 2626 549 2730 dampna
589 2629 781 2718 maxima;
811 2633 853 2706 et
885 2629 982 2706 utile
1023 2628 1075 2706 sit
1103 2635 1145 2706 et
1178 2650 1256 2729 pro
1297 2625 1464 2702 honore

376 2749 512 2826 nostri
566 2750 738 2828 dominii
780 2751 928 2836 faciat,
982 2751 1258 2852 interponere
1298 2771 1377 2824 nos
1421 2751 1465 2821 et

376 2869 559 2943 tractare
588 2891 738 2971 pacem
752 2877 794 2948 et
823 2869 1101 2949 concordium
1128 2869 1238 2946 inter
1265 2866 1463 2944 dominos

375 2986 643 3088 praedictos,
687 3016 781 3068 curn
821 2989 907 3070 hoc
933 2991 989 3068 sit
1015 2989 1067 3066 de
1107 2995 1249 3066 mente
1277 2994 1320 3064 et
1353 2988 1463 3064 bene

374 3104 528 3206 placito
558 3109 713 3187 domini
743 3111 853 3212 regis
882 3109 1050 3201 Raxiae,
1080 3109 1150 3213 qui
1183 3105 1306 3185 nobie
1335 3105 1463 3208 scrip-

375 3225 428 3302 sit
456 3253 550 3305 cum
591 3230 769 3307 maxima
801 3230 990 3310 instantia
1030 3253 1159 3332 snper
1198 3229 1309 3316 hoc,
1350 3223 1464 3302 vadit

374 3370 484 3450 pars:
510 3374 588 3452 pro
606 3349 800 3430 iaciendo
830 3353 965 3431 dictos
994 3349 1190 3428 dominos
1216 3345 1339 3426 nobis
1367 3367 1488 3450 pro·'

373 3465 501 3568 pitius
528 3473 571 3547 et
598 3471 843 3561 benevolos;
872 3454 984 3574 quod
1014 3471 1234 3571 elligantur
1269 3467 1351 3544 duo
1379 3489 1461 3542 am·

374 3586 613 3670 bassatores
639 3616 717 3696 per
743 3593 844 3672 duas
872 3617 1017 3670 manus
1060 3593 1331 3678 electionum,
1367 3587 1460 3664 mis·

374 3717 417 3787 to
448 3710 637 3804 consilio,
664 3709 909 3816 rogatorum
937 3721 980 3792 et
1007 3710 1258 3800 additurum,
1284 3716 1463 3788 etunam

373 3853 451 3936 per
478 3831 753 3935 scrnptinium
781 3833 1072 3914 interdictum
1103 3831 1325 3912 consilium
1354 3827 1461 3932 oapi·

375 3955 462 4026 tum
491 3959 534 4030 et
559 3955 792 4056 sapientum
823 3961 987 4037 consilii
1016 3963 1057 4035 et
1083 3951 1314 4057 sapientum
1351 3949 1460 4030 ordi·
1497 4025 1501 4036 ,

373 4093 483 4148 num.
511 4071 589 4170 Qui
616 4075 777 4155 habere
807 4079 987 4158 debeant
1014 4079 1067 4155 de
1094 4069 1245 4152 salario
1271 4071 1338 4150 vel
1366 4095 1462 4174 pro·

370 4189 531 4270 visione
559 4217 638 4298 pro
666 4201 757 4276 totu
783 4199 862 4276 ista
888 4203 1105 4288 ambuxata
1141 4195 1317 4272 ducatos
1345 4192 1458 4293 quin·
