3154 5102
296 599 584 669 anensem,
619 577 714 664 misi
751 600 846 660 oum
874 580 1071 683 potantia,
1098 583 1148 660 ad
1175 564 1396 664 detenden-

297 699 393 777 dum
422 703 464 778 et
492 701 841 779 manutenendum
870 706 913 782 et
938 703 1244 806 protegendum
1280 728 1396 809 prae·

297 819 434 899 dictos
460 817 724 910 Jedratinos,
763 826 971 927 tamquam
1000 821 1263 902 obedientiae
1289 821 1396 903 filios

298 949 340 1021 at
366 943 560 1030 devotos,
588 952 734 1030 contra
763 946 950 1022 Venetos
978 945 1259 1047 supradictos.
1286 945 1396 1025 Sane

297 1065 393 1170 quia
432 1063 532 1175 dicti
570 1065 788 1144 Veneti
829 1065 1029 1145 continue
1075 1072 1219 1144 tenent
1257 1068 1396 1168 galeas

297 1191 493 1266 armatasx
514 1189 609 1264 ante
643 1183 906 1275 dadram,
949 1187 988 1262 in
1024 1185 1167 1266 insulis
1206 1187 1395 1290 ipsorum

208 1351 212 1364 ι
297 1303 563 1397 devastando;
590 1331 669 1385 neo
696 1306 929 1386 habeamus
959 1307 1009 1384 ad
1037 1331 1238 1412 praesens
1257 1309 1396 1408 galeas
1455 1405 1460 1422 Ι

296 1426 351 1508 ad
374 1426 627 1506 obviandum
667 1428 826 1506 eisdem
853 1428 1092 1516 hostiliter,
1128 1427 1238 1506 sicut
1270 1427 1396 1506 decet
1475 1457 1478 1462 ·

296 1546 522 1627 rebellibus
550 1549 778 1646 ecclesiae,
815 1549 1021 1628 sanctitati
1043 1556 1213 1627 vostrae
1232 1549 1396 1652 placeat

295 1670 348 1746 dc
375 1667 628 1768 benignitate
657 1676 859 1749 consueta
887 1669 1024 1748 taliter
1046 1693 1175 1773 super
1188 1667 1276 1748 boo
1302 1695 1396 1774 pro.

247 1837 250 1842 ·
295 1789 462 1879 videro,
503 1789 613 1893 quod
645 1790 756 1871 ,dicti
784 1791 988 1870 dadratini
1024 1789 1170 1870 iideles
1196 1794 1326 1870 vestri
1353 1801 1397 1872 et

295 1911 450 1996 devoti,
477 1933 562 1988 non
601 1913 763 2016 possint
809 1935 888 1992 nac
934 1912 1099 1989 valeant
1142 1933 1222 2013 per
1259 1911 1396 1994 dictos

294 2036 483 2112 Venetos
517 2033 585 2111 rel
618 2057 699 2136 per
736 2034 898 2137 aliquos
935 2033 1095 2112 amicos
1132 2041 1177 2110 et
1210 2034 1395 2114 ἰειιῑοεεε

295 2179 458 2244 corum,
491 2179 622 2259 prece
651 2161 693 2234 et
719 2155 869 2259 precio
900 2155 1091 2241 iniectos,
1108 2154 1236 2234 modo
1253 2156 1394 2258 aliquo

294 2276 483 2377 agravari
509 2278 576 2354 vel
604 2275 834 2380 aliqualiter
869 2275 1111 2366 molestari,
1147 2300 1242 2354 cum
1271 2279 1396 2381 aliqui

295 2397 412 2488 obliti
439 2421 538 2476 suaa
566 2397 707 2476 salutis
734 2399 935 2500 propriae
965 2403 1010 2475 et
1034 2397 1215 2476 mandati
1247 2399 1395 2478 vicarii

292 2519 426 2598 lahsu
443 2517 611 2608 Christi,
639 2525 722 2597 tam
738 2518 845 2621 apud
871 2517 1123 2624 Ferariam
1153 2543 1254 2596 ausu
1270 2527 1394 2598 teme·

293 2643 406 2720 rario
443 2667 490 2720 se
528 2639 825 2744 opposuerint,
866 2647 955 2718 toto
996 2663 1123 2743 posse
1164 2641 1393 2732 manifeste,

296 2785 419 2868 qnam
448 2762 519 2840 bic
546 2785 767 2866 opponere
796 2767 944 2840 contra
971 2761 1295 2853 nosvidcantur3
1316 2763 1393 2841 sed

292 2883 408 2988 quod
436 2881 557 2962 liberi
585 2887 626 2959 at
652 2882 793 2962 securi
807 2882 983 2985 praelati
996 2881 1200 2961 dadratini
1226 2889 1392 2962 vestrae

193 3099 196 3106 Δ
295 3003 522 3084 sanctitatis
563 3003 769 3081 mediante
798 3003 1001 3094 consilio,
1038 3003 1220 3094 auxilio,
1253 3008 1393 3108 protea

294 3127 437 3206 ctione
465 3123 640 3230 speciali
668 3131 710 3201 et
738 3125 896 3213 lavore,
924 3125 1069 3228 sicque
1103 3130 1392 3226 protegantur,

294 3245 406 3350 quod
442 3246 510 3324 alii
548 3245 701 3324 exinde
741 3246 956 3348 speculum
985 3249 1028 3323 et
1054 3245 1290 3347 exemplum
1323 3244 1395 3322 hac

292 3367 438 3455 beant,
478 3365 622 3445 similia
657 3366 746 3444 sive
775 3363 1015 3445 efficaciora
1044 3365 1178 3469 aliqua
1204 3365 1394 3444 securius

294 3485 471 3564 faciendi
512 3509 562 3566 ac
600 3490 769 3564 vestrae
808 3486 1039 3564 sanctitatis
1078 3482 1325 3589 benplacitis
1352 3495 1395 3564 et

293 3608 494 3686 mandatis
534 3629 612 3709 per
653 3610 794 3684 omnia
837 3630 932 3686 cum
974 3605 1216 3684 obedientia
1254 3605 1394 3683 debita

294 3728 598 3832 complacendi,
627 3737 670 3808 ct
697 3729 809 3832 quod
832 3729 982 3806 Veneti
1015 3729 1212 3807 antedicti
1240 3728 1292 3806 de
1320 3751 1394 3806 sua

291 3849 506 3956 protervia
547 3873 631 3928 uon
672 3850 836 3954 possint
877 3849 1051 3953 amplius
1090 3848 1286 3950 gloriari,
1317 3847 1391 3926 sed

269 3993 441 4068 ¹corum
468 3993 576 4074 pena
604 3977 648 4047 et
675 3969 889 4049 correctio
919 3971 972 4048 sit
998 3968 1389 4066 metusmultorum‚

295 4099 338 4171 at
363 4090 575 4196 deinceps·
600 4113 686 4170 non
714 4095 889 4170 attentet
916 4088 1088 4194 aliquis,
1116 4113 1197 4168 nec
1224 4108 1390 4192 praesu·

298 4217 382 4292 mat
422 4212 570 4308 similia
611 4220 756 4292 contra
796 4213 1023 4292 Romanum
1065 4211 1307 4316 pontificem
1347 4216 1395 4288 ct
