3226 5112
183 637 421 714 precamus,
448 613 561 716 qnod
590 637 670 718 pro
700 615 908 696 amicitiae
936 623 978 696 et
1006 619 1164 699 amoris
1185 649 1280 702 nos.

182 739 238 818 tri
266 735 604 827 conservatione,
633 739 761 836 utque
791 743 932 816 cesset
954 741 1091 820 omnis
1107 745 1281 822 materia

185 857 391 946 scandali,
421 859 460 936 ei
488 857 654 960 placeat
682 856 776 936 loca
803 858 983 960 praefati
1009 861 1167 940 domini
1192 864 1280 944 des·

180 977 275 1082 poti
303 1003 388 1056 non
417 977 673 1066 molestare,
714 981 757 1053 et
795 979 830 1055 si
860 1003 985 1080 quem
1021 1005 1074 1058 ex
1103 981 1280 1060 subditis

182 1098 339 1178 domini
365 1098 532 1201 despoti
559 1099 640 1176 iam
667 1095 746 1176 sub
773 1125 820 1179 se
844 1101 1094 1206 accepisset,
1121 1127 1216 1182 eum
1238 1105 1280 1183 li·
1392 1086 1397 1092 ¹

185 1223 362 1307 berare,
392 1219 587 1322 quoniam
616 1228 662 1300 ut
689 1219 992 1323 praediximus,
1021 1250 1106 1302 non
1135 1249 1280 1328 posse·

182 1367 274 1419 murs
303 1342 425 1420 aliter
453 1341 619 1430 lacere,
660 1366 784 1443 quom
815 1367 907 1422 cnm
935 1346 1126 1443 gentibus
1154 1354 1198 1423 et
1224 1348 1279 1424 vi·
1329 1438 1336 1452 1

183 1461 300 1542 ribus
327 1460 487 1542 nostris
515 1462 616 1565 ipsis
644 1461 750 1540 locis
778 1462 922 1542 lavere
962 1473 1005 1544 et
1041 1465 1280 1546 subvenire.

284 1583 335 1662 ut
363 1584 398 1660 si
425 1583 517 1686 ipse
556 1607 754 1662 comes
782 1581 1071 1664 stefanus
1107 1593 1277 1666 conten·

186 1703 344 1782 tabitur
371 1701 480 1781 bene
507 1759 673 1782 .....
710 1701 902 1782 debeatis
940 1729 1035 1784 cum
1064 1729 1138 1784 sua
1166 1708 1277 1786 bona

183 1821 353 1902 licentia
383 1823 522 1900 redire
551 1822 868 1903 Scutarum
898 1831 939 1903 et
965 1847 1042 1904 nos
1069 1825 1121 1902 de
1149 1826 1278 1904 omni·

181 1944 259 2023 bus
286 1945 490 2022 advisere.

283 2066 328 2144 Si
355 2090 460 2143 vcro
486 2063 599 2142 idem
628 2087 778 2144 comes
810 2065 1006 2145 ltelanus
1032 2093 1079 2148 se
1103 2091 1276 2148 excausa·

183 2191 250 2263 ret
289 2193 332 2264 et
358 2185 493 2263 nollet
532 2185 832 2266 seabstinere
872 2187 923 2262 ab
959 2188 1276 2268 intromissione

181 2304 389 2384 dictorum
406 2307 602 2384 locorum
633 2305 919 2395 Albaniae,
946 2308 1138 2385 volumus
1161 2307 1277 2409 qnod
1352 2311 1359 2334 ⁸

183 2424 222 2502 ei
250 2425 412 2513 dicatis,
439 2427 552 2528 qnod
583 2426 664 2504 tale
691 2449 774 2502 non
803 2425 1278 2535 expectabatisrespon·

183 2569 314 2638 sum,
341 2603 352 2624 .
379 2603 388 2622 .
416 2603 427 2624 .
455 2552 498 2624 et
526 2545 640 2648 quod
668 2570 751 2624 non
780 2571 1006 2648 possumus
1033 2546 1153 2626 aliter
1168 2547 1279 2626 iace·

181 2692 241 2757 re,
270 2691 394 2770 quam
427 2679 550 2771 pacta
578 2693 687 2772 quae
717 2694 812 2746 cum
841 2671 957 2780 dicto
985 2669 1157 2748 domino
1185 2669 1277 2748 des·

115 2885 120 2893 ¹
181 2795 286 2893 poto
314 2789 521 2870 babemus
550 2791 795 2877 observare,
837 2797 880 2869 et
907 2790 1013 2868 locis
1049 2790 1275 2895 praedictis

182 2909 427 3002 subvenirc;
455 2920 497 2990 et
512 2921 674 3018 sumpta
703 2939 725 2992 a
742 2933 816 2988 sua
830 2908 1138 3011 magnificentia
1153 2909 1276 2989 licen·

181 3033 251 3119 tia,
279 3057 356 3110 vos
383 3031 621 3132 intelligere
637 3031 826 3110 debeatis
842 3055 937 3111 cum
952 3033 1110 3112 comite
1126 3039 1274 3110 nostro

181 3151 398 3245 Catari,
439 3160 482 3231 et
521 3155 561 3232 in
590 3155 658 3232 dei
698 3157 895 3244 nomine,
938 3155 1032 3234 loca
1060 3151 1274 3256 praedicta

181 3272 401 3354 domini
442 3275 691 3378 despoti
729 3276 806 3352 sub
844 3274 1084 3355 obedientia
1113 3281 1275 3378 etpro-

179 3393 365 3472 tectiona
394 3403 538 3474 nostra
566 3395 779 3499 accipere,
822 3395 943 3473 etad
971 3393 1205 3473 custodiam
1233 3400 1275 3471 et

180 3509 469 3592 defensionem
498 3537 648 3593 corum
677 3515 820 3595 facere
842 3538 991 3592 omnes
1006 3513 1273 3618 provisiones

178 3631 299 3711 vobis
325 3634 564 3738 possibiles,
592 3643 635 3713 et
661 3635 714 3714 dc
741 3637 808 3712 his
837 3660 946 3740 quae
970 3645 1177 3715 executus
1192 3633 1276 3710 lue·

179 3753 281 3842 ritis,
310 3779 389 3834 nos
415 3755 531 3834 omrai
557 3781 653 3834 cnm
670 3755 902 3842 ,celeritate
930 3753 1121 3860 possibili
1142 3751 1273 3855 dupli·

179 3877 284 3952 catis
313 3876 534 3954 autetiam
563 3877 781 3980 triplicatis
812 3877 964 3956 litteris
987 3874 1140 3954 vestris
1167 3871 1275 3952 advi-

178 4018 287 4074 sare.

480 4134 587 4202 Scor.
611 4153 710 4200 cons.
735 4143 856 4224 rogat.
879 4133 955 4201 Lib.
979 4132 1053 4200 XV.
1078 4131 1230 4201 oblili.
