3220 5118
336 615 435 696 flant
474 612 525 690 od
554 629 760 714 expensos
788 605 925 690 nostri
961 608 1154 703 dominii,
1195 611 1420 691 dummodo

336 758 419 812 non
447 733 655 812 excedant
680 728 876 808 introitus
904 735 1074 809 nostros
1102 730 1243 810 Ceto
1260 732 1324 809 ri.

438 886 501 968 Ad
528 893 583 964 te
599 884 676 962 nti
693 908 720 959 ιι
736 907 789 958 m·
817 881 981 959 tenoris
1009 884 1302 990 infrascriptis
1321 883 1426 963 Item

336 1011 375 1088 le
403 1007 501 1084 viiie
528 1029 552 1083 e
595 1005 609 1081 i
635 1003 808 1080 homeui
835 1002 1039 1108 aquistudi
1067 1029 1221 1084 somno
1250 1003 1426 1092 menodi,

329 1125 505 1230 ‘aliquali
533 1153 566 1204 e
584 1146 807 1228 promesso
835 1122 1070 1222 permissi·
1098 1127 1139 1204 le
1169 1135 1308 1216 conte,
1336 1149 1360 1203 e
1384 1125 1426 1202 io

338 1247 541 1350 deputo,
582 1244 663 1321 ohe
690 1267 775 1320 non
804 1241 921 1318 siano
949 1244 1043 1320 nexi
1071 1247 1202 1325 maio
1240 1245 1428 1333 Balsa,

338 1390 406 1444 mo
435 1387 602 1466 semper
630 1369 799 1440 restano
828 1383 946 1438 esser
973 1363 1181 1442 servidori
1210 1366 1263 1443 de
1290 1365 1332 1444 ia
1358 1387 1427 1440 vo·

339 1495 424 1565 stra
462 1483 675 1583 signonio,
719 1479 984 1583 suplichemo
1028 1484 1064 1560 io
1104 1489 1248 1562 vostro
1286 1483 1428 1583 grstia,

341 1605 421 1686 che
463 1603 514 1680 de
532 1631 535 1638 ⁴
556 1627 607 1681 zo
638 1602 701 1678 ior
742 1599 803 1676 sie
831 1600 1045 1681 effenmudi
1073 1611 1151 1708 'per
1176 1612 1322 1683 vostro
1350 1603 1430 1707 pni-

340 1725 524 1826 viiegio,
554 1747 653 1800 azo
684 1719 763 1800 che
793 1721 822 1798 li
848 1723 945 1800 sitsi
971 1722 1092 1803 hubin
1121 1727 1205 1804 bon
1235 1723 1428 1828 exemplo

338 1873 419 1955 pen
445 1847 508 1926 int·
536 1846 577 1922 io
605 1843 762 1922 simeln.
813 1841 1214 1948 Respondemus
1241 1845 1355 1946 quod
1383 1843 1431 1922 si·

342 1993 434 2047 mus
472 1965 661 2045 contenti
690 1961 742 2039 de
769 1963 1057 2067 promissione
1096 1967 1206 2046 seete
1245 1987 1324 2070 pen
1365 1987 1430 2042 oo·

340 2089 484 2168 mitem
511 2092 705 2163 nostrum
746 2083 986 2161 hominibus
1028 2085 1211 2164 indicto
1247 2083 1431 2188 capitulo

343 2211 567 2300 contentis,
583 2211 625 2282 et
638 2205 873 2285 scribemus
901 2206 1047 2286 comiti
1073 2209 1221 2284 nostro
1245 2201 1432 2309 praedio·

340 2343 399 2420 to,
427 2329 539 2434 quod
566 2325 779 2430 promisso
821 2351 901 2429 pen
928 2351 1023 2402 eum
1050 2325 1291 2403 hominibus
1317 2321 1431 2400 Bal·

342 2477 462 2539 soe,
502 2448 573 2550 qui
600 2453 809 2523 venerunt
844 2445 896 2524 nd
924 2445 1209 2525 obedientiam
1236 2451 1434 2530 nostram,

342 2578 507 2657 debent·
532 2566 775 2646 hominibus
811 2564 1034 2668 praedietis
1063 2567 1307 2645 observare.

444 2726 508 2809 Ad
538 2727 780 2827 quartum
810 2724 1056 2800 continens:
1097 2721 1202 2800 item
1231 2715 1435 2822 supiioho·

343 2877 411 2932 mo
440 2851 479 2927 la
506 2851 649 2923 vostro
677 2843 831 2942 gratia,
860 2843 941 2920 che
969 2868 1024 2920 ne
1053 2839 1275 2920 ooncednti
1303 2839 1341 2917 lo
1368 2863 1434 2917 co·

343 2968 490 3077 piade
519 2965 558 3043 ie
585 2968 706 3067 parte
733 2983 891 3065 prem,
935 2960 1014 3040 che
1043 2961 1154 3038 oveti
1192 2959 1244 3038 de
1273 2959 1302 3035 ii
1330 2957 1439 3038 Cle·

343 3089 444 3169 rizi
486 3085 538 3163 de
568 3084 594 3164 li
624 3083 691 3160 ion
718 3079 936 3169 beneficii,
977 3105 1078 3159 azo
1112 3079 1312 3160 scandolo
1351 3103 1433 3156 non

343 3209 541 3289 habiomo
585 3205 691 3280 inis
732 3209 877 3279 nostra
905 3201 1069 3294 citade,
1109 3201 1190 3281 che
1217 3225 1302 3278 non
1329 3200 1433 3278 uude

344 3333 443 3407 luno
473 3331 620 3405 contro
649 3323 661 3399 Ι
689 3323 824 3420 nitro,
860 3320 1122 3425 impetrando
1163 3321 1176 3398 i
1204 3347 1282 3398 suo
1311 3319 1432 3397 bene·

344 3448 453 3536 ficii;
491 3441 894 3545 Respondemus
936 3439 1049 3542 quod
1092 3439 1162 3518 fiat
1202 3441 1432 3518 secundum

346 3563 645 3650 continentiam
674 3560 776 3637 dieti
803 3557 999 3664 capituli,
1041 3567 1083 3637 et
1110 3559 1319 3636 mittemus
1347 3579 1433 3661 par·

344 3703 427 3774 tom
457 3693 620 3790 captam
649 3683 688 3759 in
703 3683 857 3759 nostris
887 3680 1084 3771 consiliis,
1113 3679 1258 3757 comiti
1286 3686 1432 3757 nostro

345 3807 545 3894 Catoni,
587 3811 631 3881 ut
659 3802 770 3880 iilam
810 3801 935 3879 iaciat
962 3798 1207 3879 observare.

446 3980 510 4057 Ad
547 3976 785 4079 quintum
827 3973 987 4052 tenoris
1005 4040 1007 4050 ,
1025 3967 1287 4048 huiusmodi:
1328 3970 1431 4048 item

344 4101 397 4177 de
426 4101 466 4176 lo
497 4099 595 4176 viiie
639 4096 849 4178 eterreni
878 4095 930 4174 de
970 4095 1212 4173 bustizn
1255 4093 1366 4172 chon
1395 4093 1432 4170 ie

344 4245 424 4306 suo
454 4218 620 4300 contine
648 4243 672 4298 e
700 4217 883 4306 soline,
910 4217 995 4296 fote
1015 4239 1112 4294 soro
1140 4216 1180 4293 ei
1201 4221 1346 4294 nostro
1378 4221 1432 4291 te·
