3230 5104
1180 417 1284 484 -sn

191 627 342 722 tempo.
370 622 504 724 anoi
535 622 671 723 quelle
700 622 904 700 monilion
934 625 1124 703 medeme
1158 625 1276 704 huve-

189 747 229 814 te
258 763 465 820 concesso
494 743 532 818 al
565 741 752 820 duella
794 742 1059 822 Steinno.
1114 743 1275 822 Adesse

191 883 212 932 n
242 861 380 959 questi
408 863 575 963 bisogni
608 863 814 962 ‹legnasse
846 865 882 942 la
911 865 1091 964 signoria
1120 872 1275 951 vostra,

187 978 239 1058 de
280 981 411 1059 larme
448 983 627 1084 qualche
654 995 772 1086 parte
801 983 852 1062 de
882 987 920 1059 le
951 983 1158 1062 monitinn
1186 1009 1275 1061 vos·

192 1110 268 1194 tre,
296 1103 435 1205 quella
464 1111 585 1205 parte
614 1111 691 1206 pur
719 1106 871 1203 meglio
910 1107 972 1183 ala
1002 1105 1275 1184 illustrissime

185 1217 367 1321 signorin
395 1231 549 1302 vostre.

286 1340 455 1420 Ancora
485 1345 659 1423 excelso
691 1348 878 1448 principe
907 1372 953 1424 se
983 1371 1062 1450 pur
1090 1345 1275 1446 insigne·

186 1463 246 1540 riu
273 1471 414 1542 vostra
445 1488 525 1539 non
555 1489 657 1539 veru
682 1489 852 1568 romper
880 1475 1165 1570 apertamente
1193 1491 1273 1546 eon

184 1583 222 1658 el
250 1581 440 1670 Turehm
469 1586 675 1684 degunsse
701 1586 936 1686 lusignoria
966 1596 1105 1665 vostra
1132 1589 1276 1666 darme
1370 1627 1371 1630 ι

182 1703 325 1781 aleuan
354 1707 538 1807 quantita
566 1706 619 1784 de
650 1707 1054 1794 bullestrieri
1089 1731 1165 1786 azo
1193 1705 1276 1784 che

183 1849 304 1926 possa
332 1835 485 1904 metter
513 1853 563 1903 ne
596 1827 632 1902 le
663 1831 851 1919 castelle,
879 1854 954 1933 per
980 1827 1034 1905 liu
1052 1837 1165 1908 lanto
1195 1827 1274 1905 ehe

184 1945 218 2022 la
247 1947 430 2046 signoria
459 1955 601 2025 vostra
632 1973 697 2026 me
740 1950 904 2028 ineluda
948 1977 1030 2029 eon
1059 1953 1127 2026 vui
1155 1947 1272 2025 inste

182 2091 249 2144 me
279 2092 304 2144 ο
334 2067 375 2144 in
404 2091 536 2170 pace,
571 2094 596 2144 ο
638 2069 678 2145 iu
709 2077 858 2168 tregua
893 2095 974 2148 con
1018 2069 1055 2145 el
1083 2067 1274 2154 Tureho,

182 2195 457 2264 overumeute
485 2195 773 2291 apertamente
803 2215 897 2268 eum
927 2188 982 2266 lui
1011 2211 1219 2292 rompern

449 2356 555 2422 Seer.
580 2379 680 2423 cons.
705 2367 822 2446 rogat.
850 2359 920 2424 Lib·
948 2357 1037 2422 ΧΧΙ.
1076 2353 1130 2422 eh.
1157 2359 1227 2424 lut.

284 2543 571 2647 CDXCVI·
607 2565 720 2643 1462.
748 2571 812 2642 28.
841 2563 1171 2653 Februarii.

312 2741 495 2815 Οιιοιιομι»
520 2753 758 2808 uoeuanuunua
783 2753 883 2813 upnuu
907 2741 1136 2799 Boeauenorn.

279 2890 398 2989 Quod
429 2888 668 2968 oratoribus
697 2888 953 2966 serenissimi
983 2891 1127 2987 regis
1156 2890 1268 2966 Bos·

177 3011 331 3101 sine,
372 3009 442 3112 qui
484 3022 686 3086 oretenus
728 3017 770 3086 et
809 3007 1046 3109 inscriptis
1087 3010 1269 3112 expliea-

181 3135 330 3208 verunt
357 3155 419 3215 ea,
448 3153 556 3221 quae
584 3128 681 3207 huic
698 3127 876 3206 consilio
906 3135 1003 3206 note
1031 3139 1150 3217 sunt,
1185 3153 1268 3206 res·

175 3255 426 3356 pendentur:

281 3371 400 3471 Quod
428 3373 712 3452 intelleximus
755 3381 952 3474 quantum
995 3371 1072 3474 ipsi
1110 3381 1268 3476 speeta-

177 3492 287 3572 biles
316 3503 512 3574 oratores
541 3496 666 3572 nobis
708 3483 943 3595 prudenter
983 3491 1269 3595 exposuerunt

174 3621 297 3716 parte
325 3614 580 3692 serenissimi
611 3612 765 3690 domini
794 3614 869 3690 sui.
899 3611 976 3691 Cui
1005 3613 1153 3692 multus
1180 3635 1267 3712 gra·

175 3736 256 3813 ties
299 3735 502 3815 habemus
541 3760 621 3840 pro
664 3734 1001 3813 eomunieatioue
1043 3731 1267 3812 nobiscum

176 3853 314 3947 iaetu,
356 3863 399 3936 et
438 3881 515 3960 pro
557 3880 705 3956 magna
760 3855 983 3932 affectione
1024 3862 1065 3933 et
1107 3877 1268 3938 amore,

174 3999 302 4079 quern
345 4001 440 4054 eum
482 4000 635 4076 gerere
663 3975 853 4053 ridemus
893 3983 1040 4053 nostro
1070 3973 1269 4053 dominio.

172 4097 346 4202 Nosque
387 4097 646 4178 maiestatem
688 4119 802 4174 suam
831 4105 990 4176 certum
1033 4119 1127 4174 esse
1153 4093 1267 4170 volu·

170 4245 278 4310 mus,
307 4221 420 4324 quod
448 4245 540 4302 eam
568 4223 734 4300 sincere
766 4219 998 4320 diligimus,
1042 4215 1266 4324 eupidique
