3212 5116
365 621 464 700 ioca
503 617 584 695 ium
624 613 760 710 dicta,
803 615 846 688 et
872 608 957 690 hoc
984 607 1143 688 turbari
1170 611 1235 688 vet
1263 609 1456 716 impediri

364 765 448 820 non
475 744 648 842 posset,
683 735 811 812 modo
839 733 951 822 ullo,
979 757 1032 810 ex
1059 756 1170 811 nunc
1198 737 1363 834 captum
1393 733 1456 818 sit,

365 861 478 966 quod
512 881 619 936 unns
658 858 848 960 ipsorum
888 853 1161 956 provisorum
1201 838 1456 943 nostrorum,

349 977 560 1079 ¹videlicet
600 977 695 1065 iile,
737 977 808 1079 qui
836 974 1077 1078 approbatis
1104 974 1456 1052 omnibus'tribus

363 1104 404 1180 iu
431 1101 514 1180 isto
544 1097 721 1180 consilio
750 1095 945 1174 habuerit
970 1097 1114 1198 plures
1144 1095 1359 1186 bellottus,
1384 1095 1454 1171 ha·

365 1222 503 1300 hendo
543 1222 749 1318 maj0rem
788 1221 952 1318 partem
995 1217 1178 1309 consilii,
1214 1215 1277 1293 ire
1305 1215 1460 1293 debeat

364 1343 416 1420 ad
444 1341 579 1444 ipsum
605 1361 766 1438 regem,
782 1335 833 1412 ad
847 1335 1171 1440 procurandum,
1197 1335 1457 1415 tractandum
1548 1400 1549 1404 Ν

365 1469 409 1542 et
435 1460 765 1566 comparandum
802 1483 897 1537 cum
930 1459 1011 1537 illis
1037 1459 1206 1546 verbis,
1249 1481 1356 1559 quae
1384 1457 1458 1534 do·

364 1580 590 1672 minacioni
616 1579 909 1660 convenientia
934 1577 1198 1666 videbuntur,
1227 1577 1339 1680 quod
1367 1578 1459 1680 ipse

365 1727 443 1782 rex
471 1705 742 1782 contentetur
770 1699 938 1792 etvelit,
967 1701 1080 1802 quod
1107 1697 1335 1778 habeamus
1363 1699 1460 1776 loca

284 1832 289 1846 “
367 1829 411 1903 et
436 1832 574 1904 castra
598 1823 832 1929 praedicti;
858 1824 927 1902 vei
956 1822 1071 1926 quod
1099 1823 1247 1902 saltem
1274 1820 1353 1900 sibi
1374 1821 1461 1923 pta·

365 1953 460 2024 cest
487 1970 537 2024 ea
564 1945 775 2024 sustinere
802 1944 870 2036 ita,
898 1951 940 2022 et
966 1943 1117 2034 taliter,
1147 1943 1261 2045 quod
1289 1943 1340 2020 ud
1362 1941 1459 2020 alie·

364 2091 438 2144 nas
464 2089 609 2144 manvus
637 2091 723 2144 non
750 2064 997 2171 perveniant
1023 2067 1110 2144 ulto
1140 2064 1293 2154 modo;
1334 2069 1376 2139 et
1416 2068 1462 2138 ut

364 2211 444 2266 rex
483 2189 725 2292 praedictus
780 2187 999 2265 inducatur
1039 2187 1088 2265 ad
1130 2184 1458 2264 contentandum

364 2306 417 2384 de
445 2306 581 2385 dando
608 2306 732 2386 nobis
761 2314 897 2386 castra
923 2309 1170 2412 praedicta,
1200 2305 1353 2384 habeat
1379 2303 1460 2381 dic-

365 2435 431 2505 tus
465 2429 664 2532 provisor
691 2429 731 2505 in
760 2428 954 2508 omnibus
983 2434 1025 2509 et
1050 2453 1129 2534 per
1170 2426 1309 2507 omnia
1345 2426 1458 2502 itiam

365 2547 628 2638 libertatem,
669 2550 870 2654 possendi
911 2554 1161 2654 promittere
1187 2555 1320 2628 totam
1348 2547 1458 2625 iliam

363 2668 570 2772 pecuniae
611 2671 909 2772 quantitatem,
951 2693 1075 2774 quam
1114 2668 1271 2746 hebent
1297 2668 1337 2744 in
1366 2688 1459 2768 pos-

364 2787 495 2866 sendo
523 2791 770 2891 permittere
812 2791 1058 2872 comitissae.
1099 2789 1315 2869 Praefatus
1352 2811 1461 2866 nam·

365 2933 446 3011 que
473 2911 672 3014 provisor
699 2912 831 2992 iturus
859 2915 994 3016 possit
1022 2912 1262 3015 expendere
1284 2910 1459 2988 ducatos

365 3031 550 3134 quinque
587 3033 724 3113 indie
753 3035 793 3111 in
823 3035 1018 3113 omnibus
1057 3035 1252 3139 expensis
1293 3056 1371 3136 pro
1412 3055 1459 3108 se

365 3155 409 3228 et
435 3151 585 3230 familia
612 3177 697 3240 sna,
726 3153 918 3233 ducendo
934 3179 1079 3234 secum
1100 3155 1459 3244 noteriumsnum,

363 3269 490 3348 unum
518 3271 808 3376 interpretem,
838 3299 963 3352 unum
992 3273 1202 3354 chochum
1218 3280 1260 3353 et
1280 3279 1459 3373 quatvor

364 3389 628 3470 domicellos.

469 3511 612 3616 Capta:
641 3519 684 3593 et
709 3515 745 3592 si
770 3501 930 3618 primns
960 3541 1013 3594 ex
1041 3517 1270 3621 praedictis
1301 3513 1459 3593 nostris

363 3631 680 3736 provisoribus,
722 3635 791 3737 qni
820 3635 1052 3714 remanebit
1078 3635 1118 3712 in
1155 3637 1239 3716 hoc
1267 3634 1459 3726 consitio,

364 3777 449 3831 non
489 3760 635 3856 posset
674 3754 737 3832 ire
778 3757 827 3834 ad
856 3757 965 3835 istud
1006 3763 1196 3834 nostrum
1224 3753 1460 3844 servicium,

364 3897 443 3978 pro
471 3873 722 3976 exequendo
739 3875 825 3956 hoc
852 3877 1089 3956 mandatum
1103 3882 1305 3966 nostrum,
1332 3899 1459 3979 prop·

364 4001 431 4074 ter
459 3993 719 4074 manifestum
748 3995 963 4076 defectum
999 4021 1224 4102 personae,
1253 3997 1324 4074 itte
1353 3997 1461 4074 alter

364 4114 436 4217 qni
463 4114 1005 4220 habueritpturesbattotas
1021 4119 1103 4198 alio
1132 4122 1276 4204 tertio,
1304 4103 1460 4196 debeat

362 4234 426 4314 ire
453 4234 552 4316 loco
587 4236 712 4341 primi
751 4237 983 4341 praedicti;
1018 4247 1061 4320 et
1087 4239 1125 4318 si
1151 4237 1357 4321 secundus
1384 4237 1458 4342 qui
