3220 5118
490 553 699 654 COXC·
729 577 842 650 mm.
876 579 935 652 16.
962 531 1298 654 Februarii.

358 818 580 887 darmecnb,
606 817 762 876 'nomana
798 834 915 876 semro
949 818 1072 876 nubere
1105 837 1125 895 y
1155 837 1266 896 apage*
1291 820 1452 894 cranam,

257 925 258 932 ’
361 937 554 978 nocensne
580 937 755 979 aasumensi
794 937 897 980 nean
920 939 1030 996 nynn,
1067 941 1103 996 pa
1127 941 1167 980 ce
1190 925 1308 983 Saarna
1343 939 1454 980 onere

574 1023 834 1100 senpinneancsn
859 1043 1010 1102 nosaeye.
1036 1023 1249 1112 (Capabenc.)

465 1225 569 1306 Cum
598 1250 677 1330 pcr
705 1253 755 1304 ea
783 1251 889 1329 qnae
916 1225 1067 1307 scribit
1098 1254 1244 1308 eomes
1274 1237 1317 1308 et
1343 1228 1457 1333 capi·
1587 1217 1589 1262 ³

353 1353 507 1425 'tanens
534 1353 683 1426 noster
710 1347 942 1434 Scutari,
982 1346 1257 1447 significando
1286 1351 1339 1428 de
1368 1373 1457 1426 mn·

361 1468 437 1554 dis,
466 1491 572 1572 quos
602 1476 718 1546 tenet
745 1468 934 1554 Balsa,
961 1468 1002 1544 in
1031 1467 1335 1550 damnificando
1364 1469 1458 1547 sub-

361 1591 471 1669 ditos
500 1595 543 1668 et
569 1589 732 1682 fideles,
756 1594 932 1668 nostros
959 1588 1121 1667 iliarum
1161 1593 1342 1692 partium
1358 1604 1374 1684 ‚'
1413 1597 1459 1668 et

361 1711 533 1790 ulterius
563 1711 676 1813 quod
703 1710 858 1790 subditi
885 1712 1018 1789 nostri
1046 1713 1098 1790 de
1126 1715 1236 1802 inde,
1262 1711 1457 1791 videntes
1568 1709 1573 1734 ¹

360 1855 406 1909 se
429 1827 719 1918 damnificari,
759 1835 1018 1908 murmurant
1054 1839 1095 1910 et
1123 1837 1264 1908 tenent
1291 1830 1458 1909 ratioci-

361 1957 554 2030 namenta
582 1952 692 2030 inter
718 1976 765 2030 se
788 1959 1099 2056 conquerentes
1128 1957 1263 2031 cteet.
1290 1953 1458 2028 Bnnum

361 2073 413 2152 sit
441 2073 599 2154 etutile
627 2097 706 2177 pro
736 2075 963 2154 securitate
990 2071 1124 2150 nostri
1147 2067 1295 2161 status,
1320 2071 1459 2150 inillis

361 2191 547 2294 partibus
574 2193 812 2295 providere.
860 2192 984 2270 Vadit
1010 2218 1120 2294 pars,
1150 2195 1264 2296 quod
1294 2192 1346 2269 de
1372 2193 1458 2296 pri·

365 2313 442 2390 mis
471 2313 712 2404 banderiis,
754 2337 860 2416 quae
888 2315 989 2394 flent
1016 2317 1106 2392 sive
1133 2315 1377 2394 scribentur
1405 2313 1459 2390 ad

362 2443 551 2537 nostrum
569 2435 835 2540 stipendium,
855 2435 962 2514 mitti
978 2433 1160 2514 debeant
1175 2460 1254 2514 nna
1270 2434 1322 2512 de
1337 2433 1461 2514 XXV

362 2554 429 2634 vel
449 2551 565 2634 XXX
591 2555 717 2658 pagis,
746 2554 950 2633 cumillis
979 2553 1115 2631 modis
1144 2553 1458 2634 conditionibus

365 2680 408 2753 et
435 2676 608 2763 formis,
649 2701 756 2778 quae
784 2675 935 2752 melius
964 2675 1150 2774 collegio
1187 2675 1457 2774 videbuntur,

365 2815 487 2901 quam
524 2797 766 2875 banneriam
802 2800 940 2878 dictus
971 2823 1117 2877 eomes
1145 2803 1186 2876 et
1213 2795 1459 2900 capitaneus

365 2917 516 2997 debeat
557 2921 666 3022 apud
707 2938 754 2996 se
786 2919 972 2998 retinere
999 2920 1040 2996 in
1083 2924 1286 2996 castro
1330 2905 1458 2993 Scu-

365 3037 498 3124 tari,
540 3060 617 3139 pro
644 3041 877 3118 securitate
903 3043 946 3115 et
973 3035 1222 3116 defensione
1251 3033 1335 3112 loci
1362 3059 1457 3138 pre·

364 3155 466 3235 dieti
492 3213 848 3236 ..........
877 3167 920 3235 et
945 3155 1121 3234 ulterius
1161 3159 1216 3234 sit
1255 3153 1295 3232 in
1331 3151 1455 3230 liber·

365 3284 449 3356 tate
479 3276 580 3355 dicti
623 3278 788 3356 comitis
817 3329 976 3354 .....
1005 3275 1266 3380 procedendi
1309 3281 1458 3353 contra

364 3395 475 3484 illos,
504 3395 575 3499 qui
602 3395 682 3472 sibi
710 3405 963 3502 apparerent
989 3394 1173 3500 suspecti
1201 3453 1212 3474 .
1241 3451 1252 3474 .
1280 3453 1288 3471 .
1317 3451 1327 3472 .

450 3621 725 3701 ‘Et'ulterius
753 3620 907 3700 debeat
944 3621 1173 3700 dominium
1201 3617 1457 3739 stipendiare

366 3741 420 3820 de
447 3741 548 3822 hinc
576 3743 741 3845 equites
771 3741 953 3842 triginta,
983 3741 1055 3845 qni
1082 3767 1130 3820 se
1157 3739 1306 3816 fulcire
1334 3741 1460 3818 debe·

368 3869 439 3940 ant
465 3861 583 3964 equis
610 3865 663 3942 de
691 3865 814 3956 inde,
855 3863 929 3940 sed
957 3862 1138 3942 debeant
1175 3860 1317 3938 faeere
1344 3884 1456 3937 mon-

368 3991 497 4062 stram
524 3991 724 4062 armatam
753 3986 806 4062 de
823 3983 936 4074 hinc,
966 3987 1009 4062 et
1021 4007 1068 4060 se
1097 3981 1298 4086 expedire
1327 3989 1370 4058 et
1396 3979 1458 4057 ire
1588 4013 1589 4016 ¹

370 4125 464 4182 cum
492 4101 616 4181 dictis
643 4105 869 4207 peditibus.

665 4308 770 4376 Secr.
794 4311 904 4378 Cone.
926 4311 1058 4398 Rogat.
1084 4305 1157 4374 bib.
1180 4306 1239 4374 Vl.
1264 4311 1319 4378 eb.
1343 4309 1415 4377 190.
