3186 5112
1580 311 1581 344 i

1223 373 1288 440 m
1579 345 1581 384 i

194 586 327 686 vice
367 591 409 662 et
437 581 679 662 donationis
708 579 818 658 tacte
846 579 1131 660 illustrissimo
1160 580 1287 660 domi·
1393 641 1397 650 .

196 706 263 784 nio
287 705 444 804 jurium
475 699 712 816 civitates
728 729 752 780 o
769 727 791 780 a
808 700 910 777 rdo
927 725 951 778 u
968 723 990 778 n
1005 725 1044 780 e.

297 828 344 904 lu
373 825 529 904 Christi
556 823 741 902 nomine.
777 821 927 902 Amen.
954 825 1076 904 Anno
1105 825 1288 904 iucarna-

198 949 323 1028 tionis
365 946 552 1044 ejnsdem
594 945 819 1024 millesimo
875 945 1290 1046 quadringentesimo

197 1069 437 1162 undecimo,
453 1067 682 1146 indictione
698 1067 756 1144 lv
771 1065 839 1142 die
867 1063 965 1142 Xlli
993 1065 1149 1144 mensis
1174 1067 1290 1169 Apri·

198 1188 273 1276 lis,
315 1197 508 1292 tompore
535 1184 794 1264 serenissimi
834 1183 1038 1286 principis
1067 1193 1108 1264 et
1135 1186 1292 1266 domini

198 1308 344 1398 nostri,
374 1307 535 1387 domini
562 1303 886 1384 Michaelis
914 1303 1079 1384 Steno
1109 1305 1177 1384 dei
1204 1329 1293 1406 gra-

200 1431 252 1509 tia
294 1429 415 1508 ducis
443 1426 716 1506 venetiarum
747 1431 827 1504 etc.
858 1449 1051 1504 necnon
1082 1426 1291 1526 magnifici

198 1551 340 1628 mititis
368 1549 540 1628 domino
570 1545 775 1628 Zacharia
811 1544 1029 1624 Trivisano
1050 1547 1160 1645 juris
1196 1547 1293 1626 utri·

200 1693 333 1772 usque
362 1670 551 1749 doctoris
578 1676 622 1746 et
648 1665 911 1769 honorabitis
943 1665 1109 1744 comitis
1152 1667 1292 1748 civita·

201 1791 253 1879 tis
281 1789 422 1880 dodra,
451 1788 710 1868 reverendus
727 1787 798 1864 ⁴vir
813 1787 1007 1864 dominus
1032 1787 1292 1867 Theodorus

199 1909 524 1990 archidiaconus
553 1909 797 1988 Bosinensis
825 1913 1102 2009 procurator,
1130 1915 1172 1986 ct
1198 1933 1293 2011 pro·

201 2033 418 2112 curatorio
446 2032 619 2112 nomine
647 2026 856 2128 magnifici
883 2028 1038 2108 domini
1060 2025 1294 2110 ,sandari

202 2150 448 2230 Bosinie
477 2153 747 2230 vaivcdae
773 2149 973 2252 supremi,
993 2145 1293 2249 necnonmag·

202 2271 354 2350 citicae
382 2271 594 2357 dominae,
623 2271 819 2350 dominae
847 2273 1025 2351 Annae
1067 2275 1185 2369 eius
1227 2297 1295 2348 so·

202 2415 289 2470 cru
301 2417 321 2470 s
335 2391 509 2476 relictae
525 2391 686 2470 domini
699 2391 851 2470 Voizi
867 2389 1026 2482 banni,
1046 2391 1292 2473 constituen-

202 2514 304 2592 tium
325 2537 402 2616 pro
420 2534 467 2592 se
483 2514 596 2616 ipsis,
613 2519 818 2591 eteorum
836 2515 1007 2591 nomine
1026 2512 1224 2616 proprio,
1253 2519 1296 2590 et

202 2656 283 2733 pro
325 2631 491 2712 domina
536 2629 862 2728 catherina
903 2639 1105 2712 consorte
1146 2631 1296 2735 prefati

203 2751 598 2853 magnificidomini
639 2751 884 2832 Sandali
923 2754 1195 2850 vaivode‚
1241 2758 1297 2831 et

203 2871 339 2960 iilia
368 2872 477 2951 dicte
506 2873 858 2956 domineAnnc
886 2883 942 2950 et
969 2873 1111 2952 dicti
1139 2897 1293 2974 quon·

204 2993 323 3074 dam
353 2994 572 3074 domini
598 2993 757 3080 vorzi
784 2993 920 3097 bani,
948 2993 1000 3070 de
1029 3017 1107 3094 qua
1135 2995 1189 3072 de
1215 2993 1295 3074 rati

202 3112 419 3194 habitione
467 3112 795 3216 promittentes,
835 3119 880 3190 ut
907 3111 959 3188 de
994 3115 1296 3215 procuratione

205 3237 336 3338 patet,
350 3233 588 3336 patentibus
609 3233 746 3311 literis·
759 3233 969 3312 dictorum
986 3232 1144 3313 domini
1157 3232 1293 3312 vaivo·
1388 3230 1391 3244 ’

198 3352 267 3442 de,
283 3362 326 3432 et
341 3353 510 3436 domine
526 3358 647 3438 Anne
673 3379 826 3434 socrus
855 3358 955 3454 ejus,
972 3352 1076 3433 datis
1090 3355 1129 3432 in
1156 3361 1294 3436 castro

205 3473 301 3552 Ciu
312 3499 346 3564 z,
375 3499 482 3554 anno
499 3477 728 3554 nativitatis
743 3474 955 3557 dominice
971 3480 1086 3565 1410,
1112 3473 1292 3556 XXVIII

204 3595 360 3681 mensis
388 3595 650 3694 Decembris,
685 3598 733 3676 in
764 3597 938 3697 tytera
964 3595 1291 3682 sclavonica,
1326 3655 1328 3668 .

204 3717 464 3820 appensione
489 3716 621 3818 ipsius
650 3715 809 3796 domini
838 3714 1023 3812 Sandati‚
1054 3723 1097 3794 et
1123 3715 1291 3798 domiue

202 3837 322 3918 Anne
351 3837 531 3922 duorum
560 3861 723 3916 eorum
739 3838 972 3938 sigillorum
1000 3837 1196 3925 munitis,
1222 3835 1291 3918 ha

202 3955 304 4041 heus
331 3957 497 4038 adhoc
525 3958 681 4037 iactum
716 3959 902 4061 speciale
928 3957 1215 4046 mandatum,
1247 3963 1292 4038 ut

202 4075 316 4158 dicto
346 4083 461 4180 patet
488 4077 728 4180 privilegiu,
754 4077 870 4158 dicto
891 4077 1192 4180 procuratorio
1215 4102 1290 4158 no-

202 4197 328 4284 mine,
355 4197 481 4290 dedit,
508 4197 707 4281 uendidit.
724 4205 767 4277 et
784 4197 962 4290 tradidit,
990 4198 1220 4298 magnificis
1248 4198 1285 4276 d.

203 4315 640 4426 ZachariaTrivisanu
667 4317 800 4412 militi,
826 4321 1045 4421 utriusque
1065 4319 1172 4419 iuris
1187 4319 1287 4404 doc·
