3206 5110
166 561 421 721 obbligando
464 621 505 698 in
545 619 661 697 libris
702 627 745 698 at
785 641 865 722 pro
895 614 1014 694 libris
1041 617 1159 696 mille
1201 619 1268 700 dc·

28 727 30 734 ’
88 847 90 850 Ι
164 743 380 822 naulorum
406 745 670 821 Venetorum
685 739 930 842 parvorum.
960 739 1162 816 Dominus
1179 742 1268 820 Sta·

164 883 216 939 ue
246 863 348 940 olim
373 861 536 940 domiui
566 859 755 938 Damiani
784 859 837 938 de
865 859 1067 937 Varioasa
1092 858 1268 937 civisla·

5 1013 9 1098 p
164 980 241 1056 dra
269 979 562 1076 fidejubendo,
592 987 636 1056 at
663 1003 711 1058 se
738 1003 820 1081 pro
848 973 1065 1080 predictis,
1097 985 1140 1056 at
1167 1001 1268 1078 qaro-

165 1096 266 1174 libet
294 1098 606 1201 predictorum,
632 1121 713 1198 pro
741 1098 856 1176 dicto
885 1096 1041 1175 comita
1081 1097 1269 1197 (taorgio

163 1218 455 1319 principalitar
495 1217 756 1316 obbligando
798 1214 1011 1307 inlibris,
1046 1222 1092 1295 ct
1117 1240 1199 1320 pro
1229 1217 1272 1292 li·

164 1337 256 1414 bris·
278 1336 424 1416 DCCC
448 1337 715 1416 donariorum
741 1338 1004 1416 Venetorum
1026 1361 1271 1440 parvorum,

164 1459 341 1538 Gulussa
370 1455 475 1536 olim
501 1456 662 1540 domiui
694 1455 836 1536 Carne
877 1459 930 1535 de
958 1456 1139 1554 Mergia,
1169 1459 1272 1538 ciris

163 1575 376 1656 ledrensis
404 1574 692 1672 fidejubendo,
719 1581 764 1655 at
788 1602 835 1656 se
863 1600 942 1680 pro
970 1576 1186 1678 predialis,
1229 1583 1271 1656 at
1304 1603 1307 1614 ·

165 1695 357 1798 quolibet
384 1697 784 1799 predictorum,pro
813 1697 931 1774 dicto
954 1696 1110 1774 comita
1138 1697 1268 1775 Gour-

163 1819 235 1912 gio
262 1815 558 1918 principaliter
587 1815 841 1915 obbligando
871 1815 911 1894 in
941 1814 1084 1903 libris,
1122 1823 1165 1893 et
1191 1839 1270 1918 pro

165 1935 285 2016 libris
300 1935 426 2014 DCC.
439 1936 716 2014 denariorum
735 1937 1004 2012 Venetorum
1031 1957 1271 2037 parvorum.

165 2057 371 2135 Dominus
409 2055 641 2136 Domuldns
682 2056 736 2132 dc
776 2052 1021 2132 Zaudolinis
1064 2052 1170 2132 ciris
1212 2051 1269 2130 lo·

164 2163 332 2258 drensls
371 2171 638 2272 fidejubsndo
678 2179 721 2252 at
748 2197 917 2274 supro
957 2172 1185 2274 predictis,
1230 2183 1271 2250 et

164 2295 358 2397 quolibet
374 2294 664 2398 predictorum
680 2317 761 2396 pro
776 2293 891 2372 dicto
909 2293 1065 2371 comite
1084 2289 1270 2389 Georgio

164 2407 1271 2519 principaliterobligandoprolibris‚elinlibrisDC.

167 2535 438 2644 denariorum
458 2539 739 2618 Venetorum
766 2561 1011 2640 parvorum.
1067 2534 1271 2612 Dominus

167 2655 299 2732 Dassa
315 2656 368 2732 da
395 2655 581 2754 Falogna
605 2657 708 2734 civis
736 2655 952 2734 ledrensis
978 2651 1269 2752 fidejubendo

167 2781 209 2854 et
225 2801 272 2852 sc
287 2799 366 2876 pro
383 2775 589 2878 predictis
605 2784 647 2855 et
663 2775 858 2877 quolibet
870 2756 1178 2878 predictorum,
1191 2795 1271 2874 pro
1332 2873 1334 2878 ,

98 2961 100 2966 ,
166 2893 281 2972 diclo
307 2895 467 2974 comite
496 2895 684 2993 Georgia
711 2893 1004 2996 principaliter
1043 2889 1270 2989 obligando

166 3005 206 3090 ln
236 3012 365 3100 libris,
394 3021 438 3092 ct
464 3039 543 3118 pro
573 3013 687 3091 libris
716 3013 802 3092 DC.
839 3013 1106 3090 donariorum
1136 3013 1271 3087 Vene-

166 3139 307 3222 torum
348 3147 591 3234 parvor'nm.
645 3137 791 3214 Bardii
832 3137 885 3213 da
925 3136 1171 3235 Grisogono
1218 3130 1272 3208 de

168 3253 330 3346 Mauro,
346 3255 451 3334 civis
479 3257 692 3336 ladrensis
719 3255 1018 3355 fidejubendo,
1046 3259 1089 3336 et
1116 3279 1163 3329 so
1190 3275 1272 3353 pro

169 3374 398 3476 prodictu,
425 3385 467 3456 ct
496 3377 687 3479 quolibet
715 3377 1021 3482 predictorum,
1048 3399 1128 3477 pro
1157 3371 1273 3451 dicto

170 3493 327 3572 comita
369 3493 558 3597 Gourgio
600 3497 894 3600 principaliter
936 3494 1166 3593 obligando
1194 3516 1273 3593 pro
1393 3495 1395 3510 '

170 3611 311 3705 libris,
351 3625 396 3696 et
437 3613 476 3693 in
508 3615 625 3694 libris
654 3613 811 3693 CCCC.
839 3613 1109 3692 denariorum
1142 3612 1275 3686 Vene-

168 3722 308 3812 torum
337 3757 577 3836 parvorum.
616 3733 819 3814 Bivoldua
846 3737 900 3812 de
926 3733 1107 3822 Bolano,
1132 3732 1276 3810 Mioha
1355 3783 1357 3786 -

168 3852 326 3930 domini
342 3853 491 3932 lacobl
510 3852 563 3932 dc
590 3847 832 3946 Conlatum,
847 3862 889 3932 el
905 3853 1147 3955 Slephanus
1175 3851 1275 3928 olim

44 4029 49 4036 .
168 3970 322 4050 Marini
337 3971 389 4050 dc
405 3973 503 4051 Late
519 3973 634 4053 cives
649 3974 871 4054 ladranses
890 3973 1161 4072 lidelubondp
1189 3971 1277 4072 qui·

170 4089 274 4168 libat
301 4115 474 4178 eorum,
502 4099 545 4202 cl
570 4118 617 4170 se
645 4117 727 4195 pro
764 4095 992 4198 predictis,
1019 4102 1062 4172 et
1089 4091 1278 4196 quolibet
1444 4103 1450 4106 ’

168 4211 460 4312 predictorum
489 4213 715 4315 prodictu
758 4215 917 4294 comita
949 4213 1138 4402 Geppgio
1166 4215 1275 4318 prin·
