3206 5110
1203 387 1265 462 1⁷8

177 605 358 684 cundum
386 601 640 706 opinionem
671 604 714 676 ct
740 595 961 696 consitium
997 595 1181 684 omnium
1210 597 1265 674 in-

176 724 473 824 geniariorum,
503 720 573 824 qui
600 719 735 798 sciunt
763 725 807 797 ct
831 721 927 800 sunt
953 717 1105 820 pratici
1131 719 1171 795 in
1200 715 1267 794 bis

175 847 325 932 rebus,
353 851 396 922 ct
423 842 495 946 qui
523 841 575 921 ad
605 839 775 928 oculum
803 838 1000 916 viderunt
1027 845 1069 916 ot
1086 837 1265 944 diligen·

177 969 243 1040 ter
270 964 648 1041 consideraverunt
681 966 723 1036 et
750 957 1097 1036 examinaverunt
1125 957 1264 1036 omnia
1345 957 1348 964 ’

177 1083 253 1161 ista
281 1083 465 1182 negotiu
494 1081 606 1183 quod
635 1077 861 1157 innomine
893 1077 962 1154 dci
989 1077 1081 1157 tisri
1110 1083 1265 1155 etcon-

176 1207 280 1283 strui
307 1201 460 1282 debcat
486 1227 593 1280 unus
633 1225 775 1280 murus
810 1200 861 1277 ad
900 1209 1184 1278 transversum
1214 1197 1265 1278 ci·

175 1324 311 1403 vitatis
353 1330 524 1403 nostrae
551 1315 730 1409 Jadrac,
782 1313 1025 1424 incipiendo
1078 1345 1101 1396 a
1143 1323 1266 1423 porta
1332 1337 1335 1346 ’

177 1445 387 1525 Sancti
418 1433 1266 1529 Dimitri'isiveBrusata,cundo

176 1573 297 1644 recto
326 1565 493 1643 tramite
521 1566 572 1643 ad
613 1554 756 1640 alium
775 1582 940 1639 murum
969 1560 1148 1640 civitatis
1178 1585 1266 1640 ver·

177 1711 248 1764 sris
274 1689 488 1772 Austrum,
518 1708 596 1788 por
624 1681 741 1761 cuius
769 1683 878 1760 muri
907 1681 1266 1760 constructionem

175 1809 425 1886 habebimus
454 1831 577 1884 unam
623 1802 894 1902 fortissImam
936 1803 1184 1890 cstodelam,
1225 1805 1268 1880 ct

176 1926 216 2002 in
245 1949 295 2002 ca
323 1925 404 2005 crit
431 1925 768 2029 conprehensum
795 1927 838 2002 et
864 1924 1053 2003 clausum
1082 1926 1267 2003 castrum

175 2053 366 2134 nostrum
408 2057 454 2126 et
478 2051 626 2126 catena
663 2055 707 2126 ct
733 2045 869 2125 bucca
903 2053 1076 2150 portus;
1117 2045 1159 2122 in
1188 2067 1268 2145 qua

178 2170 370 2248 citadclta
411 2168 600 2248 habitare
641 2167 794 2246 debeat
835 2174 983 2246 nostor
1023 2165 1268 2270 capitaneus

176 2297 220 2370 ct
245 2290 505 2391 stipendiarii
544 2290 680 2368 nostri
712 2293 934 2390 equestres
975 2297 1018 2367 et
1049 2287 1270 2393 pedestras
1371 2389 1372 2394 Ν

176 2437 226 2492 ac
253 2411 386 2490 nostri
413 2411 580 2510 Veneti,
610 2418 653 2490 ct
679 2435 764 2490 non
792 2409 949 2512 aliquis
976 2409 1078 2488 civis
1104 2409 1171 2487 vol
1198 2435 1267 2513 pa·

178 2543 342 2610 esanus.
394 2529 518 2608 litut
545 2530 655 2610 dicta
682 2531 877 2611 citudclia
924 2527 995 2606 flat
1028 2528 1069 2604 in
1099 2527 1170 2604 iila
1199 2551 1270 2629 op·
1356 2572 1359 2576 ·

176 2650 278 2728 tima
307 2651 441 2729 forma
483 2656 525 2728 et
553 2650 800 2731 fortitudine
827 2673 938 2752 quac
973 2648 1025 2724 sit
1051 2645 1268 2748 possibilis

176 2775 260 2848 tam
310 2769 363 2848 dc
404 2772 533 2848 matris
577 2793 698 2872 quam
741 2770 793 2848 de
835 2765 1022 2848 turribus
1062 2771 1105 2844 et
1144 2763 1270 2842 fossis

176 2916 255 2995 per
283 2891 480 2977 modum,
522 2890 636 2994 quod
677 2893 730 2968 da
757 2916 807 2969 ca
849 2896 1030 2990 nequeat
1070 2883 1268 2984 dubitari,

177 3017 220 3088 ct
259 3011 384 3090 etiam
440 3035 535 3090 cum
591 3035 714 3114 quam
756 3009 909 3087 minori
951 3029 1138 3111 expensa
1167 3005 1269 3086 ¹fleri

30 3225 34 3232 ⁴
181 3131 366 3236 poterit,
407 3141 534 3234 atquc
564 3131 791 3214 celeriter.
833 3131 929 3232 quia
969 3129 1009 3205 in
1038 3148 1158 3208 mora
1185 3149 1269 3204 non

181 3263 249 3331 est
277 3254 435 3356 absque
462 3252 682 3357 periculo,
726 3251 951 3331 ordinetur
980 3257 1026 3338 ct
1053 3247 1272 3327 mandetur

182 3375 441 3472 magistro
477 3373 664 3454 Picino
692 3371 927 3473 ingenierio
955 3378 1131 3464 nostro,
1159 3367 1271 3471 quod

181 3496 244 3572 irc
272 3493 425 3572 debeat
459 3492 630 3573 Jadrum
673 3493 723 3572 ad
751 3492 929 3571 dandum
971 3491 1159 3570 ordinum
1194 3483 1270 3566 toti

181 3613 279 3694 huic
295 3615 524 3703 laborario,
553 3621 596 3696 ct
622 3613 992 3693 adinveniendum
1021 3611 1190 3690 modum
1219 3607 1271 3684 de

181 3732 447 3841 apparatibus
475 3737 759 3833 necessariis,
789 3736 844 3812 ita
872 3741 919 3812 ut
946 3737 1106 3836 absque
1135 3727 1270 3834 pardi·

180 3857 295 3934 tione
323 3856 529 3958 temporis
554 3858 635 3934 isto
653 3861 848 3956 temporo
875 3879 1002 3942 novo,
1028 3849 1271 3954 deturprin-

181 3976 333 4079 cipium
363 3974 463 4054 huic
492 3974 625 4078 operi,
651 4031 660 4051 .
691 4029 701 4050 .
730 3981 812 4053 etc.
846 4027 854 4050 .
885 4032 893 4050 .
922 4028 971 4052 ..

485 4161 588 4228 Secr.
614 4143 711 4228 cons.
738 4150 859 4250 rogat.
884 4159 955 4264 bib.
979 4157 1072 4224 vill.
1097 4157 1154 4224 ch.
1176 4159 1228 4223 99.
