3226 5112
177 608 221 682 et
245 602 500 705 melioribus
542 603 744 708 ampliare
785 597 1022 700 favoribus,
1063 605 1264 707 ipsorum·

175 749 258 826 que
288 724 396 804 rotis
437 751 489 804 co
533 724 746 802 liberalius
784 709 1066 810 conformari,
1108 732 1264 827 quanto
1312 791 1324 802 .

176 846 345 925 ducatui
372 849 519 924 nostro
555 843 797 923 sinceritate
831 841 927 921 lidei
961 851 1002 922 et
1036 845 1265 924 affectionis

175 966 455 1068 magnitudine
482 965 770 1068 promptiores
800 963 1039 1045 omnimode
1065 991 1111 1044 se
1128 975 1265 1044 osten-

176 1087 289 1166 dunt.
338 1087 441 1165 Cum
469 1085 1267 1189 itaqueillustrisetmagnili·

176 1231 275 1285 cus
305 1205 921 1306 dominustieorgius‚
951 1204 1266 1305 deigratia

176 1327 875 1428 regnillaxiedespotus
909 1327 1267 1406 acdominus

176 1447 391 1528 Seruie
435 1455 518 1526 etc.
561 1447 764 1526 intensam
803 1447 1092 1536 affectionem,
1144 1475 1266 1551 quam

175 1591 253 1670 per
280 1569 512 1669 retrolapsa
540 1571 734 1670 tempora
763 1591 844 1646 nec
872 1566 1062 1644 minusin
1079 1568 1269 1669 presenti

176 1694 321 1766 nostre
349 1687 583 1789 reipublice
603 1684 957 1774 habuitethabet‚
985 1687 1269 1790 multipliciter

22 1884 47 1919 .·
176 1809 409 1888 ostenderit
448 1809 489 1885 in
528 1807 703 1894 cunctis,
745 1832 852 1909 quae
881 1811 931 1886 ad
965 1835 1044 1887 nos
1070 1811 1267 1889 ducatum

176 1937 383 2027 nostrum,
413 1927 732 2030 singularesque
755 1952 959 2029 personas
976 1931 1151 2006 ducatus
1167 1933 1269 2008 elus-

30 2077 34 2084 ·
124 2052 282 2144 ‘dem¹
304 2057 495 2152 spectant
524 2046 802 2149 otpertinent,
831 2045 1063 2126 liberaliter
1078 2055 1120 2126 et
1135 2050 1268 2129 lauda·
1351 2083 1352 2086 ¹

176 2171 318 2262 biliter
342 2196 389 2247 se
416 2167 772 2272 promptissimum
801 2167 1006 2247 exhibens
1050 2178 1092 2248 et
1131 2176 1268 2248 osten·

176 2299 293 2378 tans,
333 2288 619 2370 amicabilibus
661 2287 1001 2390 requisitionibus
1042 2290 1166 2368 nobis
1194 2315 1268 2368 sua

176 2419 296 2513 parte
323 2408 547 2512 porrectis,
574 2433 653 2511 per
679 2407 813 2484 virum
841 2409 1027 2487 nobilem
1056 2409 1268 2488 Nicolaum

178 2531 387 2614 Memmo,
428 2529 625 2608 dilectum
656 2528 789 2606 civem
817 2535 1009 2608 nostrum
1038 2537 1270 2609 oratorem·

180 2673 262 2753 que
290 2673 313 2726 a
339 2649 549 2752 presentia
577 2649 705 2752 ipsius
731 2649 905 2728 illustris
934 2649 1271 2754 dominidespoti

179 2770 419 2874 nuperrime
447 2772 695 2847 redeuntem
733 2778 775 2848 et
802 2781 1127 2872 exposcentem,
1156 2771 1270 2874 qnod

179 2893 360 2971 eundern
389 2892 595 2970 illustrem
626 2890 838 2969 dominum
866 2917 1052 2994 suosque
1081 2894 1189 2972 lilios
1218 2895 1271 2970 le·

180 3013 322 3112 gitime
347 3020 601 3115 procreatos
620 3021 663 3091 et.
685 3015 990 3116 procreandos,
1005 3014 1271 3114 dignaremur

181 3140 424 3211 ceterorum
453 3140 694 3212 nostrorum
724 3132 926 3211 nobilium
950 3133 1086 3211 nostri
1100 3134 1271 3212 maioris
1302 3229 1308 3241 ἱ

181 3251 349 3331 consilii
371 3277 548 3332 numero
572 3277 818 3355 aggregare,
839 3263 884 3332 ut
899 3251 1107 3332 benclicio
1123 3260 1270 3358 etpre-

183 3371 405 3452 eminentia
433 3372 568 3452 nostri
594 3373 762 3453 maioris
789 3372 964 3465 consilii,
990 3371 1165 3474 aliisque
1188 3373 1272 3474 dig·

182 3489 381 3570 nitatibus
407 3493 634 3594 privilegiis
663 3501 706 3570 et
734 3493 1007 3583 libertatibus,
1036 3491 1270 3593 quibusco-

64 3625 67 3629 ’
182 3609 285 3691 biles
313 3613 448 3692 nostri
476 3614 529 3692 de
556 3620 700 3692 nostro
729 3614 878 3692 maiori
911 3611 1083 3692 consilio
1110 3612 1273 3715 perfrui

183 3732 514 3834 dignoscuntur,
540 3735 630 3838 ipse
659 3745 701 3813 et
726 3733 881 3837 prefati
907 3733 996 3811 eius
1023 3731 1093 3811 lilii
1119 3734 1270 3832 gratio·

182 3851 268 3930 sius
299 3853 628 3954 congauderent..
657 3855 741 3932 Nos
759 3853 957 3933 alacriter
980 3860 1022 3930 et
1043 3850 1272 3931 liberaliter

156 3982 413 4052 annuentes
467 3977 815 4077 attendentesque
870 3972 1053 4052 eiusdem
1100 3972 1272 4053 illustris

183 4093 340 4171 domini
367 4093 538 4192 Georgii
563 4094 770 4172 sinceram
799 4093 1084 4181 affectionem,
1112 4094 1270 4172 ferven-

182 4215 361 4295 tisimam
390 4212 660 4292 devotionem
689 4221 815 4316 atque
838 4211 1173 4311 benivolentiam,
1200 4241 1272 4297 no·
