3234 5116
316 293 381 360 180

318 519 398 602 noo
427 506 470 578 et
498 519 642 578 onmes
670 492 937 600 Stephanus,
967 518 1026 576 ¹ao
1054 490 1246 598 quilibet.
1267 517 1413 575 eorum
1529 511 1534 522 ·

318 617 586 723 etipsonum
628 619 671 694 et
699 613 1064 718 uniuscuiusque
1106 617 1254 695 eorum
1295 619 1414 697 here·

160 729 162 736 ’
317 737 391 818 dee
419 739 460 816 in
486 737 677 816 Venetiis
707 745 747 813 et
776 743 897 814 extra
926 735 1078 838 ubique
1107 738 1315 835 iocorum,
1332 741 1416 840 ple·

320 849 489 936 dissime
518 855 730 956 gaudeant
757 861 967 959 perpetuo
998 865 1041 935 at·
1068 865 1250 936 utantur.
1284 857 1415 936 Nobis

320 1002 492 1082 quoque
535 977 646 1054 idem
673 974 883 1076 magnifici
924 977 1107 1082 domini,
1151 1003 1294 1057 comes
1334 981 1416 1056 Vo-

171 1101 178 1114 '
319 1123 408 1199 eae,
436 1123 582 1180 onmes
595 1098 785 1176 Volohus
813 1106 856 1178 et
884 1123 1030 1177 comes
1056 1097 1311 1204 Stephanus,
1341 1125 1419 1204 pen

320 1235 439 1297 suum
476 1224 806 1324 procuratorem
842 1217 1167 1318 legitimatam
1197 1221 1419 1322 evangelia

318 1349 462 1421 sanota
489 1340 831 1430 deisolenniten
868 1340 1076 1420 fidelitatis
1105 1341 1293 1421 debitum
1321 1367 1415 1448 pne·

323 1463 520 1542 stiterunt
553 1465 852 1561 juramentum
880 1461 1130 1565 adquorum
1160 1465 1347 1566 omnium
1376 1462 1417 1540 ii·

169 1584 174 1594 “
323 1583 420 1663 dem
448 1592 489 1662 at
517 1580 771 1662 evidentiam
800 1584 1050 1686 pleniorem,
1079 1607 1256 1688 presens
1295 1585 1422 1689 privi-

321 1705 474 1806 legium
518 1701 609 1782 fiori
641 1705 843 1802 jussimus
880 1711 923 1782 et
958 1702 1070 1820 huila
1104 1713 1249 1784 nostra
1292 1729 1422 1784 aurea

323 1822 537 1928 pendente
565 1821 731 1902 muniri.
764 1822 915 1901 Datum
944 1826 984 1901 iu
1013 1833 1162 1902 nostro
1191 1823 1327 1901 ducali
1356 1847 1423 1926 pa.

319 1944 443 2035 latin,
471 1969 579 2024 anuo
616 1945 831 2024 dominice
860 1947 1163 2026 incarnationis
1194 1943 1423 2022 millesimo

319 2064 731 2170 quadringentesimo
760 2067 971 2167 vigesimo
1001 2069 1143 2165 tentio,
1174 2067 1328 2144 mensis
1351 2065 1428 2142 Fu·

322 2187 479 2266 bnuanii
507 2187 574 2264 die
603 2187 939 2276 terciodecimo,
967 2189 1200 2268 indictione
1224 2186 1426 2268 secunda.

742 2394 849 2462 Liber
871 2393 1145 2482 privilegiorum
1169 2395 1194 2484 Ι.
1222 2395 1277 2460 oh.
1303 2396 1377 2460 199.

352 2701 718 2809 ccchxvss.
775 2725 887 2802 suaa.
942 2727 1003 2800 ιο.
1055 2719 1404 2815 Februarii,

336 2851 344 2860 '
551 2841 852 2931 ludicen,
900 2843 1195 2922 venetiis·

322 3074 553 3152 aptannacus,
588 3073 710 3132 anion
742 3071 931 3132 Maenanaisi
964 3073 1083 3146 dyaapn
1115 3071 1284 3150 nonnpbye
1319 3093 1423 3135 nean·

323 3195 412 3238 noun
436 3177 584 3252 aoitsopn
607 3180 778 3252 canpaay,
814 3195 895 3238 aena
920 3179 1044 3236 annona
1079 3195 1207 3254 upana,
1231 3197 1249 3235 ιι
1273 3197 1423 3256 ynoaope

519 3286 690 3342 nonnoalae
724 3281 849 3374 anseny
880 3281 1035 3340 Maenasa
1080 3299 1098 3338 ιι
1133 3283 1225 3369 ιιιιιιι.1

424 3501 694 3602 PriviIegium
715 3501 937 3603 magnifico
967 3502 1178 3583 domino
1209 3503 1424 3584 Sandali

322 3649 590 3715 conoessum,
629 3623 850 3704 continens
877 3649 1079 3727 pacem
1126 3635 1167 3704 et
1196 3629 1421 3707 concordi·

321 3769 391 3822 um
421 3769 515 3826 eum
533 3769 585 3824 eo
615 3745 785 3842 fautum,
814 3767 895 3846 pen
908 3745 1181 3846 spectabilem
1200 3754 1241 3824 et
1257 3747 1422 3848 egregi-

320 3889 389 3942 um
413 3866 564 3956 virum,
592 3864 806 3944 dominum
834 3863 1138 3944 Johaunem
1166 3865 1414 3968 Georgio

321 3981 670 4065 ambassiatorem
707 3985 884 4086 dominij
927 3989 977 4064 ad
1016 3987 1154 4090 ipsum
1183 3987 1420 4076 dominum;

323 4112 366 4182 ot
393 4109 566 4209 insuper
593 4107 797 4186 deoem
828 4107 1093 4211 capitula
1121 4117 1321 4214 porrecta
1347 4110 1422 4186 do·
