3206 5110
299 609 433 694 nibus,
449 613 493 683 et
510 605 748 693 fortindieti
763 605 1129 706 eomitisfleorgii,
1140 609 1205 685 vel
1222 607 1399 686 mtrem

298 749 487 820 suornm,
514 727 580 802 vel
610 727 947 827 propingvornrn
972 745 1146 804 snorum
1175 751 1248 805 seu
1265 715 1401 825 gentis

300 871 379 925 sne
394 847 500 926 inira
517 847 739 924 ternrinu'm
756 847 1099 950 supraseriplnnn
1115 849 1227 948 qnoll
1246 848 1327 924 non
1344 856 1404 924 le·

300 974 451 1045 nentur
478 971 532 1047 (le
548 978 725 1070 trengnn
741 969 945 1073 prediola,
974 971 1091 1048 selvo
1121 975 1260 1046 temen
1284 969 1401 1070 qnod

302 1089 337 1164 si
349 1089 504 1190 aliquid
523 1090 675 1188 lignum
693 1089 758 1166 rel
775 1095 918 1190 seytea
934 1089 1133 1168 exivisset
1145 1097 1265 1168 extra
1277 1075 1403 1166 Almi-

300 1207 424 1301 sium,
440 1209 506 1286 vel
525 1209 656 1288 terris
672 1211 759 1288 suis
770 1211 836 1288 vel
850 1211 989 1311 eliqua
1003 1233 1147 1287 esrum
1163 1217 1258 1286 ante
1274 1228 1399 1310 qnam

300 1337 459 1406 terrem
486 1327 752 1432 perdidisset,
782 1335 826 1405 et
853 1331 1011 1408 dietum
1042 1330 1196 1429 lignum
1222 1329 1289 1406 rel
1312 1352 1398 1427 say-

298 1458 366 1528 ten
383 1451 544 1530 laceret
557 1449 739 1554 depnnm
752 1450 936 1552 aliquod,
949 1449 1399 1528 tenentursnlisiaeere

299 1567 455 1647 dielnni
472 1569 698 1671 ‹lampnnm
715 1570 755 1646 in
784 1568 969 1647 terminis
984 1571 1301 1670 suprascriptis,
1317 1575 1399 1645 inm

299 1691 334 1764 si
351 1689 504 1787 lignum
535 1689 695 1768 rediret
722 1689 775 1766 :ld
792 1689 887 1767 lone
900 1689 1090 1792 prediola
1107 1703 1231 1792 qnotn
1247 1715 1346 1781 non,
1360 1701 1401 1766 et

298 1809 515 1888 satisfacto
543 1810 724 1911 dampno
764 1833 850 1887 non
889 1816 1093 1887 teneatur.

400 1929 577 2032 iusuper
611 1929 830 2030 predictus
856 1926 1051 2006 dominus
1079 1927 1288 2027 Georgius
1331 1955 1399 2007 co·

299 2073 388 2126 mes
415 2061 493 2150 per
520 2073 578 2158 se,
607 2047 648 2126 el
676 2071 780 2127 snos
808 2045 1026 2134 homines,
1066 2054 1108 2125 et
1135 2048 1303 2127 tremine
1332 2048 1400 2124 lio·

140 2217 143 2228 ·
227 2225 230 2238 .
300 2169 467 2255 minum,
495 2167 538 2247 el
566 2170 761 2246 comunis
786 2167 964 2258 Almisii,
993 2173 1036 2244 nt
1065 2167 1302 2272 predictum
1339 2177 1402 2246 est

292 2288 450 2387 juravit
490 2289 540 2365 ed
570 2295 714 2367 sanein
757 2289 834 2365 Dei
863 2289 1083 2387 evangello
1120 2289 1401 2390 corporaliter

300 2415 414 2486 laeto
444 2408 553 2494 libro
584 2410 624 2485 in
654 2407 831 2488 animem
860 2429 1005 2502 snam,
1044 2415 1088 2485 et
1114 2425 1292 2485 suornm
1331 2409 1400 2486 ho·

300 2530 469 2617 minum,
500 2553 550 2606 ee
578 2527 795 2608 hominnm
809 2529 977 2608 Almlsii
1005 2530 1322 2632 predictorum,
1350 2538 1402 2608 el-

300 2647 490 2738 tendere,
518 2657 561 2727 el
590 2651 836 2738 observare,
864 2655 908 2727 el
934 2651 1179 2752 adimplere,
1204 2658 1247 2728 et
1273 2656 1400 2729 alten·

299 2769 355 2857 di,
384 2777 428 2848 et
460 2769 695 2860 observari,
724 2777 768 2846 et
786 2767 1017 2871 'adimpleri
1033 2767 1189 2856 facere,
1205 2769 1346 2847 omnin
1362 2775 1402 2845 el

298 2890 462 2988 singule
490 2883 740 2990 supseripltn
769 2897 813 2965 et
841 2885 1032 2988 quolibet
1060 2883 1223 2981 eornm,
1251 2898 1294 2967 et
1322 2911 1401 2964 non

301 3019 454 3092 contre
484 3009 723 3112 incererel
753 3009 900 3086 venire
928 3006 1078 3085 eontra
1105 3009 1312 3108 predicte,
1336 3009 1401 3084 rel

302 3132 459 3234 aliquid
489 3128 789 3234 predictorum,
805 3145 882 3230 p'or
909 3152 954 3204 se
981 3129 1047 3204 rel
1077 3128 1203 3206 ellum
1232 3155 1306 3206 sen
1334 3129 1399 3205 ali-

300 3278 409 3354 quos
436 3252 572 3354 aliqua
602 3253 779 3335 ratione,
807 3248 1005 3348 ingenio,
1032 3247 1121 3326 sive
1159 3274 1295 3339 eausa,
1323 3248 1398 3326 snb

299 3393 407 3476 pene
437 3373 635 3450 librorum
664 3369 807 3469 viginti
834 3369 1004 3447 millium
1020 3369 1290 3448 denariorum
1321 3373 1396 3448 Ve-

298 3503 491 3573 netorum
520 3507 760 3599 parvorum,
788 3491 964 3569 solemni
992 3489 1266 3594 stipulatione
1306 3514 1396 3594 pro·

299 3617 437 3694 missa.
489 3617 626 3693 Verso
655 3613 749 3692 viee
779 3611 995 3716 predictus
1035 3609 1231 3687 dominns
1259 3599 1396 3709 linge·

298 3738 385 3816 rius
413 3735 678 3815 Mnuroeeno
707 3751 853 3812 comes
881 3731 1014 3820 ledre,
1043 3732 1213 3811 nornine
1236 3738 1279 3809 el
1305 3731 1396 3808 rice

299 3857 403 3936 dicti
429 3855 587 3936 domini
613 3855 732 3934 ducis
761 3853 955 3931 comunis
983 3859 1026 3929 et
1066 3851 1283 3930 hominnm
1323 3851 1394 3928 Ve
1440 3882 1442 3886 ⁴

298 3977 517 4067 notiorem,
531 3973 828 4076 habitatorum,
847 3977 890 4049 el
903 3971 1191 4050 subiectorum
1215 3971 1393 4049 lidelinm

178 4199 179 4203 Ἴ
299 4123 348 4178 ac
376 4097 696 4177 distriolnnlinm
726 4119 910 4183 suornm,
940 4093 1125 4181 nuncius,
1141 4091 1342 4193 syndicus
1356 4095 1394 4165 et

300 4220 561 4320 procurator
582 4217 777 4320 speeinlls
793 4212 969 4292 illustris
986 4211 1142 4292 domini
1160 4213 1274 4294 Pelri
1290 4209 1393 4286 Grai·
