3220 5118
151 559 448 668 Delphino
487 557 780 652 Venerio,
808 557 920 638 ituro
950 558 1240 642 ambassiatori

11 730 17 761 t
151 675 1115 786 nostraadpatres'Purohie.:....

252 835 337 915 Nos
363 833 552 912 Thomas
577 833 808 932 Macenigo
837 841 908 912 eto
933 882 944 912 .
973 891 982 906 .
1010 891 1021 914 .
1048 895 1057 910 .
1085 837 1242 918 dabam

153 959 214 1036 irc
240 963 390 1036 noster
416 954 688 1076 ambassiator
714 953 766 1034 ad
796 953 1029 1034 Chiriai
1069 955 1243 1037 Sotda·

152 1077 680 1156 num'l'urchorum
683 1127 923 1154 .......
990 1109 993 1116 ·

254 1231 307 1310 Et
333 1230 370 1310 si
396 1231 557 1335 poteris
598 1228 793 1307 obtinere
824 1233 867 1306 et
895 1231 1151 1310 confirmare
1178 1249 1245 1336 pa·

152 1377 247 1434 cem
273 1377 356 1458 per
372 1354 523 1430 modos
551 1351 745 1453 superius
774 1351 1026 1438 declaratos,
1053 1355 1246 1432 volumus

152 1473 267 1576 quod
308 1473 438 1551 facies
478 1469 570 1550 tieri
598 1471 758 1550 litteras
787 1479 828 1549 et
862 1479 1119 1578 praecepta,
1160 1483 1245 1555 tam
1385 1456 1390 1462 ’

151 1617 233 1696 pro
275 1591 464 1696 partibus
505 1591 730 1680 Albaniae,
772 1606 893 1693 quam
930 1617 1011 1696 pro
1053 1590 1245 1674 omnibus

41 1739 46 1745 ·
150 1713 341 1818 partibus
371 1721 413 1792 et
440 1714 555 1800 tocie,
590 1715 632 1792 in
661 1713 828 1793 efficaci
856 1719 898 1790 et
924 1713 1074 1794 stricta·
1099 1715 1248 1807 torma,

139 1835 206 1914 »od
233 1835 398 1914 Balaam
440 1833 804 1934 Stracimiri,
846 1836 898 1930 ad
941 1834 1154 1934 Coiam‚
1197 1837 1247 1914 ad

151 1953 396 2038 inanum
425 1951 742 2046 Casta-inti,
769 1962 813 2032 et
839 1953 891 2030 ad
917 1947 1059 2033 Bitri
1093 1953 1246 2033 ionu-

153 2101 247 2168 na‚
274 2085 317 2154 et
345 2077 395 2155 ad
424 2077 685 2180 capitaneum
716 2074 842 2154 castri
883 2075 1087 2178 Croye,
1128 2083 1171 2154 et
1198 2074 1248 2153 ad

154 2221 303 2276 omnes
337 2197 443 2274 alios
486 2219 584 2274 suos
627 2195 871 2299 capitaneos
898 2195 1153 2299 inpartibus
1182 2197 1249 2278 At·-

154 2312 316 2406 baniae,
345 2325 386 2394 et
414 2317 455 2393 in
485 2315 680 2395 omnibus
707 2315 799 2394 aliis
827 2314 1041 2418 partibus,
1070 2340 1148 2418 pro
1178 2318 1250 2394 ob·

154 2435 398 2514 servatione
438 2436 581 2540 pacis,
622 2443 664 2515 et
693 2435 893 2515 conclusa
935 2435 1046 2516 dicta
1073 2457 1180 2540 pace
1207 2443 1250 2513 et

153 2553 306 2636 habitis
334 2554 483 2635 litteris
511 2556 811 2662 suprascriptis
815 2613 1016 2635 ......

260 2731 438 2813 sivero
469 2733 664 2814 obtinere
704 2758 787 2812 non
814 2755 963 2837 posses
1003 2731 1155 2812 dictam
1182 2753 1250 2838 pa

158 2879 253 2935 cem
280 2877 360 2959 per
382 2852 531 2935 modos
558 2855 754 2958 superius
781 2853 1034 2941 declaratos,
1061 2851 1252 2930 volumus

9 3173 10 3180 a
154 3119 242 3174 non
270 3093 427 3176 habeas
459 3095 699 3174 libertatem
727 3118 855 3200 posse
883 3093 991 3172 aliud
1021 3091 1181 3182 tacere,
1210 3099 1254 3170 et

157 3215 272 3320 quod
312 3216 476 3297 scribes
503 3219 653 3294 nostro
696 3215 906 3306 dominio;
948 3220 990 3294 et
1016 3221 1180 3317 sumpta
1209 3214 1252 3292 ii·

158 3336 296 3416 centia
322 3360 346 3413 a
374 3337 489 3416 dicto
521 3335 751 3435 Chirioi,
793 3335 936 3415 venias
963 3359 1095 3438 super
1122 3357 1252 3414 arma·

7 3547 9 3560 Σ
84 3444 88 3452 ’
158 3465 199 3536 ta
228 3465 375 3538 nostra
400 3459 620 3563 predicta,
658 3482 787 3562 super
813 3482 895 3561 qua
920 3459 1113 3536 volumus
1141 3456 1254 3560 quod

7 3641 9 3674 Γ
157 3577 216 3654 sis
244 3577 468 3678 provisor,
510 3584 553 3656 et
578 3578 701 3656 simul
730 3601 827 3658 cum
855 3577 1076 3682 capitaneo
1104 3579 1253 3654 nostro

7 3705 8 3708 ‘
160 3693 325 3802 Cuiphi,
353 3697 539 3778 debeatis
558 3723 770 3778 summere
800 3721 968 3782 ornnem
996 3697 1254 3778 informatio·

158 3841 255 3896 nem
295 3820 541 3924 possibilem
572 3821 615 3898 in
651 3819 840 3924 partibus
881 3819 987 3906 iltis,
1027 3820 1081 3913 de
1107 3819 1184 3898 viis
1212 3827 1256 3898 ot

158 3937 318 4024 modis,
361 3937 510 4041 quibus
540 3944 683 4043 posset
710 3936 965 4018 damnificari
993 3937 1129 4018 dictus
1158 3936 1251 4016 Chi·

160 4059 239 4140 rici
268 4083 318 4140 ac
348 4062 438 4138 eiua
467 4063 562 4142 loca
591 4072 634 4140 at
659 4059 839 4151 subditi,
880 4069 963 4140 tam
991 4083 1070 4164 per
1096 4068 1253 4143 terram

9 4215 11 4246 ι
160 4202 285 4284 quam
325 4203 405 4284 per
446 4203 623 4284 aquam,
664 4188 707 4258 et
745 4179 988 4282 specialiter
1028 4205 1108 4285 per
1145 4181 1254 4258 viam

162 4295 525 4393 Choromani,
563 4295 820 4380 Mustaie
860 4307 904 4382 et
943 4301 1172 4389 Vlachi
1212 4307 1256 4381 et
