3236 5108
310 433 376 499 256

317 638 392 721 cia,
422 644 464 714 et
490 638 531 714 in
548 636 586 712 la
612 635 812 722 Turchia,
828 635 924 714 ctin
953 635 994 710 lo
1024 658 1114 712 mar
1141 643 1184 713 ct
1204 636 1244 713 in
1274 643 1400 728 terra,

315 758 395 836 che
425 760 500 836 tuti
529 759 541 834 i
568 759 800 856 Veniciani
831 765 872 836 et
902 756 970 836 chi
990 757 1209 835 Veniciani
1236 783 1283 835 se
1312 783 1401 860 spa·

312 901 374 974 za,
406 903 503 956 cum
521 885 610 956 tuto
637 903 688 956 so
715 878 859 970 hever,
887 875 940 953 ch
968 875 980 952 i
1007 901 1135 980 possa
1164 899 1332 954 mercar
1359 877 1399 954 in

313 995 342 1072 ii
371 997 484 1098 iuogi
526 999 578 1074 de
615 999 654 1075 la
681 997 761 1076 min
800 995 984 1094 signoria
1036 1018 1160 1072 senza
1201 994 1329 1074 dubio
1360 1000 1403 1070 et

315 1118 571 1197 condracion
587 1119 747 1219 aiguno.
777 1119 903 1222 Epcr
930 1142 981 1194 zo
1000 1116 1039 1194 di
1056 1125 1207 1220 questo
1238 1126 1405 1197 conten-

315 1245 355 1317 ta
383 1239 420 1316 ln
436 1241 518 1316 mia
545 1239 740 1340 signoria,
769 1236 850 1316 che
880 1238 908 1315 li
936 1235 1010 1314 diti
1037 1236 1149 1342 pacti
1178 1263 1403 1318 econven·

315 1361 426 1460 cion,
457 1361 510 1440 ch
539 1387 564 1437 o
593 1360 666 1438 fati
695 1385 789 1439 cum
818 1359 858 1434 lo
899 1365 1048 1436 vostro
1076 1357 1337 1437 ambasiator
1366 1359 1403 1436 ei

284 1483 442 1559 -nobel
483 1483 613 1562 homo
643 1481 795 1559 misser
847 1479 1088 1559 Francesco
1142 1479 1315 1580 Querini
1342 1479 1403 1557 sie

315 1603 437 1682 fcrmi
465 1611 507 1682 et
535 1603 613 1683 rati
641 1605 681 1680 in
710 1602 735 1678 i’
762 1627 910 1681 anema
939 1602 1031 1689 mia,
1059 1607 1102 1680 et
1127 1627 1204 1706 per
1230 1603 1270 1681 le
1297 1609 1404 1680 teste

316 1723 368 1800 de
384 1724 465 1801 mie
481 1722 580 1804 iioii.
595 1722 762 1826 Scripta
775 1722 804 1799 ii
817 1721 916 1800 xxi
932 1722 984 1801 da
1002 1723 1135 1812 Maro,
1151 1721 1192 1801 in
1210 1721 1404 1802 Caraseri

314 1843 532 1922 indicione
558 1842 659 1921 xm
686 1844 754 1922 del
782 1848 896 1922 6898.

829 1965 1071 2031 commemor.
1094 1961 1190 2030 Vnt.
1207 1963 1264 2030 ch.
1288 1963 1361 2029 150.

523 2151 791 2256 cnxxn.
834 2174 946 2249 uso.
975 2176 1012 2250 s.
1040 2169 1201 2250 iulii.

319 2346 505 2421 Opronopn
529 2363 644 2423 uparro
657 2349 899 2416 suessorum,
921 2363 960 2418 pa
974 2363 1013 2422 cy
1028 2363 1137 2406 uncus
1160 2349 1287 2406 ancona
1310 2345 1406 2422 npii·

318 2469 414 2521 caan,
440 2470 458 2508 rr
483 2469 519 2524 pa
543 2455 585 2510 tre
610 2471 654 2511 no
679 2450 833 2510 niranoit
857 2467 967 2510 uersu
1005 2454 1182 2511 Maerens·
1215 2449 1306 2512 raris
1330 2467 1405 2510 oue-

323 2573 447 2614 rmnarrr
481 2558 611 2617 annone
648 2572 842 2616 nocuaanrre
864 2573 885 2630 y
908 2555 1118 2636 lurconum,
1140 2573 1178 2629 pa
1201 2555 1234 2616 iit
1260 2571 1408 2632 npenaae

770 2661 959 2736 uniuersa.

421 2792 796 2897 Capta:Scribatur
823 2793 1044 2874 domino
1072 2794 1204 2896 regi
1231 2794 1408 2873 Bossi-

319 2939 422 2994 nae
451 2915 491 2992 in
519 2915 599 2995 hac
621 2917 768 2996 torma:
797 2917 1026 3018 Majestatis
1053 2921 1220 2995 vestrae
1248 2917 1408 2996 litteras

321 3035 435 3114 datas
463 3035 643 3115 Seteskc
669 3038 802 3118 xvlr.
856 3037 973 3116 iunii
1009 3039 1205 3142 proxime
1244 3043 1437 3142 praete·-

321 3153 403 3238 riti,
419 3155 666 3260 sospitatem
695 3161 819 3261 atque
837 3157 986 3238 felices
1002 3183 1228 3238 successus
1254 3157 1408 3235 sereni·

320 3273 413 3352 tatis
440 3283 609 3356 vestrae
639 3278 831 3358 fraterno
863 3304 986 3357 more
1023 3278 1254 3358 distinctius
1283 3263 1411 3354 nunti·

323 3400 451 3484 antes,
480 3396 566 3472 leto
595 3396 728 3476 corde
756 3398 1034 3505 suscepimus.
1064 3398 1179 3499 Quae
1207 3397 1409 3501 profecto

322 3511 440 3590 nobis
479 3516 812 3596 consolationem
854 3520 1076 3596 maximam
1115 3517 1343 3596 attuierunt
1370 3521 1414 3592 et

323 3634 540 3734 gaudium,
583 3661 680 3714 cum
708 3662 787 3740 per
812 3639 924 3744 ipsas
980 3641 1141 3718 litteras
1183 3637 1308 3715 etiam
1336 3659 1414 3742 per

325 3777 468 3832 earum
498 3756 675 3835 latorem
705 3761 960 3852 noverimus,
987 3759 1261 3838 serenitatem
1304 3755 1411 3855 regi·

324 3899 387 3952 am
429 3876 521 3952 fore
575 3876 830 3958 incolumem
871 3885 913 3958 et
934 3881 1179 3980 iocundam,
1220 3902 1273 3955 ex
1316 3899 1415 3978 quo·

324 4018 414 4070 rum
443 3994 732 4076 notificatione
762 4002 989 4098 gratiarum
1028 4000 1217 4078 actiones
1257 3994 1413 4075 exolvi·

324 4141 414 4192 mus
443 4118 649 4212 majestati
676 4127 853 4207 restrae,
883 4121 949 4200 cui
977 4120 1133 4225 placuit
1160 4121 1212 4196 de
1240 4117 1415 4223 promis·

322 4238 378 4314 sis
400 4224 581 4315 'efficere
609 4263 685 4316 nos
715 4240 905 4347 fraterne
928 4239 1171 4344 participes.
1211 4237 1420 4318 Ceterum·
