3226 5112
1199 377 1264 452 alb

172 619 247 672 eos
275 595 390 692 cives
417 593 583 672 obviam
611 591 689 670 sibi
716 583 834 680 mitti,
866 591 935 694 qui
965 592 1262 670 excellentiam

172 741 287 794 suam
318 716 358 792 in
387 714 497 794 dieta
525 713 667 792 Patria
697 710 979 791 introducant.
1005 711 1058 790 ut
1083 710 1263 790 debeant

170 837 249 938 ipsi
291 839 406 914 cives
445 835 582 914 nostri
622 835 868 912 societatem
910 857 1026 911 suam
1056 834 1293 930 allogiare-

168 981 247 1060 per
272 981 321 1034 ea
349 958 446 1035 loca
473 960 629 1043 nostra,
658 977 766 1056 quae
795 957 835 1032 ei
863 953 1091 1032 videantur.
1125 954 1180 1032 Et
1208 953 1263 1057 ip·
1399 1035 1401 1040 ,

169 1103 261 1156 sum
276 1103 380 1158 vero
400 1079 615 1154 domiuum
643 1079 955 1178 despotum
986 1101 1081 1156 eum
1111 1075 1265 1154 familia

168 1223 240 1276 sua
270 1207 311 1275 et
338 1195 548 1276 nobilibus
578 1197 682 1285 eius,
710 1196 750 1273 iu
780 1219 959 1274 numero
996 1201 1132 1272 tamen
1164 1197 1259 1273 oon·-

167 1319 366 1410 venienti,
394 1318 595 1418 allogieut
621 1315 660 1394 iu
689 1315 771 1394 illis
798 1317 926 1393 terris
950 1319 1124 1408 uostris,
1156 1337 1264 1416 quae

171 1441 300 1538 magis
327 1439 367 1514 ei
395 1447 536 1536 gratae
565 1439 670 1524 siut,
698 1436 892 1515 habendo
921 1441 1063 1514 tamen
1091 1457 1264 1539 semper

171 1559 476 1638 advertentiam
505 1557 554 1634 ad
584 1557 858 1636 securitatem
889 1558 1262 1635 lucorumuostro·

135 1705 275 1775 ¹rum,
318 1689 361 1758 et
388 1678 633 1782 specialiter
669 1679 721 1758 ad
749 1677 891 1756 locum
935 1677 1178 1764 Clusae,
1220 1679 1264 1752 at

169 1802 282 1902 quod
312 1801 404 1902 ipse
434 1802 659 1880 commode
688 1799 910 1898 allogietur
939 1807 981 1877 et
1007 1799 1168 1874 babere
1195 1819 1260 1872 va·

170 1921 254 1998 leat
281 1919 359 1998 sibi
375 1921 629 1999 necessaria.
672 1919 775 1997 Cum
799 1928 938 1998 autem
955 1916 1262 2021 appropiugva·
1356 1975 1360 1984 .

168 2040 280 2119 bitur
307 2040 345 2118 ei
375 2039 541 2120 obviam
570 2043 632 2118 ire
662 2039 876 2136 debeatis,
920 2039 954 2114 si
984 2039 1169 2116 comode
1197 2038 1261 2112 ire

95 2211 96 2215 κ
167 2161 386 2263 poteritis,
418 2167 460 2240 et
489 2185 583 2240 eum
611 2161 784 2240 visitare
812 2164 855 2236 et
881 2159 1193 2243 honorarent
1218 2155 1260 2233 iu
1337 2223 1341 2230 .
1397 2199 1398 2204 Ν

168 2283 392 2384 colloquiis
419 2307 526 2384 quae
555 2308 651 2362 eum
675 2282 930 2376 excellentia
945 2305 1019 2358 sua
1035 2277 1262 2364 babebitis,

166 2402 207 2479 ei
235 2403 455 2482 declarare
483 2402 700 2492 debeatis,
730 2402 842 2506 quod
871 2402 922 2478 ad
951 2401 1039 2502 eius
1066 2423 1261 2504 praesen·

166 2525 264 2600 tiam
292 2522 430 2603 subito
460 2523 626 2601 missuri
654 2549 796 2601 sumus
831 2525 884 2600 de
922 2524 1078 2601 nostris
1114 2518 1259 2598 nobili·

168 2647 257 2738 bus,
300 2667 377 2748 pro
418 2646 675 2724 honorando
703 2669 820 2724 suam
858 2645 1178 2732 excellentiam
1219 2647 1262 2719 et

166 2768 359 2849 volumus
394 2775 440 2844 ut
475 2769 514 2845 ei
541 2771 814 2868 praesentare
842 2764 1034 2842 debeatis
1061 2765 1102 2840 iu
1132 2763 1258 2839 rebus

167 2883 496 2964 comestibilibus
532 2910 611 2988 pro
649 2885 767 2962 libris
796 2882 990 2962 ducentis
1017 2907 1263 2986 parvorum,

166 3007 219 3084 de
247 3005 438 3108 pecuniis
465 3006 635 3084 nostris.
690 3005 742 3084 ut
769 3004 872 3084 dare
908 3003 1027 3080 vobis
1070 3003 1262 3083 debeatis

169 3149 343 3225 operam
369 3125 633 3224 intelligendi
674 3123 770 3226 quid
799 3124 852 3201 sit
881 3124 1092 3210 facturus,
1119 3123 1262 3200 videli-

167 3251 249 3331 eet,
290 3243 325 3320 si
363 3252 427 3322 est
452 3243 537 3322 huo
564 3253 786 3331 venturus,
817 3251 860 3322 et
887 3245 1068 3345 quoodo,
1096 3253 1138 3321 et
1166 3243 1261 3322 oum

167 3374 320 3468 quanta
347 3371 413 3442 est
438 3367 658 3452 societate,
686 3373 729 3442 et
756 3365 934 3464 qualiter
961 3364 1197 3442 associatus
1220 3369 1264 3440 et

167 3486 209 3562 iu
238 3486 402 3578 ordine,
430 3491 473 3562 et
500 3486 552 3563 de
577 3487 774 3564 omnibus
788 3487 930 3565 subito
948 3511 1026 3588 per
1040 3485 1260 3589 proprium

168 3605 374 3686 caballum
402 3631 479 3684 nos
508 3607 720 3686 advisutis.

213 3777 215 3781 -
270 3728 323 3806 Et
352 3753 542 3808 essemus
570 3729 761 3808 contenti
791 3729 970 3831 quodsi
999 3735 1144 3831 posset
1170 3726 1262 3807 fieri

166 3850 329 3950 absque
358 3839 482 3949 'quod
519 3850 809 3927 retardaretur
851 3849 1047 3927 introitus
1084 3847 1264 3951 praelati

166 3968 325 4046 domiui
366 3969 391 4042 d
410 3995 433 4045 e
449 3993 468 4044 s
484 3993 509 4070 p
527 3995 552 4046 o
569 3970 612 4046 ti
646 3971 687 4048 in
715 3969 873 4058 Patria,
905 3970 945 4047 in
974 3993 1163 4063 numero¹
1182 3969 1264 4046 die·

166 4095 304 4166 torum
347 4089 550 4168 nobilium
587 4091 889 4170 mittendorum
931 4073 1171 4168 obviamx
1203 4113 1264 4166 su·

167 4213 409 4316 praecripto
447 4213 683 4293 domiuo
720 4215 1002 4319 despoto,
1040 4215 1184 4290 esseut
1209 4208 1263 4286 de

1019 4333 1059 4399 3*
