3236 5108
363 333 429 440 rei

365 565 607 682 hucusque,
651 587 694 656 et
721 533 760 656 si
796 577 1033 656 remanebit
1074 600 1168 656 cum
1211 577 1277 656 his
1317 579 1459 660 verbis

369 707 607 787 contentus,
644 701 698 776 ita
729 700 859 806 quod
884 723 966 774 nou
1010 697 1133 774 iaciat
1161 697 1274 776 iiiam
1316 703 1458 780 monti·-

366 845 505 906 onem,
535 819 586 894 do
615 818 797 896 volendo
827 817 955 892 ievari
984 839 1114 919 super
1141 820 1457 918 uostrisgaicis

367 941 428 1014 vei
460 938 550 1014 aiiis
574 935 730 1014 uostris
758 937 943 1035 navigiis,
972 935 1265 1037 benequidem
1292 939 1327 1015 si
1356 963 1459 1016 vero

368 1060 447 1161 ipsi
476 1059 616 1158 bajulo
658 1057 889 1160 replicaret
930 1057 1084 1133 iactum
1120 1066 1162 1136 ct
1189 1066 1356 1162 poteret
1397 1082 1458 1135 re·
1533 1143 1536 1150 ,

364 1179 627 1281 spousivam‚
669 1185 766 1256 tunc
818 1175 896 1252 sibi
937 1179 1085 1255 dicere
1127 1179 1301 1269 debeat,
1343 1180 1459 1282 quod

368 1301 560 1376 maiestas
589 1323 662 1375 sua
700 1296 847 1375 reddat
873 1324 918 1374 sc
949 1307 1122 1388 certum,
1154 1301 1265 1401 quod
1293 1299 1459 1404 imperi·

365 1428 506 1498 umet
540 1427 694 1497 etatum
735 1443 855 1496 suum
897 1423 1078 1521 puroet
1117 1420 1285 1498 sinccro
1326 1424 1458 1500 corde

363 1539 584 1638 diligimus,
603 1549 645 1616 et
672 1549 904 1643 propterea
918 1541 1112 1618 videntes
1130 1540 1254 1618 dubia
1281 1552 1325 1620 et
1339 1567 1457 1644 prae·

364 1659 489 1746 dicta,
505 1683 612 1762 quac
627 1659 910 1738 verisimiliter
924 1667 1126 1738 eventura
1155 1662 1296 1739 forcut
1322 1664 1376 1740 dc
1405 1661 1456 1738 ie·

365 1783 561 1857 vameuio
591 1788 634 1856 ct
660 1787 774 1855 motu
818 1803 919 1869 suo,
959 1779 1211 1857 nullomodo
1251 1780 1329 1858 sibi
1371 1781 1458 1860 hoc

367 1901 625 2006 persuadere
667 1901 942 1995 auderemus3
976 1899 1244 1978 nihilomiuus
1287 1905 1454 2004 qtrando

356 2025 558 2100 'maiestas
598 2043 673 2098 sua
715 2022 974 2099 deliberaret
1013 2045 1059 2098 sc
1101 2021 1240 2098 levare
1278 2031 1321 2102 ct
1361 2049 1457 2102 cum

365 2143 522 2222 uostris
551 2141 679 2240 galcis
707 2144 774 2218 vei
804 2141 891 2218 uiiis
928 2144 1083 2221 uostris
1112 2144 1283 2243 navigiis
1311 2145 1457 2222 venire

366 2265 416 2339 ad
444 2263 656 2340 civitatem
685 2271 871 2340 nostram
902 2262 1193 2352 Venetiavum,
1238 2255 1383 2341 reddat
1410 2288 1458 2342 se

366 2380 656 2468 certissimum,
685 2382 796 2483 quod
825 2385 957 2485 ipsam
978 2375 1094 2460 suam
1124 2384 1385 2462 maiestatem
1415 2390 1461 2462 et

366 2496 605 2580 comitivam
648 2525 761 2578 suam
801 2503 1041 2580 videremus
1083 2513 1126 2581 ct
1167 2498 1459 2608 reciperemus
1507 2522 1512 2528 ’

366 2645 459 2700 cum
489 2621 556 2698 iiia
585 2621 851 2706 reverentia,
881 2621 1054 2699 caritate
1083 2633 1125 2700 et
1153 2621 1458 2706 benevolentia,

366 2767 473 2846 qirac
502 2747 679 2821 deceret
707 2767 824 2820 suam
854 2743 1149 2821 excellentiam
1180 2742 1231 2822 ct'
1249 2743 1456 2821 honorem

365 2873 570 2954 nostrum,
612 2870 654 2940 et
689 2864 944 2943 haberemus
984 2865 1193 2964 ipsomet
1234 2863 1343 2942 bouu
1382 2887 1458 2940 sua

366 2985 577 3086 quaciibet
607 3011 655 3060 ac
690 3009 790 3062 suae
834 2984 1054 3064 comitivae
1094 2987 1207 3063 saiva
1236 2990 1279 3061 ct
1303 3005 1456 3061 secura

365 3107 415 3182 ab
446 3106 560 3184 omni
588 3108 782 3184 molestia
798 3114 841 3183 ct
868 3107 1067 3205 novitate,
1104 3103 1454 3210 quemadmodum

364 3222 595 3303 haberetur
621 3228 661 3303 io
690 3229 819 3304 domo
863 3250 935 3302 sua
964 3225 1138 3329 proprio
1182 3233 1224 3302 ct
1260 3223 1453 3326 quemad-

365 3345 732 3424 modumhabere
773 3349 974 3426 dehemus
1028 3348 1269 3426 carissimos
1311 3355 1354 3424 et
1380 3343 1453 3422 ho·

364 3467 576 3546 uorabiics
605 3470 763 3546 amicos
790 3472 926 3548 nostri
955 3472 1202 3550 communis.

466 3707 516 3786 Et
557 3709 665 3786 ultra
693 3709 778 3787 hoc
818 3708 1045 3811 providere
1087 3710 1239 3788 debeat
1279 3709 1357 3811 ipsi
1385 3711 1455 3787 do·

363 3830 474 3906 mino
498 3831 756 3933 imperatori,
790 3831 903 3932 quod
932 3833 1090 3910 scribet
1116 3831 1298 3910 domin
1316 3859 1341 3909 o
1371 3831 1454 3908 Pa-

364 3976 443 4054 pe,
483 3951 717 4029 domiuo
764 3953 1124 4055 imperatori
1167 3957 1210 4029 et
1249 3953 1340 4030 aliis
1384 3975 1457 4028 re·

331 4049 1456 4178 'gibusetprincipibusmuudi,termiuum

364 4206 409 4270 ct
438 4192 705 4272 conditiones
734 4195 774 4272 iu
805 4194 955 4296 quibus
984 4221 1029 4272 se
1059 4182 1277 4295 roperiufrt
1317 4202 1458 4297 partes

367 4313 419 4390 de
450 4312 546 4390 iudo
575 4321 616 4391 et
643 4339 763 4392 suum
791 4315 1022 4416 imperium,
1051 4317 1255 4394 comisto
1285 4315 1457 4395 domino
