3206 5110
363 356 429 446 κίε

262 617 266 626 ,
365 561 475 668 mine
505 584 590 663 quo
632 586 772 664 supra,
814 567 1013 666 exparte
1042 561 1456 660 altera,jurarerunt

364 684 415 760 ed
444 687 587 760 saneta
622 679 692 758 dei
730 678 957 778 Evangelia
996 703 1124 783 supra
1150 681 1388 760 anchonam
1415 683 1459 756 et

364 799 538 902 liguram
580 802 738 879 domini
774 799 910 879 nostri
935 797 1039 876 lesu
1071 798 1231 877 Christi
1266 799 1458 880 crucilixi

292 927 295 934 ’
364 921 638 1010 manutaotis,
680 919 796 1022 quod
837 941 1008 1021 semper
1044 929 1086 998 et
1114 923 1226 998 omni
1260 929 1458 1026 tempore

364 1043 482 1121 firma
499 1047 660 1132 atrata,
687 1041 846 1144 pariter
873 1047 996 1142 atque
1025 1048 1142 1140 grata
1158 1037 1388 1140 habebunt,
1417 1047 1459 1118 et

365 1159 566 1241 tenebunt
607 1159 750 1238 omnio
790 1165 831 1236 et
859 1159 1019 1258 singula
1058 1161 1369 1264 suprascripta,
1408 1185 1459 1239 ac

364 1281 453 1382 ipsa
494 1281 711 1360 attendent
738 1287 780 1358 et
809 1277 1106 1368 observabunt,
1147 1305 1196 1359 ac
1224 1280 1380 1359 attendi
1417 1287 1461 1356 et

364 1402 583 1481 observari
623 1399 780 1480 facient
807 1409 1015 1504 perpetuo
1055 1411 1098 1481 et
1125 1401 1166 1478 in
1194 1407 1460 1505 perpetuum,
1572 1459 1573 1492 ,

226 1593 228 1600 .
364 1521 441 1598 sub
468 1521 639 1600 viuculo
661 1523 923 1630 ,sacramenti
953 1522 1256 1626 suprascripti,
1299 1531 1342 1600 et
1382 1522 1458 1598 sub

362 1665 472 1748 pena
497 1643 743 1720 ducatorum
774 1649 941 1720 centum
968 1641 1142 1720 millium
1158 1643 1460 1726 solvendorum
1573 1737 1574 1750 Ν

363 1787 442 1868 per
469 1765 632 1864 partem
660 1787 742 1839 non
767 1765 1052 1842 attendentem
1082 1761 1189 1866 parti
1214 1763 1458 1850 attendenti,
1573 1755 1574 1806 t

234 1889 236 1896 ’
364 1890 407 1962 el
446 1884 676 1960 observare
716 1883 894 1963 volenti:
944 1909 1026 1987 qua
1066 1907 1174 1985 pena
1214 1885 1348 1962 semel
1391 1885 1458 1962 vel

363 2005 523 2108 pluries
551 2004 773 2082 commissa
813 2005 877 2083 vel
907 2028 1001 2094 non,
1033 2013 1075 2082 et
1102 2003 1240 2081 soluta
1268 2005 1336 2084 vel
1365 2031 1460 2095 non,
1574 1995 1575 2072 l

364 2133 502 2204 tamen
532 2121 671 2202 omnia
714 2131 754 2201 et
782 2125 945 2224 singula
973 2125 1258 2225 suprascripta
1286 2147 1459 2227 semper
1574 2131 1575 2180 t

363 2251 405 2324 et
434 2245 546 2322 omni
575 2251 768 2344 tempore
799 2243 925 2320 insua
956 2243 1259 2346 permanebunt
1289 2243 1460 2322 roboris

362 2363 572 2444 firmitate.
824 2375 831 2382 “
942 2379 945 2394 “

463 2483 555 2584 Ego
592 2483 846 2564 Nicotaus
884 2483 936 2566 de
965 2483 1250 2586 Arcllupis
1288 2483 1340 2561 de
1370 2481 1458 2562 tta·

364 2611 506 2693 taro,
535 2605 740 2708 imperiali
769 2605 1023 2685 auctoritate
1059 2605 1185 2684 iudex
1224 2604 1462 2685 ordinarius

363 2734 406 2803 et
434 2723 625 2827 publicus
652 2727 852 2814 notarius,
893 2731 935 2804 et
979 2725 1174 2830 prelibati
1203 2725 1380 2803 illustris
1419 2733 1462 2803 et

363 2843 705 2924 excellentissimi
732 2843 937 2948 principis
955 2855 996 2924 et
1012 2843 1169 2922 domini
1191 2844 1351 2924 domini
1373 2844 1462 2922 des-

365 2963 456 3068 poti
472 2963 636 3043 Stefani
653 2963 798 3042 Bassie
815 2965 945 3051 ducis,
972 2973 1014 3042 et
1028 2963 1177 3068 prelati
1195 2964 1403 3063 magnifici
1421 2971 1463 3042 et

365 3085 528 3164 excelsi
564 3085 724 3164 domini
752 3083 908 3162 domini
935 3083 1109 3184 Georgii
1149 3087 1302 3163 scriba.
1353 3083 1459 3182 Quia

365 3205 558 3284 omnibus
599 3215 642 3285 et
681 3207 854 3306 singulis
893 3208 1192 3311 suprascriptis
1240 3229 1320 3282 una
1362 3232 1457 3285 cum

362 3325 664 3429 prenominatis
705 3327 882 3406 testibus
922 3327 1092 3406 interlui
1132 3333 1324 3427 rogatus,
1360 3325 1457 3408 ideo
1576 3373 1577 3380 κ

363 3447 515 3550 scripsi
543 3453 587 3526 et
613 3447 844 3551 publicavi,
883 3453 924 3527 et
951 3451 991 3527 in
1020 3449 1100 3528 hac
1129 3449 1265 3527 forma
1293 3445 1459 3550 publica

365 3567 536 3669 redegi,
576 3573 696 3669 signo
726 3595 896 3672 quoque
924 3581 966 3648 et
992 3569 1161 3648 nomine
1189 3572 1294 3649 meis
1321 3568 1457 3646 solitis

365 3694 408 3766 et
436 3691 665 3778 consuetis,
693 3713 885 3770 unacum
910 3689 1061 3792 prefati
1078 3689 1286 3790 magnifici
1302 3683 1457 3767 domini

364 3810 541 3912 Georgii
570 3811 833 3914 impensione
861 3809 984 3910 sigilli
1012 3809 1227 3890 roboravi.

859 4014 1168 4084 commemoriale
1193 4014 1253 4082 xl.
1278 4016 1337 4084 eh.
1361 4017 1433 4082 112
