3234 5116
395 397 460 480 rm

391 624 513 698 entes
543 619 594 697 ad
622 619 860 700 laciendum
889 619 1101 697 honorem
1129 618 1271 694 nostri·
1301 617 1484 704 dominii,

388 747 434 819 et
459 741 644 838 celerius
673 745 838 851 etcum
866 740 1019 851 minori
1063 761 1251 843 expenso
1281 740 1390 816 haee
1418 766 1483 818 ne·

393 863 511 964 gotia
538 864 754 942 mittentur
781 861 1037 940 executioni.

492 983 577 1063 Ani
604 984 752 1062 volunt
782 983 868 1059 sio:
970 988 974 997 ‘

481 1103 597 1202 ‚Quia
624 1104 734 1181 siout
761 1109 826 1179 est
852 1105 1014 1198 notum,
1044 1103 1323 1205 principalior
1343 1127 1484 1193 calma,

390 1233 707 1328 propterquam
735 1221 1014 1300 deliberatum
1044 1230 1120 1308 est,
1143 1221 1310 1300 mittere
1339 1227 1487 1321 gentes

396 1343 631 1444 armigeras
648 1343 847 1420 ettaoere
875 1341 976 1444 alias
1003 1342 1272 1443 provisiones
1302 1342 1353 1419 nd
1379 1363 1487 1445 par-

398 1473 486 1540 tes
524 1462 816 1544 Albaniae
845 1486 942 1542 enm
971 1468 1082 1542 tanta
1117 1463 1365 1559 eeleritate,
1410 1461 1486 1539 luit

393 1609 481 1688 pro
502 1585 791 1665 succurrendo
821 1583 978 1663 civitati
1014 1589 1186 1662 nostrae
1220 1583 1332 1662 Seu
1349 1591 1366 1660 t
1382 1607 1406 1658 a
1421 1583 1484 1678 ri,

389 1731 537 1806 qnae
578 1703 906 1782 tenebatur
946 1697 1200 1782 obsessa
1230 1727 1485 1808 pergen·

392 1815 1381 1930 tes'despotiRaxiae,etmaximo
1411 1849 1487 1926 pe·

387 1945 571 2026 riculo
609 1945 982 2040 subiacebunt
1012 1946 1085 2022 sed
1114 1971 1193 2048 per
1221 1967 1344 2032 nova,
1374 1967 1484 2047 quae

390 2067 516 2143 modo
546 2065 1484 2170 habentur,etpropterviotoriam

337 2218 349 2234 ·
387 2183 647 2264 habitam
677 2195 1020 2288 pergentes
1048 2196 1306 2274 nostras,
1338 2209 1486 2263 exer·

386 2305 1484 2408 nitusdespotisitpositnsinlugam,

386 2435 429 2504 et
468 2427 709 2504 levatus
751 2425 813 2504 ab
855 2425 1181 2506 obsidione
1223 2428 1484 2518 Scutari,

279 2571 280 2574 ’
387 2553 431 2621 et
459 2545 515 2621 illi
544 2547 699 2626 civitati
733 2556 905 2627 nostrae
934 2547 1028 2626 deta
1055 2551 1108 2628 sit
1135 2547 1358 2634 subventio
1401 2547 1486 2626 vio·
1592 2543 1593 2638 ζ

386 2664 556 2742 tualinm
585 2675 630 2744 et
654 2667 827 2746 alierum
858 2683 1015 2756 rerum,
1044 2693 1122 2771 per
1149 2667 1343 2752 modurn,
1373 2669 1487 2768 quod

386 2807 471 2868 non
508 2793 573 2863 est
600 2787 656 2863 ito
696 2785 962 2864 dubitandum
1006 2791 1059 2865 de
1103 2788 1175 2865 illo
1207 2789 1333 2876 loeo,
1375 2787 1489 2886 sicut
1592 2885 1593 2898 Ν

388 2905 527 3006 primo
569 2905 863 2999 dubitabatur3
906 2919 949 2988 et
990 2935 1068 3012 per
1097 2895 1368 3012 consequens
1397 2934 1487 2988 non

390 3031 455 3102 est
483 3053 591 3130 opus
618 3031 730 3106 tanta
760 3029 980 3108 eeleritate
996 3030 1046 3107 ad
1062 3019 1170 3109 'istas
1198 3030 1489 3132 provisiones,

274 3183 280 3201 x
388 3150 499 3226 sieut
534 3157 627 3226 erat
652 3149 803 3250 primo,
832 3156 876 3227 et
902 3151 957 3230 sit
983 3175 1052 3228 res
1080 3153 1298 3231 laudabilis
1339 3155 1484 3253 provi·

384 3269 488 3345 dere
515 3268 748 3346 secundnm
779 3271 1049 3350 conditiones
1073 3281 1116 3353 et
1133 3273 1385 3349 mutationes
1415 3297 1478 3350 re·

335 3457 336 3464 t
385 3411 477 3467 rum
500 3397 548 3466 et
575 3396 828 3491 temporum;
857 3391 969 3469 vadit
994 3417 1104 3492 pars:
1133 3394 1245 3494 quod
1274 3417 1389 3471 nuno
1418 3417 1482 3470 su·

383 3510 664 3613 persedeatur
691 3520 733 3588 et
764 3509 979 3591 differatur
1013 3513 1062 3590 ad
1091 3514 1338 3593 mittendum
1377 3535 1478 3614 gen-

385 3641 450 3709 tes
478 3633 709 3732 armigeras
726 3637 883 3714 odiliae
912 3643 1068 3740 partes,
1097 3637 1234 3715 donec
1265 3659 1341 3738 per
1362 3636 1478 3713 istud

384 3753 603 3832 eonsilium
634 3755 756 3833 aliter
779 3756 906 3834 fuerit
933 3757 1213 3853 terminatum,
1245 3755 1340 3859 quis
1367 3755 1479 3834 infra
1591 3849 1593 3860 A

382 3895 541 3973 paucos
575 3873 664 3952 dies
692 3874 960 3954 habebuntur
987 3899 1095 3954 nova
1112 3879 1176 3954 ·de
1204 3876 1477 3954 successibus

383 4001 424 4068 et
452 3993 767 4073 conditionibus
796 4019 936 4074 rernm
966 3999 1155 4084 illarum,
1197 4005 1240 4073 ot
1266 3996 1378 4073 torte
1407 3999 1477 4074 ha·

384 4110 593 4191 bebuntur
633 4117 747 4192 modi
788 4127 831 4196 et
871 4125 1168 4222 proponentur
1207 4118 1477 4221 provisiones

233 4224 236 4232 ’
383 4233 505 4313 utiles
535 4243 577 4314 et
605 4241 868 4331 commodae,
885 4263 964 4342 pro
980 4241 1149 4320 honore
1177 4241 1315 4319 nostri
1342 4239 1474 4319 domi·
