3224 5110
155 621 225 676 ros
255 619 350 676 esse
378 597 526 676 illustri
564 595 836 674 dominationi
864 600 1059 684 vestroe,
1087 595 1139 674 do
1168 598 1253 704 qui·

156 717 231 796 bus
259 716 426 819 quidem
455 715 804 820 responsionibus
843 727 1033 816 tenemus
1072 715 1255 796 certissi·

155 861 291 924 nrum,
329 862 424 914 cum
453 839 507 918 ita
538 839 761 916 conveniat
800 839 912 916 iuter
940 841 1127 940 optimos
1158 835 1251 912 umi-

155 980 228 1034 cos
258 962 301 1034 et
329 957 495 1046 iratres.
525 963 708 1036 vostrum
737 959 1034 1037 excellentiam
1063 958 1247 1034 benesn-
1308 1056 1314 1065 ,

154 1065 676 1160 tisiootometoontentom
706 1103 929 1158 remouere
957 1079 1127 1164 debere,
1152 1101 1248 1155 oum

157 1205 199 1274 et
239 1206 350 1279 nimo
379 1206 421 1277 et
448 1202 562 1278 omni
604 1207 800 1304 tempore
842 1200 926 1287 uilo
966 1205 1093 1304 poeto
1135 1199 1248 1278 niiud

153 1343 236 1396 non
265 1319 467 1414 velimus,
504 1320 582 1398 uisi
610 1331 807 1423 quantum
836 1321 888 1400 sit
915 1321 1095 1409 iustum,
1124 1319 1246 1398 ratio·

155 1437 294 1516 nnbiie
324 1449 374 1538 et¹
394 1442 674 1528 conveniens,
702 1441 888 1543 quinimo
917 1447 961 1518 et
987 1461 1249 1541 magnopere

155 1557 369 1659 cupiamus
412 1559 715 1638 fraternitatem
751 1569 792 1642 et
824 1561 1138 1662 integerrimam
1182 1557 1248 1636 be·

154 1678 425 1758 uivoientiam
454 1687 661 1771 nostrum,
701 1705 784 1758 uon
812 1682 949 1760 soium
980 1702 1248 1764 conservare,

154 1821 301 1876 rerum
330 1797 453 1877 etium
482 1801 517 1878 si
543 1799 639 1903 pius
666 1799 760 1880 addi
786 1799 940 1904 possit,
979 1797 1174 1878 debono
1204 1796 1245 1872 in

153 1917 300 1995 metius
327 1919 562 1998 instaurare
591 1929 635 1997 et
661 1919 874 2022 ampliore,
890 1944 985 1998 eum
1000 1919 1149 1996 iliustri
1173 1920 1246 1996 do·

152 2039 379 2119 minatione
406 2047 572 2140 vostre,
615 2041 665 2119 ud
693 2043 813 2120 ouius
839 2050 955 2140 gratu
983 2049 1025 2118 et
1053 2039 1245 2143 benepta-

152 2161 235 2241 oitn
265 2185 433 2265 queque
462 2161 676 2242 offerimus
705 2185 784 2242 nos
812 2161 1095 2240 sincerissimo
1133 2183 1245 2237 men·

151 2289 193 2360 te
221 2281 461 2388 dispositos.
742 2285 743 2290 ‘

482 2417 587 2488 Secr.
609 2441 710 2487 cons.
735 2439 814 2507 rog.
837 2419 909 2487 Lib.
935 2419 1025 2487 XVI.
1051 2419 1105 2484 oh.
1129 2420 1200 2485 192

340 2604 575 2705 courir.
606 2629 717 2704 snos.
747 2631 796 2704 m
822 2627 1057 2726 Augusti.

130 2785 333 2860 =0mosopn
366 2795 607 2854 nonsummum
638 2799 737 2842 ruem
760 2783 914 2842 cneorum
939 2783 1116 2856 nonnose,
1140 2799 1237 2842 serre

151 2888 305 2948 suumn
328 2903 472 2963 musone
489 2892 667 2966 tipasam
690 2905 710 2946 ιι
735 2888 883 2959 orsurus,
905 2907 925 2947 ιι
953 2907 1017 2966 ιρι
1042 2889 1134 2964 syre,
1154 2890 1240 2963 pito

278 3007 376 3068 ropy.
398 3011 418 3067 y
439 2994 546 3070 32er
569 3011 589 3052 ιι
611 3010 631 3067 5
654 2991 851 3066 Msbruurrs.
896 2989 1115 3075 (ommno.)

251 3125 375 3225 Quod
415 3121 717 3229 spectabilibus
759 3126 1001 3206 oratoribus
1040 3103 1247 3240 megpiiioi

154 3247 396 3326 comitis
429 3248 669 3327 stefani
703 3249 986 3348 vnivod05
1016 3247 1087 3350 qui
1113 3266 1248 3351 nuper

152 3374 358 3445 venerunt
385 3367 436 3446 sd
463 3351 652 3450 nostrum
673 3371 946 3475 presentiam,
973 3365 1246 3448 ostendentes

151 3488 399 3568 sindiontum
428 3495 471 3567 et
497 3491 735 3568 mundatum
763 3489 1066 3593 amplissimum
1088 3487 1257 3564 domini.

152 3606 451 3694 subveniendi
479 3609 531 3688 nd
558 3607 827 3688 devotionem
864 3613 1072 3695 nostrum,
1099 3625 1246 3711 porro·

150 3731 392 3828 noruntque
420 3726 656 3826 inscriptis
697 3733 858 3807 certum
900 3727 1042 3805 fotium
1082 3745 1246 3811 eorum,

149 3869 259 3950 quse
286 3855 444 3952 petunt,
472 3849 582 3928 siout
610 3851 764 3930 iootum
787 3855 853 3929 est
878 3849 947 3928 isti
977 3845 1246 3938 oonsilio,re·

150 3965 430 4070 spondeatur:
466 3969 581 4070 quod
609 3969 701 4046 sit.
731 4025 741 4048 .
771 4028 781 4048 .
809 3967 1043 4064 firmissima
1072 3965 1245 4070 disposi-

148 4089 209 4166 tio
230 4090 388 4169 'mentis
420 4095 600 4176 nostroe,
631 4083 894 4192 magnificum
925 4088 1126 4168 comitem
1155 4082 1244 4163 Ste·

150 4203 290 4288 tonum
317 4210 478 4290 habere
505 4211 543 4287 in
572 4209 937 4290 bonumamicum
966 4267 976 4288 .
1005 4267 1016 4290 .
1046 4267 1055 4288 .
1082 4265 1092 4287 .
1121 4203 1247 4285 Circa

1021 4335 1043 4398 8
