3212 5116
1174 414 1242 491 ni
1387 423 1396 442 ¹

149 651 249 710 sens
293 631 555 737 privilegium
595 631 849 736 inspecturis
876 633 1052 710 salutem
1082 643 1124 713 et
1160 633 1237 712 sin·

150 774 252 832 cere
281 753 522 832 dilectionis
550 753 755 832 allectum.
815 751 980 832 Ducaiis
1008 753 1238 856 benignitas

148 874 190 950 in
226 872 485 951 liberalitatis
541 873 741 976 operibus
781 873 902 949 solita
956 873 1238 953 celeberrime

147 991 408 1070 conversari.
436 989 575 1071 'l'anto
604 1013 808 1094 personas
832 993 1015 1070 illustres
1043 996 1238 1074 elexcel-
1293 1014 1294 1022 ‘

146 1133 216 1188 sas
248 1115 476 1214 prevenire
516 1115 657 1192 studet
697 1111 930 1190 honoribus
959 1121 1000 1192 et
1028 1113 1238 1192 dotalibus

146 1234 347 1338 ampliare
376 1234 605 1333 favoribus,
635 1235 903 1340 ipsarumque
939 1235 1165 1338 petitiones
1196 1237 1237 1312 li·

8 1395 10 1466 p
146 1354 332 1433 bcralius
362 1355 577 1446 exaudire,
604 1367 759 1458 quanto
788 1380 834 1432 se
863 1363 1011 1434 nostro
1055 1355 1235 1451 ducatui,

8 1467 10 1518 l
147 1476 393 1554 devotiores
423 1476 504 1556 lide
532 1499 581 1556 ac
612 1475 815 1557 charitate
845 1471 1111 1555 laudabilium
1140 1500 1236 1579 ope·

8 1607 10 1692 i
145 1617 239 1675 rum
269 1601 552 1678 ostenderunt.
588 1599 749 1676 Verum
792 1621 886 1677 cum
924 1597 1239 1676 serenissi-

8 1703 9 1766 ;
146 1719 1237 1822 musdomtnusStephanusl‘uerthoo,

146 1839 240 1915 dei
285 1841 484 1938 gratia
538 1861 639 1918 rex
691 1837 914 1928 nassis,
966 1839 1238 1928 Bossine,

145 1961 992 2065 maritimarumquepartium
1049 1967 1236 2038 etoet.

8 2123 10 2130 ν
144 2078 324 2158 bononis
364 2089 408 2160 et
434 2083 614 2160 nominis
654 2083 788 2161 nostrl
829 2075 992 2160 zelator
1034 2074 1237 2168 assiduus,

8 2293 10 2330 Ι
146 2223 274 2306 quem
302 2219 474 2306 semper
502 2225 596 2283 cum
626 2205 716 2302 ejus
751 2201 1094 2304 progenitoribus
1122 2201 1238 2279 incli-

8 2333 10 2416 ἕ
144 2331 186 2400 te
214 2321 438 2422 memorie,
469 2345 516 2402 se
545 2343 692 2401 nomm
722 2323 933 2424 expressit
957 2319 1165 2399 Venetam
1196 2329 1238 2398 ct

8 2437 10 2492 l
145 2442 400 2543 perlectum,
429 2463 474 2520 sc
501 2466 633 2549 penes
662 2444 856 2524 ducatum
886 2449 1076 2521 nostrum
1116 2443 1238 2518 senti·

8 2571 10 2654 l
145 2581 233 2652 enS,
261 2562 348 2639 suis
381 2564 541 2642 meritis
582 2563 810 2663 gratiosum
851 2561 1075 2666 plurimum
1103 2569 1145 2640 et
1173 2583 1237 2641 ac·

8 2667 10 2768 i
145 2692 333 2786 ceptum,
366 2692 554 2764 nostram
583 2683 736 2766 iecerit
765 2683 1112 2785 magnificentiam
1142 2685 1237 2761 ami·

8 2809 9 2814 '
144 2805 340 2886 cabiliter
368 2807 521 2906 rogari,
551 2815 596 2885 ut
623 2808 743 2884 nobis
759 2808 958 2908 placeret,
983 2805 1119 2910 ipsum
1135 2809 1237 2904 ejus-

8 2987 9 2992 a
146 2948 231 3027 que
269 2925 381 3005 filios
410 2933 453 3004 et
481 2927 675 3025 heredes,
706 2923 884 3006 aliorum
925 2925 1125 3005 nobilium
1154 2924 1235 3004 Ve-

143 3053 341 3126 netorum
370 3053 614 3126 nostrorum
645 3058 687 3126 ot
714 3047 900 3126 lidelium
927 3071 1106 3124 numero
1148 3069 1236 3146 gra-

145 3167 296 3245 tiosius
325 3187 569 3270 aggregare,
584 3176 629 3247 ut
645 3168 861 3247 beneflciis
892 3167 1139 3247 citadinatus
1167 3167 1235 3244 do-

145 3285 229 3374 tati,
257 3287 462 3365 nobilium
491 3293 533 3366 et
570 3287 722 3367 civium
762 3288 1034 3366 Venetiarum
1075 3289 1238 3390 privile·

145 3407 217 3506 gio
249 3407 577 3506 congauderent.
630 3409 713 3486 Nos
755 3410 1017 3487 attendentes
1050 3405 1235 3486 dilectio·

143 3551 241 3605 nem
281 3527 493 3630 ingentem
523 3554 572 3609 ac
601 3537 763 3630 gratum
807 3531 1000 3608 allectum
1036 3536 1078 3607 et
1106 3528 1237 3606 since·

146 3646 338 3734 ritatem,
367 3669 488 3751 quam
529 3673 698 3756 semper
737 3651 927 3754 prelatus
968 3647 1237 3727 dominus

144 3767 634 3870 Stephanusrex‚
665 3773 715 3848 ad
744 3795 820 3847 nos
850 3777 893 3848 et
919 3766 1114 3847 ducatum
1142 3793 1234 3847 uos·

8 3951 9 4000 ἰ
144 3895 255 3965 trum
285 3891 327 3966 et
354 3887 591 3991 singulares
616 3911 822 3996 personas
850 3890 1048 3988 ejusdem,
1077 3885 1235 3966 lemen-

8 4033 9 4080 t
145 4015 211 4086 ter
237 4017 280 4086 et
308 4006 569 4088 laudabiliter
597 4009 802 4120 ostendit,
835 4015 1107 4111 acceptorum
1137 4029 1234 4112 ope-

8 4161 9 4236 3
146 4147 237 4207 rum
265 4147 346 4233 par
373 4125 584 4221 ellectum,
605 4128 886 4207 benemeritus
913 4147 1067 4233 preces
1094 4129 1236 4234 ipsius,

142 4249 337 4326 duximus
364 4247 487 4350 digne
521 4247 805 4330 retribuentes
845 4271 1046 4351 munere,
1088 4247 1236 4350 gratill·
1352 4341 1354 4348 Α
