3220 5118
346 589 414 667 de
442 588 709 678 Bousiris,
745 583 1116 664 autdominae
1155 583 1437 664 ducissae

346 709 569 789 condam
614 709 765 785 ducis
803 704 1291 793 Crouciaconnum
1320 715 1439 810 pane
1567 701 1572 715 '

345 831 541 934 superias
570 837 691 932 capta
719 828 962 906 continetur
988 832 1070 905 etc.

404 959 407 966 ’
700 947 805 1015 Scor.
831 947 944 1014 eom.
967 945 1058 1035 Bag.
1081 945 1156 1016 Lib·
1178 943 1238 1012 Vi.
1264 947 1319 1016 uh.
1339 951 1393 1016 00.
1494 1032 1504 1051 ι

549 1115 575 1172 Α
600 1115 684 1184 aare
708 1123 758 1171 aa.
782 1113 854 1170 Mau
881 1099 971 1172 iura.
996 1115 1120 1190 caenys
1142 1127 1233 1171 cac:

448 1249 553 1332 Cum
583 1247 649 1328 die
676 1254 800 1326 sexto
828 1247 983 1326 mensis
1010 1242 1126 1328 Junii
1155 1253 1324 1349 captum
1352 1244 1439 1328 irre·

344 1374 397 1450 rit
424 1373 464 1452 in
492 1371 573 1448 isto
603 1368 857 1462 consili0‚et
880 1367 975 1448 data
1003 1369 1137 1474 ampla
1165 1366 1338 1447 libertas
1367 1393 1440 1448 co-

345 1490 434 1568 miti
461 1499 608 1570 nostro
637 1488 859 1586 Sibenici,
902 1492 1016 1592 quod
1043 1497 1251 1594 procuret
1276 1488 1439 1570 habere

343 1611 513 1689 nomine
540 1615 691 1688 nostro
722 1618 956 1688 castrum
997 1608 1252 1702 Almisii,
1276 1618 1320 1688 et
1346 1632 1441 1712 pre·

342 1732 487 1810 sertim
516 1755 539 1808 a
566 1729 792 1810 castellano
831 1729 902 1832 qui
930 1729 1098 1808 noviter
1132 1739 1441 1834 supervenerat

342 1855 513 1934 nomine
541 1851 796 1932 ducissae
824 1852 1088 1954 quondam
1130 1850 1278 1930 ducis
1320 1851 1439 1932 Cre·

341 2001 368 2052 u
384 1972 517 2052 ciac
544 2025 831 2052 .......
859 1980 903 2050 et
929 1972 980 2050 ad
1008 1995 1187 2074 presens
1215 1969 1438 2066 habeatur,

255 2122 259 2132 ·
341 2094 454 2198 quod
481 2091 582 2171 iilud
611 2099 794 2170 castrum
823 2091 994 2170 devenit
1021 2092 1071 2175 ad
1099 2115 1244 2170 manus
1282 2093 1439 2174 comi·

340 2213 739 2294 tis-iohannis
775 2213 842 2291 de
871 2203 1120 2301 Citinas,
1149 2215 1222 2318 qui
1249 2213 1439 2291 estsub·

342 2337 450 2415 ditus
478 2334 566 2412 sive
596 2329 898 2412 adherens
933 2336 1098 2436 regis
1125 2333 1440 2436 Hungariae

340 2511 621 2537 ........
647 2453 760 2533 vadit
792 2477 917 2558 pars.
958 2454 1071 2559 quod
1100 2456 1213 2538 dicta
1239 2479 1338 2560 pars
1366 2481 1438 2563 pe·
1587 2493 1589 2502 ·

200 2571 205 2586 '
341 2575 450 2654 nitus
478 2580 723 2662 revocetur,
750 2574 810 2652 ita
836 2575 950 2678 quod
974 2573 1134 2678 deipso
1161 2577 1261 2656 loco
1290 2601 1438 2656 senon

339 2697 591 2776 intromittat
617 2697 805 2785 ulterius,
832 2696 949 2774 salvo
965 2695 1002 2773 si
1016 2696 1193 2790 videret,
1221 2700 1335 2800 quod
1365 2725 1438 2778 co·

339 2841 429 2896 mes
456 2815 677 2896 iohannes
705 2815 837 2914 vellet
862 2813 964 2894 illud
1004 2823 1188 2896 castrum
1216 2817 1318 2898 dare
1320 2871 1436 2896 .....
1588 2911 1589 2918 Ν

491 2994 517 3050 Α
540 3005 665 3050 acrore
688 3007 767 3064 rasa
791 3007 986 3052 namucno
1011 3009 1028 3048 e
1050 2989 1139 3050 ierus
1163 3009 1182 3050 ι
1205 3007 1278 3050 aaa:

442 3124 664 3206 Scribatur
691 3126 838 3205 comiti
854 3124 1055 3205 Sibenicir
1120 3185 1129 3202 .
1145 3151 1298 3230 ‚super
1313 3127 1429 3206 iacto

338 3247 587 3342 Amisit,
628 3249 796 3351 dequo
838 3247 958 3326 vobis
1000 3247 1094 3325 daia
1121 3255 1184 3326 est
1228 3249 1309 3326 lata
1335 3275 1436 3354 spes

339 3375 542 3471 exparte
578 3368 892 3447 cuiusdam'ser
932 3362 1223 3448 Saraceni
1265 3367 1433 3470 Coae,

338 3491 410 3595 qui
437 3495 502 3568 est
529 3515 582 3568 cx
611 3491 831 3570 confluatis
859 3485 1074 3576 Sibenici.
1116 3499 1311 3591 atquem
1353 3513 1435 3570 co·

337 3634 453 3690 mea
493 3611 799 3690 iohannes
841 3615 907 3690 de
951 3611 1152 3692 Citiua
1194 3611 1431 3700 utdicitur,

312 3730 465 3831 „elegit
491 3733 533 3810 in
563 3731 834 3812 castellanum
873 3731 973 3810 dicti
1012 3728 1138 3810 castri
1167 3785 1334 3812 .....
1363 3731 1431 3810 de·

241 3865 244 3873 ’
338 3853 473 3932 beatis
501 3849 698 3933 obtinere
725 3853 884 3933 dictum
914 3859 1096 3932 castrum
1124 3851 1314 3944 Arminii,
1352 3875 1432 3959 par

335 3975 447 4052 viam
484 3975 707 4054 concordii
737 4031 1096 4054 ..........
1124 3999 1205 4055 nec
1239 3971 1428 4054 debeatis

336 4095 493 4172 dictum
521 4105 705 4175 castrum
737 4095 889 4173 furtive
918 4111 1055 4196 neque
1082 4094 1273 4200 pervim
1300 4093 1427 4174 modo

335 4217 475 4320 aliquo
503 4224 730 4322 acceptare
758 4242 837 4296 seu
865 4217 1076 4322 accipere.

614 4335 718 4404 secr.
742 4333 855 4406 cous.
878 4337 1012 4427 aega.
1034 4334 1109 4402 Lib·
1131 4335 1191 4403 Vl.
1215 4337 1271 4403 cia.
1295 4335 1388 4424 lm.)
1450 4389 1456 4398 .
1586 4367 1587 4410 ι
