3220 5118
347 329 412 410 tlt

349 565 532 650 cumque
547 536 768 646 possibilia
783 537 907 628 nobis
932 537 1084 628 forent.
1113 540 1220 624 Hine
1236 553 1312 636 est,
1328 542 1441 657 qnod

349 685 445 748 cum
470 661 716 768 spectabilis
741 661 817 751 vir,
845 660 1040 742 dominus
1067 661 1102 738 R
1117 689 1139 740 a
1154 664 1179 740 d
1196 689 1222 741 o
1238 691 1261 740 z
1277 665 1367 742 lau
1384 689 1408 740 u
1423 695 1443 741 s
1592 661 1594 724 l

349 805 375 865 o
391 807 412 860 r
429 806 450 857 a
466 787 482 858 t
498 807 523 858 o
539 806 560 858 r
600 789 801 862 vestre
832 777 1146 880 magnificentie
1175 810 1198 862 a
1224 785 1350 873 nobis
1379 808 1442 861 re·

349 901 565 1006 quisiverit
591 894 710 1004 parte
739 909 895 996 vestra,
921 901 974 980 de
992 903 1119 981 certis
1146 903 1351 1008 depositis
1374 930 1444 994 ex·

348 1021 580 1121 trahendis,
610 1046 690 1098 nos
713 1021 905 1103 volentes
932 1023 1044 1101 dicte
1071 1033 1216 1103 vestre
1243 1028 1443 1124 magnitu-

348 1141 434 1222 dini
463 1139 762 1245 complacere,
791 1142 978 1244 quemvis
1008 1141 1120 1242 foret
1147 1153 1294 1230 contra
1324 1148 1444 1246 leges
1592 1217 1593 1246 ‚

349 1269 393 1340 et
421 1261 593 1342 ordines
620 1260 737 1340 urbis
766 1271 924 1356 nostre,
953 1265 1144 1343 contenti
1172 1264 1325 1344 fuimus
1353 1291 1442 1343 ves·
1510 1271 1516 1276 '
1592 1259 1593 1326 ῗ

227 1366 236 1396 ’
347 1383 423 1460 tris
440 1381 782 1485 requisitionibus
812 1384 1019 1463 assentiri.
1048 1387 1207 1466 Verum
1224 1387 1334 1465 idem
1351 1411 1443 1465 ore·

348 1513 585 1584 terrester
614 1509 837 1584 contentus
865 1504 943 1582 fuit
971 1512 1013 1583 et
1029 1507 1229 1587 remansit
1257 1531 1443 1588 concors

203 1647 204 1650 ‘
348 1626 602 1718 nobiscum,
644 1625 757 1728 quod
796 1625 848 1704 de
877 1626 949 1704 tali
976 1627 1172 1734 deposito
1215 1625 1442 1708 duodecim

347 1747 519 1828 millium
549 1745 797 1824 ducatorum
827 1743 1045 1839 medietas,
1074 1748 1274 1840 videlicet
1302 1749 1444 1840 ducati

347 1893 425 1948 sex
452 1865 582 1954 mille,
610 1889 743 1966 usque
771 1887 939 1944 menses
969 1873 1307 1967 quatuorvestre
1331 1891 1442 1969 mag·

347 1988 524 2070 nitudini
566 1985 892 2086 consignentur,
933 1995 976 2065 et
1016 1987 1169 2090 reliqui
1207 2013 1285 2066 sex
1324 1990 1440 2068 mille

347 2108 485 2200 ducati
511 2107 733 2208 magnifico
763 2105 935 2187 dominu
965 2107 1223 2224 Saxndalio
1251 2135 1439 2211 magno

346 2230 598 2310 vaivode
652 2227 876 2307 Bosine
916 2225 1111 2308 similiter
1150 2239 1439 2312 numerentur.

346 2353 485 2452 Quare
499 2355 639 2429 vestra
658 2349 902 2449 magnitudo
930 2349 1331 2452 poteritaddietum
1355 2357 1438 2430 ter·

346 2473 499 2552 minum
530 2469 700 2548 mittere
738 2493 857 2548 suum
885 2469 1098 2568 nuntium,
1143 2479 1215 2552 aut
1247 2469 1441 2552 scribere

220 2632 227 2651 ·
346 2591 480 2682 nobis,
509 2588 684 2670 cuidari
712 2589 812 2668 velit
838 2591 976 2669 dictos
1004 2615 1080 2668 sex
1108 2591 1224 2670 mille
1251 2591 1441 2682 ducatos,

346 2738 441 2793 nam
483 2737 560 2792 eos
601 2711 806 2790 faciemus
849 2712 1101 2816 cuicumque
1138 2713 1359 2792 volueritis
1387 2713 1440 2790 ad

278 2900 283 2910 .
346 2835 504 2916 dictum
531 2835 756 2912 terminum
784 2833 1047 2932 integraliter
1074 2833 1285 2933 assignari.
1338 2833 1439 2913 Data

349 2957 392 3036 ln
420 2960 567 3035 nostro
596 2953 733 3033 ducali
760 2954 943 3058 palatio,
984 2954 1051 3030 die
1077 2953 1282 3055 vigesimo
1323 2979 1437 3034 nono

344 3077 502 3158 'mensis
515 3073 780 3162 Novembris,
795 3074 1024 3152 indictione
1050 3075 1122 3162 Vl,
1149 3073 1438 3156 mccccxn.

876 3209 1148 3280 Comemorisle
1171 3211 1213 3276 X.
1239 3211 1298 3278 ch.
1324 3211 1394 3277 134.

539 3419 846 3522 CCLXXX.
875 3437 987 3518 ms.
1012 3437 1050 3518 a
1074 3433 1254 3516 sunu.

343 3603 482 3667 fleam
505 3615 544 3660 oe
569 3613 805 3676 nposeanopy
829 3597 1109 3666 fflndeausronu,
1137 3613 1177 3670 aa
1201 3610 1324 3672 crpore
1348 3612 1439 3674 apta

343 3705 506 3784 npeuspia
528 3723 566 3764 aa
589 3706 744 3780 :passu
766 3703 1011 3778 yrapcrmn
1036 3717 1075 3758 ca
1097 3717 1246 3761 cnecon
1270 3701 1440 3766 loannem,

650 3807 908 3880 Hennaeosque.
932 3801 1145 3888 (Cupaieno.)

449 3925 596 4032 Capta.
631 3925 736 4008 Cum
763 3924 966 4029 provisor
1004 3929 1194 4007 noster
1234 3923 1435 4004 Sibeni·

346 4049 400 4134 ci
426 4049 550 4130 nobis
576 4049 811 4155 scripserit,
838 4047 1018 4150 qualiter
1046 4072 1169 4142 com
1186 4070 1245 4124 es
1286 4043 1440 4126 Joan·

346 4194 448 4251 nes
487 4169 554 4248 de
583 4168 821 4253 Citines
848 4169 1095 4249 intendebat
1120 4175 1268 4246 tenere
1298 4170 1340 4250 et
1369 4189 1437 4246 oc·
1587 4246 1590 4275 Ι

347 4314 505 4397 cupere
541 4295 675 4374 totum
716 4289 981 4374 territorium
1020 4287 1437 4382 stheniceosc
1587 4286 1590 4323 ¹
