3186 5112
351 341 418 418 m

271 563 278 576 ‘
352 563 479 637 antor
502 579 604 632 suus
633 561 795 632 asserat
824 551 983 630 habere
1013 553 1175 631 literam
1205 555 1449 636 credentiae

352 675 511 756 domini
540 673 722 766 Sandan,
751 680 794 750 et
826 659 986 752 litteras
1018 675 1230 753 consortis
1259 681 1302 752 et
1329 700 1450 754 sooe·

352 820 439 888 rae,
468 797 632 898 placeat
644 803 689 873 et
702 795 879 873 velimus
907 796 1052 874 tacere
1080 798 1302 899 pecuniam
1330 821 1449 874 suam

351 915 480 994 dividi
509 927 552 994 et
580 917 736 1018 aptari,
777 916 1008 996 secundnm
1039 916 1154 1020 quod
1183 919 1233 995 ad
1263 942 1339 996 eos
1370 924 1451 996 tan·

354 1045 470 1138 gunt.

453 1209 804 1315 'Pertimqnod
834 1213 1113 1294 recomendat
1140 1217 1289 1290 nostro
1316 1211 1448 1290 domi·
1569 1301 1571 1316 ⁴

350 1329 423 1407 nio
452 1329 587 1408 Bais
604 1355 625 1408 a
642 1357 695 1419 m,
734 1336 922 1432 rogando
951 1359 1028 1411 nos
1059 1339 1101 1410 ut
1129 1333 1294 1432 placeat
1321 1331 1448 1410 nobis

354 1473 570 1528 assumere
599 1452 733 1554 ipsum
763 1455 813 1530 ad
837 1457 1023 1556 gratiam,
1052 1462 1095 1531 et
1122 1452 1302 1530 dicendo
1332 1453 1451 1554 quod
1570 1497 1571 1560 r

253 1611 259 1624 ·
354 1571 674 1674 estdispositus
719 1575 829 1652 'velie
859 1599 954 1652 esse
996 1573 1266 1653 bonusfilius
1295 1580 1337 1650 et
1366 1595 1454 1649 ser·
1569 1581 1571 1590 '

352 1689 465 1769 vitor
493 1688 626 1768 nostri
653 1692 840 1786 dominii,
868 1702 911 1772 et
938 1718 1112 1772 servare
1140 1693 1452 1796 promissiones
1569 1705 1571 1734 ¹

353 1835 456 1916 quas
495 1811 643 1903 faciet,
684 1821 726 1891 et
752 1815 786 1892 si
813 1815 1033 1920 hucusque
1074 1840 1158 1910 non
1195 1813 1380 1892 servavit
1407 1821 1454 1893 et
1569 1811 1571 1826 ’

354 1933 455 2010 iecit
481 1935 589 2010 ultra
616 1935 875 2014 voluntatem
905 1944 947 2014 et
973 1937 1164 2014 mandata
1192 1938 1356 2026 nostra,
1395 1934 1450 2010 ie·

353 2051 410 2130 cit
450 2053 505 2130 ob
545 2055 813 2134 teneritatem
864 2079 1067 2135 annorum
1108 2063 1151 2134 et
1191 2055 1451 2132 inventutem

352 2195 481 2250 suam.
521 2169 605 2251 Sed
634 2174 746 2276 quod
774 2174 866 2278 ipse
895 2173 1374 2276 Sandaliobiigabit
1401 2199 1452 2252 se

352 2301 395 2372 et
422 2293 652 2395 promittet,
680 2295 793 2397 quod
822 2293 941 2372 Balsa
971 2295 1159 2374 attendet
1187 2303 1229 2372 et
1247 2297 1447 2375 ohserva-

351 2411 412 2492 bit
439 2440 586 2494 omnes
615 2417 922 2522 promissiones
951 2427 993 2494 et
1022 2427 1105 2497 oet.
1144 2437 1147 2444 ·

358 2669 361 2674 ,
452 2601 516 2682 Ad
546 2629 653 2704 quae
682 2605 845 2698 omnia,
874 2605 969 2708 quia
996 2606 1210 2712 praefatus
1239 2602 1450 2683 ambaxia·

351 2726 624 2825 tor-requirit
665 2725 988 2828 responsionem
1016 2751 1037 2803 a
1063 2733 1215 2806 nostro
1244 2723 1450 2818 dominio,
1570 2781 1571 2822 ;

351 2855 415 2923 est
449 2848 606 2924 bonum
636 2857 681 2925 et
707 2847 965 2926 conveniens
1007 2846 1294 2948 respondere,
1319 2847 1451 2926 avadit
1570 2869 1571 2888 ¹

350 2987 485 3068 parss
518 2967 632 3066 qnod
661 2963 754 3044 fleri
781 2968 911 3046 debet
938 2966 1162 3070 responsio
1190 2966 1270 3044 sibi
1289 2965 1336 3041 in
1368 2965 1449 3044 irae
1569 2991 1571 3064 p

351 3085 503 3162 forma.
530 3085 584 3164 Et
611 3090 797 3190 primo
825 3090 876 3165 ad
904 3087 1084 3192 primam
1110 3091 1275 3190 portem
1305 3109 1448 3166 aooes·
1570 3067 1571 3082 Ν

350 3207 576 3308 susipsius
606 3206 825 3286 Sandnii
853 3210 903 3286 ad
918 3210 1131 3286 dominum
1159 3231 1308 3307 regern
1336 3205 1446 3283 Hnn·
1569 3203 1571 3264 ἵ

350 3328 517 3428 garine,
558 3329 746 3408 dinatus:
776 3331 888 3432 qnod
918 3332 1014 3433 qnia
1042 3351 1213 3434 semper
1239 3327 1449 3407 tenuimus
1569 3317 1571 3372 ³

350 3450 485 3550 ipsum
527 3449 792 3549 magnificum
834 3451 1049 3530 dominnm
1087 3449 1446 3530 inhonorabilem

238 3673 240 3682 Ι
350 3569 530 3646 amicum
569 3577 789 3656 nostrum,
833 3582 875 3649 et
903 3572 1065 3672 optime
1103 3571 1349 3672 dispositum
1394 3571 1445 3648 ad

349 3689 541 3767 honores
568 3699 765 3777 nostros,
807 3694 917 3770 siout
957 3692 1076 3772 nobis
1106 3692 1205 3769 feeit
1247 3699 1446 3766 oretenus
1569 3701 1571 3712 ’

314 3834 315 3838 ‘
351 3811 555 3912 explicari
581 3821 624 3891 et
637 3811 732 3896 diet,
760 3814 926 3892 ideireo
942 3812 1157 3890 reddimus
1183 3833 1261 3888 nos
1290 3817 1445 3896 certos,

349 3930 464 4031 quod
505 3931 605 4009 iicet
630 3932 753 4011 iverit
779 3933 830 4008 ad
860 3934 1076 4012 dominum
1117 3953 1291 4029 regem,
1333 3929 1442 4010 idom

350 4049 758 4130 dominusflandaiii
786 4062 966 4156 propter
994 4051 1300 4156 promissiones
1315 4048 1446 4128 factes

350 4167 472 4248 nobis
499 4169 613 4260 alias,
640 4195 724 4250 non
740 4163 915 4253 iecisset
940 4195 1020 4250 neo
1048 4171 1214 4250 faceret
1242 4177 1312 4249 aut
1340 4172 1441 4248 troo·

354 4295 464 4374 tirsi
491 4288 645 4394 aliquid
675 4301 824 4372 oontro
852 4317 941 4380 nos,
969 4316 1079 4370 nuno
1108 4297 1152 4368 et
1178 4291 1218 4370 in
1248 4289 1444 4370 futurum.
1540 4327 1543 4336 ⁴
