3224 5110
333 357 398 432 Εθε

434 575 523 676 ligo
552 567 680 653 David
710 575 761 651 do
788 574 1034 653 Tedoidinis
1064 574 1261 678 pubiious
1300 577 1427 681 irnpe-

333 698 422 776 riuii
453 698 703 775 urroioritute
731 704 774 774 et
801 695 895 773 uuio
924 695 1197 774 venetiarum
1238 699 1429 778 notorius

334 827 376 896 et
401 817 687 907 secretarius,
729 817 921 894 omnibus
957 825 1000 894 et
1036 816 1208 918 singuiis
1241 817 1426 904 interfui,

333 945 589 1037 rogatusque
618 937 811 1017 seribere
839 936 1004 1040 scripsi,
1034 943 1077 1012 ot
1102 935 1323 1038 publicari,
1350 938 1425 1014 sed

334 1058 424 1134 niiis
453 1061 684 1158 occupatus
715 1055 909 1134 commisi
945 1055 1139 1159 prudenti
1174 1057 1427 1134 viroDioni·

333 1177 396 1256 sio
426 1176 478 1252 de
506 1173 711 1254 Fioriunis
751 1177 939 1256 notarius
979 1173 1208 1276 imperialis
1247 1187 1289 1253 et
1330 1177 1425 1253 aule

332 1295 616 1380 Veneriorum,
643 1295 827 1372 utilium
856 1292 1179 1384 transcriberet,
1215 1300 1261 1373 ei
1287 1297 1326 1374 io
1355 1321 1426 1398 pu·

333 1415 484 1497 biioom
523 1413 636 1492 hunc
677 1413 856 1492 formum
898 1413 1135 1516 redigeret:
1172 1414 1424 1517 inquorum

334 1537 456 1616 iidem
486 1559 551 1612 rne
580 1535 824 1638 subscripsi,
851 1535 1100 1634 signumque
1129 1555 1268 1613 rnenrn
1297 1560 1425 1638 eppo·

333 1658 397 1734 sui
422 1657 683 1736 consuetum.

780 1789 1089 1858 Commemorioie
1113 1791 1206 1856 ΧΙΙΙ.
1231 1791 1283 1857 eiu
1310 1793 1380 1856 17st

541 1946 543 1954 '
587 1977 793 2079 ΟΜΝ.
823 1999 935 2076 nos.
964 1999 1002 2074 o
1033 1999 1168 2078 uari.

330 2163 529 2221 aerumnoso
543 2175 663 2232 gauere
686 2172 887 2232 orogysera
903 2173 1092 2230 rogoruusn,
1104 2173 1206 2227 soree
1220 2175 1237 2213 s
1250 2173 1342 2216 uuor.
1366 2176 1423 2216 rre-

332 2282 419 2324 uorru
445 2279 578 2336 noeory,
605 2277 666 2320 noo
689 2277 727 2318 oe
751 2259 893 2319 ooeiaoa
917 2259 1279 2334 yoerncseugepoere,
1303 2277 1367 2340 rto
1381 2279 1425 2318 ro

331 2385 448 2442 yuuurn
472 2384 487 2424 s
510 2381 614 2440 regno
639 2379 785 2420 nocuere
810 2378 928 2420 semro
953 2360 1075 2418 suiuus
1100 2379 1119 2435 y
1142 2361 1309 2439 Gragopn,
1327 2381 1346 2420 ι
1366 2381 1424 2421 no·

592 2483 722 2541 ryun‘rn
746 2483 784 2523 ee
808 2483 847 2523 ue
872 2480 972 2522 onore
998 2465 1159 2540 Cynrany.

434 2617 538 2697 Cum
568 2618 735 2720 quidem
757 2615 898 2696 *fideus
925 2615 1119 2696 subditus
1153 2625 1323 2710 noster,
1351 2621 1425 2722 qui

325 2745 394 2817 est
420 2763 605 2842 persona
638 2736 777 2816 bonae
814 2736 1093 2840 reputationis
1120 2747 1171 2822 et,
1188 2739 1353 2840 proiice
1380 2749 1425 2816 et

330 2881 470 2959 sagax,
497 2859 581 2936 diei
609 2857 760 2936 iecerit
787 2860 935 2936 nostro
965 2856 1176 2948 dominio,
1212 2859 1325 2964 quod
1354 2861 1425 2938 irn-

332 2978 452 3058 beret
480 2977 650 3055 modum
680 2975 802 3054 duudi
830 2976 897 3052 vel
925 2973 1015 3052 dori
1043 2975 1225 3057 faciendi
1239 2985 1422 3060 moriem

330 3098 794 3194 Scanderbergo
825 3095 995 3172 inimico
1025 3100 1202 3187 nostro,
1230 3097 1305 3174 sed
1330 3097 1422 3174 vuit

330 3221 487 3299 hebere
528 3217 813 3322 provisionem
842 3216 1100 3318 'ducatorum
1139 3215 1184 3296 C.
1221 3219 1259 3295 in
1298 3243 1424 3308 nuum

329 3341 441 3423 vadit
466 3364 589 3443 pars,
626 3339 740 3440 quod
768 3336 1074 3442 respondentur
1099 3338 1202 3434 sibi,
1244 3339 1358 3440 quod
1386 3340 1423 3418 si

329 3467 421 3568 ipse
449 3460 561 3539 dabit
587 3460 652 3538 vei
681 3463 771 3539 dori
800 3458 928 3538 faciet
961 3469 1140 3538 mortem
1177 3459 1424 3538 Scander-

324 3585 355 3661 ·b
372 3613 396 3664 e
412 3607 514 3684 rgo
554 3581 777 3686 predioto,
818 3605 960 3660 sumus
997 3582 1195 3660 conteuti
1212 3578 1313 3660 dore
1342 3581 1424 3658 sibi

330 3706 370 3785 in
398 3704 483 3782 vitu
509 3729 584 3784 sua
620 3701 909 3806 provisionem
952 3700 1211 3806 predictum
1237 3709 1281 3780 ei
1308 3712 1354 3781 ut
1381 3703 1423 3779 ii·

328 3823 495 3906 beutius
523 3824 575 3904 ud
603 3825 711 3906 hene
740 3847 829 3903 rem
841 3849 888 3903 se
902 3831 1046 3929 ponet,
1061 3823 1224 3908 dicutur
1240 3822 1291 3901 ei:
1308 3823 1424 3928 quod

327 3945 693 4027 volumushubore
720 3971 814 4025 oum
843 3947 885 4026 in
913 3945 1047 4047 gratia
1072 3946 1208 4023 nostri
1235 3943 1423 4034 dominii,

325 4067 367 4144 in
397 4067 589 4146 omnibus
617 4067 736 4146 iioiiis
751 4075 794 4146 et
807 4067 996 4146 honestis
1023 4067 1231 4170 precipue
1254 4091 1423 4145 cornon-

329 4190 480 4267 datum.
