3224 5110
1201 341 1267 424 899

176 555 328 632 stratae
356 555 524 654 apertas
551 553 594 626 et
621 547 851 650 expeditas,
878 549 1003 628 sicuti
1032 559 1152 630 crant
1190 549 1270 655 pri·

176 673 312 762 mirus,
341 669 527 772 itaquod
546 668 837 748 mercationes
867 695 1042 750 currere
1070 676 1113 750 et
1140 671 1272 750 libore

176 798 217 872 et
242 815 396 870 secure
440 789 615 866 transire
647 788 826 890 possint,
865 791 974 870 sicut
1000 791 1192 892 primitus
1219 793 1273 870 la·

177 938 278 998 coro
312 915 635 994 consueverant.
678 909 827 988 ltem
870 912 1077 1014 promittit
1117 913 1273 1006 dictum

175 1033 499 1114 illustrissimum
528 1029 682 1110 ducale
711 1032 944 1112 dominium
973 1031 1271 1112 diclodomino

178 1155 352 1249 ‚stefano
380 1153 490 1230 illam
519 1151 703 1240 domum,
732 1175 855 1254 quam
893 1150 1103 1255 quondam
1142 1151 1271 1230 domi·

177 1301 231 1356 no
260 1273 443 1356 Sandalo
471 1275 583 1362 idem
612 1271 845 1356 dominium
887 1273 1056 1354 donavit
1096 1279 1139 1363 et
1175 1299 1273 1352 con·

176 1399 355 1478 firmavit
381 1401 532 1500 postea
561 1396 699 1474 eidem
728 1396 897 1474 domino
927 1395 1123 1482 Stefano,
1153 1395 1204 1485 in¹
1221 1397 1272 1476 ci·

175 1520 301 1598 vitate
333 1515 490 1604 dadre,
519 1520 561 1594 et
588 1515 643 1594 itu
672 1515 884 1600 mandabit
926 1516 1017 1596 lieri
1045 1541 1070 1592 a
1097 1496 1272 1606 rectori,-

175 1641 254 1750 bus
279 1636 365 1718 suis
392 1635 538 1716 Jadre.
571 1637 717 1716 Item
746 1663 824 1741 pro
853 1642 979 1720 domo
1009 1660 1130 1740 quam
1158 1643 1273 1740 pete·

177 1753 246 1840 bat
286 1757 366 1838 sibi
407 1757 496 1835 dari
532 1759 574 1836 in
604 1757 772 1838 civitate
801 1760 1087 1846 Venetiam,
1114 1757 1272 1848 dictum

176 1879 326 1960 ducale
367 1876 596 1956 dominium
637 1877 843 1982 promittit
870 1876 950 1959 sibi
978 1878 1084 1956 solvi
1125 1877 1270 1965 facere

175 2000 360 2080 affictum
388 1999 509 2076 unius
534 1995 687 2076 domus
715 1997 758 2076 iu
787 1996 956 2077 civitate
980 1999 1273 2086 venetiarum,

176 2121 312 2200 donec
353 2119 488 2222 ipsunt
529 2113 756 2194 dominium
797 2115 1039 2222 providebit
1063 2115 1143 2199 sibi
1170 2117 1272 2196 dare

177 2248 220 2318 et
245 2240 404 2320 donare
433 2261 556 2320 unam
585 2236 707 2314 uliam
733 2239 902 2317 domum
932 2238 971 2314 in
1002 2239 1171 2318 ciuitate
1191 2240 1269 2319 Ve-

175 2363 396 2460 netiarum,
426 2359 605 2440 similem
634 2363 704 2438 aut
730 2359 990 2463 pulcriorem
1018 2358 1110 2448 illa,
1147 2381 1272 2462 quam

172 2482 364 2590 prelatus
405 2477 652 2580 magnificus
694 2503 841 2559 comes
881 2479 1068 2562 habebat
1098 2478 1139 2558 in
1167 2479 1271 2559 ‚civi-

176 2612 261 2684 tate
287 2601 572 2682 Venetiarum.
600 2599 742 2678 ltem
771 2601 1022 2704 promittunt
1049 2599 1149 2682 dicti
1177 2623 1271 2704 pro:
1390 2619 1395 2628 ·

177 2731 398 2806 curatores
425 2719 642 2824 utriusque
670 2722 814 2824 partis,
851 2721 1089 2804 nominibus
1117 2719 1270 2824 quibus

177 2869 315 2948 supra,
333 2844 455 2948 quod
483 2849 630 2922 neutra
658 2841 837 2946 partium
865 2840 979 2920 dabit
994 2851 1062 2921 aut
1077 2843 1164 2922 dari
1181 2864 1270 2944 pur«

177 2967 314 3046 mittet
339 2964 380 3042 in
407 2964 532 3042 terris
560 2967 603 3040 et
629 2961 733 3042 locis
763 2961 847 3037 suis
883 2967 1105 3064 receptum
1143 2962 1269 3042 alicui

74 3143 79 3152 ·
175 3083 341 3171 rebelli;
370 3082 453 3160 imo
486 3105 579 3161 curn
608 3080 743 3178 scient
770 3083 913 3160 dutum
943 3105 1034 3160 esse
1051 3090 1270 3186 receptum

176 3205 300 3286 alicui
326 3202 488 3290 rebelli,
517 3201 629 3280 illurn
657 3205 709 3286 de
740 3203 845 3281 locis
873 3205 957 3280 uuis
987 3201 1193 3282 licentiori
1218 3205 1273 3286 lu·

179 3327 305 3413 cient,
334 3322 446 3404 omni
466 3347 601 3402 causa
635 3333 812 3402 remota.
852 3321 983 3424 Quam
1011 3323 1177 3427 quidem
1205 3350 1272 3427 pa·

175 3470 296 3532 cem,
325 3455 369 3522 et
397 3444 535 3522 omnio
563 3455 605 3524 et
633 3446 797 3544 singula
837 3445 1126 3548 suprascripta
1162 3445 1271 3550 capi·

176 3569 328 3656 tula‚in
344 3567 535 3670 presenti
563 3569 808 3646 contractus
822 3567 1031 3650 contecta,
1058 3566 1271 3670 dictipro·

178 3697 399 3768 curatores
426 3693 470 3766 et
496 3686 657 3776 sindici,
684 3686 922 3780 nominibus
952 3687 1103 3789 quibus
1132 3709 1271 3790 supra,

177 3813 286 3891 iuter
312 3835 360 3888 ec
384 3815 432 3888 ot
458 3807 730 3886 sibiinvicem
746 3807 985 3886 etvicissim
1010 3808 1270 3888 solemnibus

177 3929 516 4035 stipulationibus
544 3928 755 4008 hincinde
772 3928 1161 4016 intervenientibus,
1175 3955 1268 4032 pro·

179 4053 396 4140 miserunt,
424 4050 524 4130 mihi
544 4049 721 4130 notario
751 4049 1039 4153 infrascripto,
1065 4059 1111 4127 ut
1136 4050 1269 4152 publi·

181 4196 230 4253 ce
258 4195 444 4274 persone
467 4171 750 4273 otiprrlantiet
769 4169 1011 4274 recipienti,
1026 4169 1121 4248 vioe
1143 4174 1270 4250 elno·
