3236 5108
176 599 278 674 enat,
310 575 404 691 quio
431 613 603 694 semper
631 613 726 666 eum
764 587 982 666 habuimus
1022 589 1062 668 in
1089 589 1264 690 singula·

175 709 383 788 tissimum
424 709 619 796 amioum,
648 717 691 786 et
732 708 951 786 dileximus
992 735 1089 787 eum
1119 721 1160 790 et
1187 718 1261 790 su-

174 841 260 908 tum
290 855 425 928 suum.
456 828 657 910 Similiter
685 828 914 906 audivimus
941 828 994 907 de
1023 829 1135 910 felici
1173 857 1261 912 ore·

20 949 22 976 *
175 955 316 1032 atione
357 977 429 1028 sua
458 953 508 1030 ad
550 951 771 1052 imperium
801 959 842 1029 et
870 949 1097 1030 dominium
1135 953 1264 1057 ipsius

176 1075 413 1176 patrissui,
442 1074 494 1151 de
523 1096 607 1172 quo
636 1097 713 1149 nos
742 1071 953 1148 fueramus
992 1072 1112 1151 valde
1141 1075 1262 1154 laeta·

178 1195 222 1283 ti,
251 1193 347 1293 quia
387 1193 495 1272 siout
535 1192 702 1269 sineere
742 1191 962 1270 dileximus
989 1201 1165 1296 patrem,
1208 1196 1263 1272 ita

20 1393 21 1400 χ
179 1313 401 1414 diligimus,
418 1322 460 1394 et
487 1312 665 1410 diligere
694 1311 883 1413 dispositi
910 1337 1051 1390 sumus
1077 1313 1204 1392 filium
1221 1325 1263 1394 et

20 1439 21 1458 ¹
178 1460 299 1512 suum
327 1433 569 1519 dominium,
598 1443 639 1512 et
667 1433 827 1511 habene
852 1435 988 1535 ipsum
1018 1433 1056 1512 in
1085 1433 1262 1534 singula·

20 1591 22 1658 J
175 1579 265 1636 rem
294 1557 491 1634 amioum.
521 1551 682 1632 Utendo
710 1553 774 1630 his
798 1561 847 1630 et
868 1552 954 1631 aliis
980 1554 1121 1632 verbis
1136 1556 1262 1658 penti·

174 1674 367 1752 uentibus
396 1681 440 1750 et
468 1675 605 1766 bonis,
634 1698 743 1776 qnae
771 1695 873 1749 suae
896 1676 1126 1776 sapientiae
1154 1675 1262 1754 vide·

174 1795 343 1874 buntur.
384 1793 436 1872 Et
464 1801 558 1872 ante
586 1819 705 1898 suum
735 1818 952 1874 necessum
981 1793 1135 1874 debeat
1167 1819 1262 1900 pno-

173 1916 419 2004 anserede
449 1913 679 1994 obtinendo
717 1913 855 1991 omnia
882 1913 950 1991 illa
978 1911 1112 2008 bona,
1154 1941 1261 2018 quae

172 2036 332 2139 poterit
357 2059 437 2141 pno
476 2034 712 2116 tranchisiis
741 2044 783 2114 et
811 2033 1074 2114 libertatibus
1116 2037 1262 2136 navigi·

20 2147 22 2262 ξ
51 2167 53 2172 ’
172 2179 295 2232 onum
325 2153 656 2233 atsubditorum
687 2161 943 2245 nostrorum,
971 2162 1014 2232 ut
1041 2179 1191 2233 secure
1220 2164 1262 2232 et

171 2277 263 2352 sine
304 2275 606 2376 impedimento
663 2274 827 2378 possint
868 2276 930 2352 ine
959 2273 1009 2351 ad
1049 2282 1190 2377 pantes
1219 2283 1261 2354 et

20 2461 21 2488 t
173 2397 268 2475 loca
302 2421 401 2492 sua,
431 2395 680 2476 olianiohane
698 2403 765 2474 et.
790 2395 969 2474 mereari
1006 2399 1116 2475 siout
1143 2407 1258 2501 pote·

172 2525 265 2596 nant
305 2524 500 2618 tempore
540 2515 669 2620 patris
698 2514 762 2592 sui
790 2521 833 2594 et
855 2516 1020 2605 melius,
1049 2517 1083 2594 si
1111 2519 1261 2596 melius

171 2637 335 2740 poteris
370 2637 578 2716 obtinere.
632 2633 685 2712 nt
711 2635 775 2712 his
805 2636 940 2728 factis,
981 2646 1160 2742 accepto
1188 2640 1258 2716 ho·

172 2743 354 2834 notabili
381 2764 575 2833 comeatu
603 2755 806 2833 sedentia
837 2755 1260 2861 Constantinopolim,

171 2878 225 2954 de
254 2876 446 2954 omnibus
473 2875 919 2954 informatusetnobis
947 2876 1114 2968 scribat,
1146 2879 1259 2980 quid·

20 2999 21 3016 ³
171 2996 272 3100 quid
299 2997 453 3076 lecerit
479 3003 523 3074 et
549 2995 743 3076 habuerit
771 3022 848 3102 pro
889 3004 1035 3098 nostra
1062 2995 1258 3077 informa·

170 3118 300 3194 tione.
334 3116 387 3196 Et
414 3120 454 3196 in
484 3119 569 3196 hoc
598 3143 696 3197 casu
725 3116 863 3197 eundo
892 3120 942 3196 ad
970 3118 1105 3222 ipsum
1133 3118 1258 3196 lilium

169 3239 350 3329 Munati,
375 3237 511 3341 possit
537 3238 627 3342 ipse
662 3237 944 3338 vieebaJulus,
985 3243 1093 3319 ultra
1121 3241 1258 3319 salani-

168 3381 239 3434 um
276 3357 589 3455 vioebajulatus
630 3359 871 3458 expendere
908 3357 1103 3440 ducatum
1130 3385 1257 3439 unum

165 3479 210 3570 ,in
240 3477 358 3566 die,a
380 3474 447 3552 die
476 3501 557 3578 quo
586 3481 817 3557 recesserit
843 3479 895 3557 de
913 3479 1257 3586 Constantinopo-

171 3597 199 3676 li
228 3597 368 3676 doneo
396 3593 612 3676 redivenit.

273 3717 326 3796 lit
350 3718 386 3792 si
423 3741 501 3821 pen
543 3716 676 3820 ipsum
718 3717 843 3796 lilium
882 3721 1096 3800 Munati
1137 3722 1278 3802 lieret.

172 3837 328 3916 mentio
356 3837 408 3914 do
437 3837 550 3917 facto
579 3837 694 3918 Petri
723 3838 856 3930 (leno,
884 3840 954 3941 qui
982 3841 1055 3919 ivit
1083 3867 1177 3921 cnm
1192 3865 1257 3944 ga-

170 3959 235 4038 lea
263 3980 343 4034 una
373 3963 415 4036 et
459 3955 631 4057 insignia
673 3969 818 4038 nostra
847 3960 896 4037 ad
925 3961 1063 4060 galeas
1092 3961 1257 4050 lllorati,

148 4078 326 4162 ‚debeat
352 4079 498 4158 dicere
526 4087 569 4156 et
595 4081 876 4184 respondere.¹
911 4081 1026 4182 quod
1053 4081 1144 4185 ipse
1172 4108 1256 4161 non

169 4211 233 4282 est
260 4196 337 4278 sub
366 4205 512 4280 nostro
541 4197 741 4291 dominio,
767 4227 865 4306 ymo
896 4209 961 4283 est.
986 4205 1062 4282 sub
1092 4203 1171 4284 alia
1191 4209 1252 4308 ju·
1311 4303 1314 4308 Ι
