3230 5104
1208 364 1270 428 511

180 567 305 669 cepit,
336 591 537 668 regem
565 567 767 670 ipsum,
795 569 908 670 quod
935 567 1027 646 sine
1051 568 1202 650 dolere
1230 576 1273 648 et

179 687 362 767 lacrimis
392 714 445 764 ne
475 688 651 786 cogitari
681 687 850 788 quidem
878 689 1016 765 animo
1044 691 1188 780 debet,
1219 693 1270 771 le·

178 809 231 886 de
263 832 312 886 ac
342 807 496 884 misere
524 815 690 909 captum
720 805 863 899 habet,
897 807 1099 910 quidquid
1126 836 1272 914 super·

165 939 277 1004 'esse
314 927 482 1005 videtur
521 928 632 1005 illius
680 929 823 1026 regni,
864 929 974 1028 quod
1009 954 1154 1032 parum
1196 937 1271 1021 est,

178 1048 262 1124 tale
289 1055 354 1124 est
382 1055 427 1124 nt
468 1046 663 1126 facillime
707 1047 913 1149 occupari
939 1051 1099 1149 possit,
1137 1049 1272 1152 ruptis
1359 1051 1368 1074 ⁸

177 1165 255 1244 iam
309 1167 593 1268 reseratisque
651 1169 868 1254 claustris,
922 1168 1131 1272 dissipatis
1184 1193 1272 1270 reg·

179 1288 217 1364 ni
272 1287 546 1380 custodibus,
601 1289 819 1392 occupatis
856 1289 1146 1376 munitioribus
1200 1317 1272 1391 op·

178 1408 306 1510 pidis,
349 1417 472 1510 capto
500 1407 682 1509 denique
710 1431 826 1507 rege.
882 1409 970 1486 lam
997 1411 1133 1489 aditus
1160 1411 1273 1488 undi-

180 1552 263 1629 que
293 1529 343 1604 ad
372 1529 664 1609 insinuandum
693 1553 790 1606 sese
817 1529 857 1606 in
885 1530 1126 1611 Christiane
1154 1533 1271 1612 ditio·

177 1645 240 1722 nis
269 1648 510 1749 precordia,
537 1647 651 1726 bosti
679 1649 888 1728 acerrimo
926 1651 1123 1752 patefacti
1163 1659 1271 1736 sunt,

176 1793 257 1847 nec
286 1759 492 1871 estquod
522 1771 793 1871 cupiditatem
824 1773 913 1848 eins
941 1772 1073 1861 sistat,
1101 1773 1183 1852 nisi
1211 1795 1270 1851 ar·

177 1889 253 1964 mis
282 1895 325 1966 et
353 1891 393 1966 vi
418 1913 686 1992 perpropere
715 1891 880 1970 obviam
917 1899 1048 1975 catur.
1084 1893 1170 1970 lam
1198 1893 1269 1970 ho·

175 2009 276 2088 stilis
305 2013 535 2095 exercilus,
563 2015 774 2114 superatis
804 2038 825 2090 r
841 2039 865 2090 e
881 2037 946 2113 gu
963 2015 977 2090 i
1009 2015 1044 2090 B
1062 2040 1088 2091 o
1105 2015 1185 2092 ssi
1204 2039 1228 2090 n
1246 2041 1270 2091 e

175 2130 337 2220 linibus,
366 2133 415 2208 ad
447 2133 590 2210 littora
618 2157 754 2234 usque
783 2135 1006 2240 Segne,
1046 2138 1179 2222 idest
1220 2136 1271 2212 ad

175 2249 355 2328 hostium
387 2261 440 2330 et
467 2253 582 2338 iores
611 2255 627 2331 l
643 2257 792 2333 talie
829 2256 994 2335 infestis
1021 2259 1150 2336 armis
1185 2256 1274 2354 glo·
1370 2239 1374 2249 ¹

175 2354 398 2448 riabundus
426 2372 665 2475 irrumpere
693 2399 779 2452 non
808 2381 875 2453 est
901 2379 1061 2456 veritus
1064 2429 1270 2454 ......

426 2627 433 2641 ,
502 2541 606 2606 Secr.
631 2562 734 2606 cons·
757 2561 835 2629 rog.
861 2543 936 2608 Lib.
959 2545 1052 2610 ΧΧΙ.
1077 2545 1131 2609 ch.
1156 2506 1225 2609 1⁵60.

454 2765 519 2858 l).
563 2785 677 2860 moa.
707 2787 769 2861 25.
805 2781 985 2863 sunit.
1076 2811 1078 2816 ·

171 2975 294 3034 [Iacuo
315 2991 507 3050 nocaaunay
531 2977 756 3035 Maerauuoun
780 2995 801 3053 y
825 2980 920 3054 ΡΜ]
944 2982 1126 3054 Bepuapay
1149 2979 1270 3037 lOcra·

174 3096 301 3158 nnana,
334 3097 467 3152 yacus
492 3098 532 3153 ay
567 3097 682 3138 aaanro
715 3099 752 3153 pa
791 3084 909 3158 Typun
944 3099 1132 3141 ocuonomn
1154 3085 1270 3155 Boouy

174 3183 259 3239 nebu
282 3199 415 3258 ypaparo
440 3201 479 3240 aa
502 3185 705 3259 Xopaancny,
728 3203 806 3244 aaro
830 3203 868 3258 pa
892 3204 930 3260 cy
948 3203 987 3245 ce
1006 3184 1267 3260 Maeraabn‘pe·

430 3305 529 3344 maan
555 3305 654 3344 orara
680 3305 748 3345 nun
774 3309 813 3347 ua
845 3307 1012 3365 oynpom..

274 3435 355 3514 Ser
396 3437 709 3518 Bernando
750 3439 1105 3521 lustiniano
1147 3441 1269 3520 militi

174 3561 338 3638 oratori
366 3570 514 3639 nostro
544 3563 651 3665 apud
682 3563 899 3640 Summum
942 3561 1269 3642 Pontificem.

276 3683 579 3782 Superioribus
609 3683 757 3762 litteris
794 3683 1017 3788 scripsisse
1056 3685 1179 3764 vobis
1208 3709 1269 3761 re·

174 3801 353 3880 colimus
369 3802 635 3881 miserabiles
671 3804 1050 3905 depopulationes,
1091 3805 1269 3907 rapinas,

172 3931 349 4024 strages,
377 3949 481 4026 quas
510 3923 777 4000 saevissimus
795 3925 973 4002 nominis
990 3924 1145 4004 Christi
1172 3925 1268 4002 hos·

172 4044 238 4136 tis,
266 4045 502 4122 miserrimo
532 4066 713 4143 regno
743 4044 856 4121 illo
885 4044 1268 4123 llossineintu·

173 4165 663 4270 lit;insuperqucregem
692 4165 782 4242 eius
811 4169 864 4246 ab
894 4167 1045 4246 eodem
1082 4167 1267 4270 prodito·
