3228 5108
212 613 307 668 rum
348 596 591 670 nostrorum
634 593 942 686 Albaniae,
972 591 1095 670 simul
1129 593 1230 670 dent
1267 601 1309 670 et

211 714 464 811 consignent
490 735 564 820 seu
593 711 683 790 darl
710 715 753 788 et
767 711 1009 809 consignari
1039 711 1192 790 fociant
1219 737 1309 794 scu-

213 827 310 908 dele
337 856 438 910 suae
454 829 746 920 excellentiae,
772 832 840 908 vel
870 828 1022 932 quibus
1051 832 1224 910 duxerit
1247 857 1308 912 or·

83 1016 87 1026 .
214 949 452 1038 dinandum‚
481 951 732 1029 ducatorum
761 949 834 1028 ·11·
866 951 980 1028 mille
1006 951 1167 1048 singulo
1197 975 1306 1034 enno

214 1071 268 1148 do
294 1070 536 1148 introitibus
565 1071 760 1164 locorum
787 1071 1118 1174 praedictorum,
1146 1079 1189 1148 et
1215 1095 1308 1171 pau·

215 1190 358 1268 ciores
384 1190 421 1266 si
437 1191 599 1293 poteris
628 1191 835 1280 obtinere,
864 1191 1107 1270 conditione
1124 1197 1305 1292 etpaoto

213 1329 444 1408 expresso,
480 1311 594 1410 quod
621 1308 734 1390 idem
762 1308 954 1388 domiuus
991 1307 1225 1411 imperator
1252 1316 1307 1386 te·

213 1433 363 1504 nentur
390 1434 432 1506 et
459 1428 634 1518 debeat,
661 1431 997 1531 quotiescunque
1028 1427 1164 1530 aliqua
1193 1451 1307 1526 gens,

215 1545 503 1648 cuiuscunque
543 1548 801 1626 conditionis
828 1546 1004 1634 existat,
1031 1545 1230 1623 militaret
1256 1543 1307 1622 ad

86 1667 89 1670 ’
213 1667 362 1746 domna
403 1665 720 1746 territoriorum
746 1676 990 1746 nostrorum
1020 1665 1307 1767 predictorum
1435 1665 1440 1676 '

213 1813 264 1870 ac
290 1788 582 1878 subditorum,
625 1792 740 1893 quod
769 1799 868 1870 tunc
897 1791 947 1868 ad
976 1813 1145 1870 omnem
1172 1788 1304 1888 requi·

212 1908 408 1992 sitionem
436 1911 570 1990 nostri
600 1910 802 2015 capitanei
830 1917 875 1988 et
896 1916 1114 1990 rectorum
1143 1917 1307 1986 nostro·

214 2055 334 2119 rum,
362 2031 432 2132 qui
461 2039 584 2108 erunt
610 2035 651 2112 in
681 2033 788 2113 locis
816 2031 1039 2133 predictis.
1069 2032 1239 2110 mittero
1265 2031 1305 2106 iu
1416 2099 1420 2108 .

106 2167 110 2178 ·
213 2175 335 2230 suum
361 2151 588 2232 subsidium
617 2161 766 2252 gentes
801 2151 1060 2233 sufficientes
1094 2177 1175 2256 pro
1215 2179 1305 2234 suc·

214 2297 339 2354 cursu
368 2279 410 2350 et
437 2272 699 2352 deffensione
728 2272 924 2352 locorum
950 2273 1279 2376 predictorum..

316 2389 521 2471 Preterea
549 2418 644 2474 cum
666 2393 910 2497 inpartibus
939 2403 981 2470 et
1010 2393 1117 2471 locis
1142 2393 1303 2474 subice

213 2517 266 2596 tis
292 2539 392 2594 suae
432 2513 704 2614 magnitudini
740 2515 1021 2594 intelleximus
1060 2539 1303 2616 essequam

211 2640 357 2742 plures
384 2643 552 2714 nostros
581 2637 696 2716 cives
725 2645 768 2714 et
794 2637 941 2716 lidelcs
970 2637 1204 2740 captivatos
1221 2647 1303 2719 etc.

315 2873 509 2956 Fecimus
536 2873 609 2954 tibi
637 2875 739 2956 dare
765 2897 913 2952 exema
943 2874 993 2952 ad
1019 2877 1211 2956 valorem
1232 2877 1303 2956 du·

214 3007 406 3078 catorum
448 2997 561 3074 mille
588 3053 747 3076 .....
776 2995 946 3074 easdem
987 3021 1057 3075 res
1086 3005 1128 3074 et
1155 3021 1303 3078 exema

213 3079 349 3194 eidem
378 3115 550 3194 domino
591 3113 836 3219 imperatori
865 3125 907 3228 et
934 3115 1021 3192 aliis
1051 3116 1120 3218 qui
1150 3116 1220 3192 tibi
1247 3119 1301 3194 vi·

214 3234 434 3320 debuulur,
462 3258 541 3336 pro
570 3235 736 3312 meliori
758 3237 1014 3316 execratione
1042 3237 1201 3337 negotii
1229 3235 1303 3316 tibi

210 3355 382 3434 comissi
408 3363 668 3459 presentare.

554 3495 657 3561 Βοῦν.
682 3495 794 3564 Cous.
821 3497 910 3584 ling.
942 3494 1014 3560 Lib.
1041 3493 1102 3560 ΙΙΙ.
1127 3497 1172 3560 ch
1209 3499 1258 3561 10.

212 3683 559 3783 ccxxviii.
589 3709 701 3784 uos.
729 3703 917 3782 inesco.
945 3701 1038 3780 vu.
1069 3707 1127 3779 ss.
1158 3701 1301 3782 Maii.

209 3879 386 3956 Oproaops
410 3895 637 3950 nocsauenaua
663 3882 834 3956 cpoosors
856 3883 1006 3954 deonora
1031 3880 1180 3937 Creusae
1204 3883 1298 3940 Asaa-

244 3983 379 4058 penalia,
404 3983 503 4060 opaea
526 4001 649 4042 monos
671 3983 777 4042 fluere
801 3999 818 4040 a
842 3999 920 4057 yasa
944 3983 1070 4040 sceors
1093 3999 1177 4040 cuae
1201 3985 1279 4044 Bea-
1382 4059 1385 4068 .

558 4107 635 4156 me,
658 4105 695 4146 aa
719 4105 815 4146 salue
839 4101 950 4144 rosso.

312 4203 456 4312 Copta.
521 4206 642 4304 Quod
696 4207 1007 4309 respondeatur
1061 4203 1300 4285 oratoribus

209 4323 525 4424 magnifici
577 4323 795 4404 domini
854 4324 1123 4427 despoti‚
1178 4325 1301 4402 lilii
