3154 5102
378 701 695 795 comburendo,
722 700 989 800 decubando,
1019 699 1244 781 incidendo
1272 703 1314 778 et
1337 697 1468 801 quod·

376 823 474 902 tibet
518 823 624 901 atiud
666 823 858 900 damnum
899 821 1011 924 quod
1037 821 1207 926 poterit,
1235 818 1468 910 inferendo,

375 943 603 1022 secuntum
632 951 822 1022 tenorem
852 951 894 1020 et
923 943 1097 1020 iormam
1126 963 1226 1020 suaa
1250 937 1467 1024 comissis·

375 1063 450 1154 nis,
491 1063 584 1168 quia
620 1062 813 1167 proelio
849 1070 997 1162 gemes
1038 1069 1209 1142 nostrae
1249 1070 1470 1166 equestres

376 1189 419 1261 et
446 1183 666 1286 pedestres
695 1189 737 1260 et
765 1183 857 1287 ipse
885 1181 941 1258 ibi
967 1206 1051 1258 non
1080 1187 1199 1271 sunt,
1237 1205 1358 1284 quam
1386 1203 1465 1284 pro

376 1298 711 1392 damnificatione
739 1307 980 1380 nostrorum
1009 1300 1191 1380 bostium
1234 1299 1467 1404 praedicto·

372 1445 463 1500 rum
493 1430 574 1501 etc.

475 1611 620 1715 Capta:
647 1611 700 1690 Et
727 1612 821 1715 quin
849 1613 985 1692 dictus
1014 1612 1255 1716 capitaneus
1282 1611 1467 1714 scripsit,

374 1731 483 1836 quod
535 1731 776 1810 intendebat
824 1733 993 1810 mittere
1033 1755 1111 1836 pro
1154 1729 1358 1836 aliquibus
1399 1731 1465 1810 de

371 1849 520 1952 Pago
550 1849 1465 1955 etArboprovastando,quiateuto·

372 1973 492 2052 uici
534 1971 584 2048 ad
626 1971 721 2049 talia
748 1995 830 2048 non
859 1979 954 2048 sunt
989 1971 1096 2073 apti,
1136 1969 1398 2050 rescribatur
1421 1967 1465 2047 ei

372 2092 486 2198 quod
513 2115 653 2170 sumus
684 2093 892 2181 contenti,
929 2091 1041 2193 quod
1068 2115 1147 2194 pro
1185 2089 1307 2170 dictis
1334 2087 1465 2168 borni·

372 2211 492 2293 nibus
520 2214 573 2290 dc
598 2211 727 2314 Pago,
748 2210 928 2288 etetiem
955 2209 1007 2288 de
1037 2209 1126 2288 aiiis
1154 2211 1279 2288 terris
1306 2211 1465 2290 nostris

372 2333 403 2410 S
419 2361 442 2414 c
458 2335 468 2410 Ι
484 2359 506 2411 a
521 2359 546 2410 r
562 2358 588 2409 o
607 2357 631 2408 n
645 2332 658 2407 i
673 2355 695 2408 a
711 2357 747 2417 o,
776 2331 909 2408 mittat
936 2331 975 2405 in
1012 2329 1177 2410 casibus
1212 2331 1466 2410 necessariis

259 2495 261 2498 ·
371 2453 463 2542 sibi,
489 2455 683 2532 nolumus
713 2458 871 2539 tamen,
900 2451 1013 2552 quod
1041 2451 1093 2529 de
1123 2449 1283 2530 civibus
1312 2451 1464 2557 Pagi,

369 2575 522 2653 None
563 2596 639 2650 seu
667 2571 839 2651 alicuius
868 2572 1039 2652 atterius
1069 2571 1278 2660 civitatum
1308 2579 1464 2650 nostra-

371 2721 460 2774 rum
503 2693 877 2784 sclavoniae,
919 2692 1021 2772 dare
1062 2692 1212 2771 debeat
1253 2695 1463 2773 comiti

374 2798 668 2914 Gregorio
711 2838 790 2892 nec
827 2813 946 2892 alicui
983 2814 1065 2900 alii,
1093 2839 1175 2892 nec
1203 2813 1264 2892 cis
1293 2813 1463 2892 mittere

372 2941 490 3016 extre
518 2934 750 3012 districtum
780 2941 822 3010 et
849 2932 1106 3010 territorium
1145 2932 1369 3011 ladrae.
1409 2931 1465 3011 Et

372 3057 455 3136 boc
483 3055 674 3142 dicimus,
702 3056 796 3157 quia
823 3081 966 3134 comes
986 3055 1217 3152 Gregorius
1246 3051 1463 3158 predictus

371 3199 505 3278 nuper
531 3177 701 3280 scripsit
726 3170 1015 3278 provisoribus
1044 3175 1214 3263 nostris,
1244 3173 1354 3274 quod
1382 3171 1461 3250 sibi

372 3289 533 3374 mittent
561 3295 613 3372 de
654 3293 892 3373 hominibus
929 3295 1031 3393 Pagi
1074 3319 1205 3398 usque
1234 3295 1284 3370 ad
1313 3292 1462 3374 ducen-

373 3425 451 3502 tos,
480 3442 584 3520 quos
611 3441 694 3492 non
723 3415 932 3493 credimus
962 3417 1072 3518 quod
1101 3415 1200 3492 reiit
1227 3439 1304 3518 pro
1329 3416 1465 3518 aliqua

372 3541 481 3620 bona
510 3562 647 3629 causa;
675 3561 819 3618 verum
848 3539 900 3615 de
929 3537 1210 3641 stipendiariis
1237 3539 1391 3616 nostris
1422 3537 1463 3614 in

370 3687 442 3738 sun
471 3659 661 3738 libertate
691 3657 971 3760 relinquimus
987 3657 1109 3735 dandi
1128 3647 1282 3758 'quibus
1298 3665 1339 3735 ct
1353 3657 1464 3735 sicut

370 3781 449 3858 sibi
489 3777 720 3866 videbitur,
759 3786 806 3856 ut·
839 3782 1078 3858 continetur
1115 3779 1272 3857 ineius
1311 3777 1461 3857 comis·

370 3926 501 3981 smne.

403 4095 405 4098 ·
470 4069 623 4177 Capta:
664 4073 785 4172 Quod
826 4075 1034 4154 scribatur
1064 4079 1210 4152 nostro
1241 4073 1464 4178 capitaneo

369 4192 496 4270 maris
524 4200 566 4272 ct
592 4195 748 4272 nostris
777 4195 1083 4296 provisoribus,
1111 4194 1223 4296 quod
1249 4193 1301 4274 de
1330 4195 1465 4274 homi-

370 4314 490 4394 nibus
519 4313 679 4394 civibus
709 4315 856 4414 Pagi,
886 4317 951 4396 vet
981 4317 1159 4396 aiiarum
1196 4325 1467 4398 terrarum
