3228 5108
361 327 364 336 .

333 421 398 487 356
463 417 465 430 ’

331 633 478 704 venant
506 647 529 701 a
557 633 706 708 certo,
746 623 903 701 dietum
939 619 1154 699 dominum
1195 621 1422 730 Georgium

334 745 486 822 iecisse
513 741 603 821 fieri
645 743 864 820 emendam
894 749 936 819 et
970 741 1299 821 satisfactionem
1325 742 1422 820 salis

334 865 551 962 derobati‚
595 862 827 966 adimplere
857 870 899 940 et
926 864 1157 941 ohservare
1193 861 1422 940 secundum

335 981 449 1086 quod
478 983 577 1086 ipsis
606 969 1012 1061 recontendavimus.

434 1119 544 1198 Etut
560 1119 769 1224 possimus
797 1121 908 1200 seire
927 1129 1121 1222 quantam
1151 1121 1421 1222 quantitatem

332 1243 537 1347 pecuniae
578 1242 808 1319 debeamus
835 1250 878 1319 et
904 1241 1114 1346 possimus
1155 1249 1302 1343 petere
1344 1267 1422 1344 pro
1479 1279 1484 1286 ·

323 1362 482 1439 damno
511 1346 611 1439 dicti
639 1363 773 1439 nostri
803 1362 898 1438 salis
927 1361 1130 1454 denotati,
1159 1361 1310 1440 debeat
1324 1363 1423 1443 scni-

334 1481 376 1558 bi
393 1489 434 1558 et
450 1481 610 1560 o'omitti
642 1481 787 1558 comiti
804 1489 846 1557 et
861 1481 1080 1584 capitaneo
1111 1471 1290 1567 scutati,
1306 1481 1421 1582 quod

199 1683 204 1691 ,
290 1647 300 1656 -·
333 1598 484 1678 debeat
521 1600 665 1678 facere
695 1602 1072 1690 examinationem,
1113 1610 1194 1680 tam
1223 1625 1319 1678 oum
1348 1601 1421 1679 iiio

334 1723 404 1824 qui
431 1720 611 1798 habebat
645 1723 853 1800 dohanam
882 1722 983 1800 dicti
1009 1723 1130 1821 salis,
1176 1745 1299 1824 quam
1328 1745 1421 1799 oum

334 1841 525 1946 quolibet
565 1842 675 1931 ali0‚
717 1845 786 1948 qui
824 1843 862 1920 ei
889 1841 1099 1921 videbitur
1138 1868 1266 1946 super
1308 1843 1421 1922 dioto

333 1961 474 2052 iacto,
504 1969 546 2040 et
572 1986 650 2067 per
677 1985 770 2038 suas
801 1964 958 2042 litteras
988 1989 1109 2065 quam
1138 1963 1321 2073 prestius
1348 1987 1421 2062 po·

221 2149 224 2156 .
332 2081 431 2160 terit
457 2105 536 2159 nos
576 2081 804 2160 informare
847 2085 897 2162 ad
939 2085 1108 2188 pienum
1137 2083 1187 2159 ad
1229 2090 1422 2184 quantam

214 2193 216 2206 ⁸
333 2203 605 2306 quantitatem
632 2205 837 2310 pecuniae
865 2193 1052 2283 ascendit
1084 2204 1278 2281 damnum
1306 2227 1423 2306 prae-

332 2323 515 2420 dictum,
558 2332 601 2402 et
627 2325 679 2400 de
709 2327 901 2403 omnibus
930 2325 981 2400 de
1012 2325 1163 2426 quibus
1206 2325 1423 2402 videretur

332 2444 371 2521 ei
410 2468 587 2530 necesse
629 2469 722 2525 esse
763 2472 841 2524 nos
882 2447 1042 2524 habere
1083 2445 1421 2525 informationem

332 2567 446 2644 ninoa
475 2567 690 2668 praedicta
720 2571 760 2642 et
788 2565 866 2642 alia
894 2567 1148 2656 necessaria,
1176 2573 1221 2644 ut
1248 2567 1300 2644 de
1327 2567 1423 2645 hinc

332 2685 540 2788 possimus
570 2685 744 2763 definire
772 2683 1002 2763 secundum
1035 2687 1148 2788 quod
1172 2685 1252 2764 enit
1279 2711 1420 2764 neces-

331 2805 484 2882 sarium
513 2806 551 2882 in
580 2805 665 2882 hoo
695 2805 818 2883 santo.
1223 2795 1226 2800 ’
1432 2816 1435 2822 “

732 2943 825 3009 uiui
849 2943 905 3008 dei
929 2941 1071 3009 Senatu
1097 2944 1199 3008 XLV.
1224 2945 1277 3008 ch.
1306 2943 1377 3010 120.

408 3089 674 3215 CCXVII.
705 3141 816 3213 mot.
848 3136 1057 3215 indict.
1084 3135 1134 3216 x.
1161 3141 1224 3213 aa.
1251 3135 1339 3212 ne-
1403 3179 1405 3189 ι

740 3257 1008 3336 oemhris.

332 3413 523 3490 ssonaauuuy
546 3415 678 3490 Xepnoe
714 3416 859 3488 nouenae
894 3419 1023 3486 Bonae,
1049 3433 1109 3474 uon
1135 3433 1215 3474 nonu
1239 3434 1277 3488 aa
1304 3434 1416 3488 uesano

331 3518 509 3576 Maenunim
523 3521 648 3576 nouolu,
671 3520 891 3584 Cnuaiauuua,
916 3537 975 3577 oon
989 3537 1141 3596 oyyaeun
1164 3523 1291 3578 aaroni,
1313 3538 1416 3596 upana

330 3625 482 3694 onnia,
516 3641 595 3682 uero
618 3643 654 3696 ua
690 3627 774 3698 uisuy
806 3625 887 3699 ὀμ]
911 3644 929 3699 y
954 3627 1100 3695 nouato,
1136 3642 1343 3700 ost-osopum
1378 3643 1415 3698 aa

330 3747 395 3788 ona
419 3748 436 3787 o
461 3746 527 3788 soao
551 3745 626 3786 nmo
650 3747 667 3784 o
690 3731 892 3801 musciano,
916 3747 956 3788 uo
977 3747 1015 3803 aa
1041 3747 1079 3789 oa
1103 3749 1164 3789 ono
1188 3747 1312 3805 aanory
1334 3746 1352 3806 y
1375 3745 1417 3788 ne

717 3850 866 3892 nocuone
889 3853 1036 3896 rtemann.

432 3969 575 4073 Capta.
633 3969 735 4050 Cum
764 3971 959 4050 dominus
987 3973 1055 4048 bu
1072 3974 1097 4050 d
1115 3997 1140 4048 o
1157 3970 1209 4046 vi
1226 3995 1325 4049 ous
1352 3970 1420 4046 de

329 4089 682 4176 Mathaianis‚
710 4116 790 4196 pro
819 4101 941 4196 parte
969 4089 1194 4192 Cneuoy
1221 4089 1282 4166 de
1309 4087 1421 4165 Bos·

333 4209 458 4286 sina
487 4233 580 4288 oum
609 4213 757 4291 litteris
785 4210 1112 4291 euadentiaiibus
1140 4211 1261 4288 nobis
1289 4233 1418 4310 expo·

329 4327 473 4422 suerit,
501 4333 614 4432 quod
642 4331 767 4431 aliqui
796 4331 950 4410 inimici
977 4331 1039 4408 sui
1077 4329 1130 4408 de
1158 4330 1421 4433 Spaieto.
