3206 5110
1195 409 1261 495 ⁶⁰5
1281 511 1285 520 .

153 627 335 705 denariis
363 653 440 732 pro
468 652 635 727 grosso,
661 629 813 709 amodo
842 631 882 708 in
912 635 1033 711 antea
1062 635 1147 712 hoc
1176 661 1260 712 mo-

148 737 228 834 d'u;
253 747 449 828 videlicet
478 773 615 852 nsque
641 752 690 828 ad
720 752 979 830 nativitatem
996 751 1154 832 domiui
1179 757 1259 859 pri·

117 857 122 865 “
151 880 220 944 mo
248 877 429 948 venturo
461 869 592 948 iibras
621 864 776 963 nect,
804 879 847 949 et
874 873 1070 972 sequenti
1098 879 1257 979 tempo-

152 1009 198 1062 re
227 989 420 1090 quotibet
461 989 569 1066 festo
611 991 835 1074 nativitatis
871 993 1030 1070 domini
1059 1002 1258 1072 secuturo

153 1106 283 1186 iibrus
311 1099 464 1186 DCCL.
495 1133 628 1210 usque
657 1113 706 1188 ud
737 1111 971 1214 perfectam
1000 1113 1256 1191 solutionem

150 1225 356 1306 dictarum
400 1231 601 1308 librarum
646 1231 719 1307 ΙΙΙ.
748 1233 887 1320 mittio,
916 1233 1149 1311 iaciendum
1180 1259 1259 1338 per

149 1371 228 1423 uos
258 1359 299 1425 et
329 1351 614 1453 recipiendam
644 1356 695 1430 ab
725 1355 787 1430 eis
812 1349 891 1457 pei·
919 1353 1156 1456 predictum
1186 1357 1259 1432 do·

151 1455 306 1545 minum
336 1472 500 1556 ducem,
530 1483 572 1550 et
589 1499 770 1552 comune
792 1475 1076 1554 Venetiarum.
1105 1473 1257 1554 mooe

149 1591 394 1667 nominatim
437 1615 516 1692 pro
559 1591 858 1692 fidejussione,
899 1631 975 1684 seu
1014 1597 1276 1698 θθΰυΐῑίθῗθ»

147 1691 273 1810 quu'm
316 1709 508 1788 fecerunt
548 1711 721 1792 dominu
751 1719 874 1808 delui,
905 1734 947 1802 et
974 1727 1147 1806 comuni
1177 1721 1286 1816 Va·

148 1828 354 1906 netiarum
397 1855 474 1933 pro
504 1859 551 1911 se
580 1839 1044 1940 demonstrandis,
1075 1875 1154 1950 pro
1185 1875 1256 1927 co.

145 1949 247 2027 mite
264 1949 437 2049 Georgii
454 1953 506 2030 de
519 1953 689 2044 Amisio,
707 1961 1192 2048 occasionadamnorum
1205 1972 1256 2048 ub

145 2069 302 2145 eodem
320 2070 492 2163 comite,
508 2079 550 2149 et
564 2081 690 2172 gente
706 2081 798 2176 rjus
812 2081 1023 2165 illatorum
1049 2093 1256 2189 subjectis

145 2189 302 2266 domini
319 2191 450 2284 deruis,
471 2217 521 2272 ac
549 2219 629 2297 pro
664 2205 906 2301 represaliis
936 2212 1152 2291 concessis
1179 2237 1257 2316 per

37 2333 45 2342 ·
144 2309 360 2386 dominum
384 2311 547 2400 ducem,
576 2323 618 2392 et
645 2342 827 2400 comune
857 2326 1129 2408 Venetiarum
1158 2356 1256 2410 con·

142 2433 215 2510 tra,
239 2427 431 2508 homines
457 2432 652 2533 Tragurii
678 2444 905 2524 occasione
922 2452 1129 2548 predicta,
1157 2476 1253 2554 pro·

144 2547 257 2626 misit
285 2551 412 2630 etiam
440 2560 482 2628 et
498 2559 694 2636 convenit
709 2563 903 2644 dominus
923 2571 1110 2650 sindicus
1139 2573 1255 2652 dicto

143 2667 377 2748 uindicario
421 2659 594 2750 nomine
623 2681 817 2777 predicto
858 2687 1032 2767 dominu
1062 2690 1160 2770 duci
1190 2717 1254 2771 re·

144 2785 329 2890 cipienti,
355 2795 399 2864 ut
427 2790 584 2868 dictum
616 2807 703 2886 est,
746 2805 1072 2904 quod-predicti
1102 2811 1255 2912 capito.

143 2931 263 2993 neus,
291 2931 489 3014 comune,
518 2915 560 2986 et
588 2911 782 2992 homiues
809 2919 1004 3020 Tragurii
1033 2950 1117 3004 non
1148 2930 1254 3006 reui-

28 3076 31 3084 -
141 3027 262 3130 pient
289 3026 329 3104 in
359 3052 511 3108 eorum
540 3037 667 3120 terra,
697 3043 842 3136 portu,
870 3067 947 3120 seu
976 3029 1167 3126 districtu
1184 3049 1255 3132 ali·

145 3171 252 3248 (rurus
282 3149 568 3228 mercationes
598 3161 801 3234 terrarum
841 3161 1027 3264 Spoleti,
1063 3165 1254 3256 Sibinici

146 3268 383 3356 Scordone,
401 3277 442 3346 et
456 3271 575 3350 Nune
593 3298 668 3351 seu
681 3276 912 3380 aliquarum
931 3293 1153 3380 terrarum,
1169 3291 1254 3392 qui·

147 3387 227 3462 bus
242 3388 416 3465 vetitum
433 3395 570 3472 estuti
598 3395 790 3477 Venetiis
819 3427 913 3481 cum
944 3431 1249 3490 eorummerca·

145 3503 346 3598 tionibus,
362 3535 445 3611 qne
466 3515 755 3597 mercationes
786 3537 1097 3608 consueverant
1118 3532 1255 3609 Vene-

142 3625 212 3703 tiis
239 3626 405 3722 adduci,
419 3631 596 3726 scilicet,
619 3661 805 3726 cerame,
823 3643 1045 3744 petamem‚
1062 3650 1253 3755 petizari·

144 3769 226 3836 am,
244 3769 397 3838 ceram,
412 3749 562 3841 lanam,
584 3779 766 3846 caseum,
783 3783 944 3853 carnes,
968 3765 1135 3856 bestias,
1163 3791 1253 3866 gra-

139 3891 235 3958 nas,
264 3868 395 3960 ficara,
433 3897 553 3950 uvam
582 3899 769 3976 passum,
797 3884 1011 3976 sonnium,
1053 3895 1097 3964 et
1125 3887 1254 3988 queti-
1281 3951 1306 3998 .-

146 3987 218 4068 bet
245 3987 323 4064 ulia
351 3991 628 4069 mercimonia
655 3996 835 4097 partium
856 4000 1053 4104 ipsarum.
1070 4007 1122 4083 m
1139 4007 1253 4107 q'uod

144 4131 231 4182 nun
262 4111 544 4204 consentient,
573 4139 652 4190 nec
681 4115 929 4219 permittent
945 4123 1081 4226 aliqua
1110 4126 1162 4204 de
1191 4125 1253 4202 hi.

144 4227 194 4318 is,
223 4249 304 4330 que
326 4227 378 4304 de
406 4233 594 4314 Venetiis
632 4246 910 4343 portarentur
936 4243 1132 4346 Tragurii
1160 4271 1255 4350 por·
