3192 5112
1214 351 1325 420 too·

183 569 225 640 et
253 558 534 638 conductores
574 582 719 638 rerum
756 565 799 636 ct
837 559 1074 640 victualium
1117 555 1276 638 sibeni-

181 707 300 769 cum,
329 680 450 786 quod*
480 681 607 760 infert
643 679 765 762 dictis
792 683 947 760 uostris
974 679 1165 762 fidelibus
1193 699 1302 762 ma·'

182 828 306 904 gnum
347 806 569 890 damnum,
595 803 648 882 de
676 827 761 904 quo
790 801 825 880 si
851 803 908 880 ita
936 805 1024 892 est,
1050 801 1273 906 plurimum

183 921 704 1029 compellinruradmirari,
732 921 1051 1002 considerantes
1079 929 1121 1002 et
1147 925 1275 1002 atten-

182 1048 330 1126 dentes
357 1047 409 1124 ad
436 1069 626 1144 magnam
652 1043 893 1122 fidelitatem
922 1049 964 1122 et
991 1042 1274 1133 devotionem,

182 1195 304 1272 quam
332 1191 436 1268 ergo
461 1169 654 1245 nostrum
690 1165 917 1244 dominium
944 1191 991 1242 se
1019 1163 1180 1243 habero
1209 1189 1275 1244 os·

182 1289 334 1382 tendit,
374 1312 453 1390 per
480 1310 602 1390 quam
632 1295 698 1366 est
724 1285 847 1366 nobis
877 1293 1120 1364 extraneum
1149 1289 1191 1363 et
1217 1283 1273 1362 in·

182 1407 404 1504 credibile,
419 1461 421 1464 -
435 1407 547 1510 quod
574 1407 676 1485 tales
694 1406 1005 1486 derobaliones
1034 1403 1084 1483 ab
1109 1427 1161 1484 eo
1177 1429 1272 1508 pro·

181 1528 346 1614 cedunt,
375 1553 470 1605 cum
497 1521 675 1608 firmiter
700 1536 929 1608 teneamus.
958 1549 1054 1603 cum
1081 1532 1272 1606 consten-

179 1657 247 1726 tcr
290 1653 438 1750 optare
481 1650 638 1726 bonum
680 1655 722 1726 et
762 1649 972 1726 honorem
1013 1653 1202 1724 nostrum
1230 1652 1274 1724 et

181 1776 425 1848 nostrorum
452 1767 664 1866 fidelium,
704 1792 827 1870 quem
857 1775 1047 1847 nostrum
1076 1765 1116 1843 in
1145 1763 1273 1844 omni·

181 1894 259 1971 bus
286 1896 552 1991 reputamus,
590 1889 849 1992 requirendo
879 1895 922 1966 et
950 1887 1139 1987 rogando
1178 1909 1273 1963 eum

180 2038 259 2114 pro
287 2019 409 2114 parte
436 2015 604 2106 nostra,
641 2009 755 2112 quod
784 2035 886 2088 suos
916 2007 1111 2088 subditos
1139 2030 1161 2084 a
1189 2005 1274 2087 tali·

178 2132 255 2210 bus
296 2128 642 2210 derobationibus
679 2131 806 2211 faciat
834 2131 1059 2237 abstinere,
1087 2135 1131 2208 et
1156 2127 1273 2208 resti·

179 2262 298 2330 tuere
326 2275 405 2354 per
432 2277 510 2330 eos
552 2248 685 2330 ablata
726 2250 846 2330 dictis
888 2245 1041 2330 nostris
1080 2249 1275 2328 fidelibus

178 2367 588 2458 ottrentae-dicendo
619 2380 661 2452 et
688 2371 954 2472 aggravando
975 2371 1139 2461 iactum,
1166 2368 1276 2450 sicut

176 2517 256 2598 pro
286 2491 450 2570 honore
479 2501 627 2571 nostro
654 2501 697 2573 et
725 2492 841 2572 bono
868 2493 968 2573 iacti
995 2491 1148 2572 viderit
1176 2514 1273 2571 con·

178 2636 340 2694 renrre.

281 2731 437 2836 Capta:
489 2737 531 2810 et
571 2732 795 2811 comitatur
844 2732 957 2815 dicto
1007 2731 1272 2810 ambaxatori

177 2854 293 2955 quod
321 2876 540 2955 exponere
569 2853 720 2934 debeat
747 2854 956 2933 comiti
984 2861 1039 2932 et
1066 2850 1272 2930 iudici·

175 2977 279 3053 bus
315 2971 386 3076 Sp
404 2996 427 3047 a
443 2974 455 3048 Ι
472 2995 494 3048 a
510 2975 566 3066 ti,
606 2976 785 3076 qualiter
811 2974 1031 3054 habuimus
1059 2997 1140 3086 per
1166 2971 1270 3052 litte·

175 3119 241 3172 ras
282 3093 524 3200 comitis
565 3095 877 3185 Maladini‚
917 3094 1031 3196 quod
1058 3091 1270 3196 cumipse

14 3251 16 3254 ·
177 3237 321 3292 comes
350 3213 602 3304 Maledinus,
645 3215 824 3295 conduci
853 3215 1015 3294 iaceret
1039 3237 1119 3318 per
1155 3234 1269 3291 mare

94 3350 97 3354 ’
177 3333 229 3408 de
272 3329 574 3411 Scardona
619 3334 871 3413 Clissam
909 3335 1046 3412 modia
1085 3333 1269 3434 quinque

176 3452 286 3543 salis,
313 3449 390 3552 ipsi
420 3453 618 3530 harchem
647 3460 689 3532 et
715 3455 843 3564 selom
872 3453 1157 3544 abstulerunt,
1184 3473 1268 3528 non

14 3631 15 3646 ,
176 3573 466 3678 permittentes
495 3573 628 3678 ipsum
655 3577 784 3656 solem
812 3601 891 3656 nec
916 3574 1054 3677 aliqua
1082 3571 1160 3649 alia
1188 3571 1269 3650 ric·

14 3785 15 3790 Ν
176 3693 299 3772 tuelia
338 3703 512 3796 portare
551 3721 631 3801 per
665 3721 782 3776 mare
813 3696 1023 3782 Elissam,
1068 3699 1111 3770 et
1151 3690 1267 3795 quod

174 3812 260 3892 hoc
286 3812 408 3891 nobis
436 3817 658 3894 molestum
675 3815 752 3894 fuit
767 3825 808 3896 et
834 3812 1097 3899 incredibile,
1121 3809 1266 3890 habito

14 3933 16 3938 ’
177 3942 388 4036 respectu,
418 3936 530 4039 qnod
559 3935 764 4015 deberent
792 3937 933 4040 quiete
959 3933 1266 4033 vivereetper·

14 4101 16 4150 ς
176 4079 347 4133 manere
376 4080 470 4134 erun
497 4058 612 4135 dicto
641 4058 797 4136 comite
815 4055 1126 4158 illaiadino,pro
1155 4057 1263 4130 stetu

14 4167 15 4232 ἰ
87 4159 92 4178 ’
176 4183 217 4253 et
253 4176 575 4256 conservatione
616 4202 789 4272 eorum,
827 4186 868 4256 et
905 4183 1111 4280 procuret
1150 4171 1263 4274 quod
