3220 5118
1221 373 1285 442 ou

295 550 535 684 insuper'si
562 574 617 656 do
644 573 756 656 tanto
792 573 1088 658 Albaniae
1130 573 1284 656 etNe·

190 699 368 802 panti,
410 721 490 802 pro
533 695 684 798 quibus
718 693 827 774 sieut
853 694 951 774 tuia'
978 694 1127 774 titteris
1165 695 1286 776 uobis

189 817 414 924 scripsisti,
443 815 580 896 dietus
607 812 895 898 muschus.
928 818 1095 920 quaudo
1124 815 1204 896 elia
1231 819 1286 896 vi·

190 963 241 1018 oe
269 937 383 1023 fuisti
409 937 460 1022 ad
489 937 582 1016 eins
610 935 906 1040 praesentiam,
934 937 1055 1040 petiit
1081 935 1163 1018 sibi
1190 935 1283 1018 deri

189 1062 309 1142 iusta
334 1057 659 1164 promissionem
687 1056 788 1136 elias
806 1055 973 1146 foetam,
999 1057 1281 1140 ducatosmil·

190 1183 230 1260 te
259 1189 440 1270 eentum,
467 1181 619 1258 iterum
647 1179 771 1258 fleret
799 1179 987 1268 mentio,
1022 1181 1215 1258 nolumus
1245 1189 1285 1258 te

189 1303 336 1384 dicere
365 1353 577 1384 ......
605 1309 647 1378 et
675 1301 953 1403 respondere,
981 1301 1096 1403 quod
1117 1301 1284 1406 quando

28 1416 33 1425 ’
189 1422 266 1502 tutt
307 1423 415 1502 iacta
455 1419 683 1524 promissio
724 1417 928 1501 dediciis
969 1419 1130 1500 ducetis
1171 1419 1285 1497 mille

189 1553 374 1631 centum.
401 1547 501 1620 tunc
530 1541 780 1620 tenebamus
807 1539 886 1614 Du
902 1539 1065 1638 leign
1080 1565 1106 1615 u
1121 1563 1177 1629 m,
1200 1537 1286 1616 Bu·

188 1664 740 1753 duam,Antivarum‚
768 1660 1055 1750 Aletrium,
1093 1661 1285 1738 Sonte-

188 1809 310 1862 rum
338 1793 380 1862 et
407 1782 762 1868 Drivastum,
792 1789 835 1860 et
862 1781 976 1882 quod
1012 1779 1190 1858 Bnlse
1227 1785 1284 1860 te·

185 1913 330 1986 notet
358 1913 541 2005 oooupat
581 1901 635 1980 de
671 1901 882 2006 praesenti
922 1900 1286 2000 liutrigum,

185 2024 833 2112 Budunm‚Antiverum
863 2021 1286 2108 etDrivnstum,

187 2167 296 2250 quee
338 2157 434 2224 suut
460 2143 712 2248 praesertim
752 2143 825 2224 itte
861 2144 956 2226 toea
998 2143 1217 2224 fructuosa
1245 2155 1288 2224 et

185 2265 325 2353 utilia,
373 2291 397 2346 a
434 2265 586 2370 quibus
627 2265 858 2371 praecipue
900 2264 1205 2346 extrahebatur
1245 2277 1287 2342 et

185 2388 423 2470 hebebatur
451 2383 631 2479 utititas,
671 2387 724 2474 de
752 2407 834 2488 quo
861 2384 1067 2466 utentibus
1095 2385 1202 2466 loeis
1228 2385 1283 2488 ip·

186 2507 245 2586 sis
272 2509 313 2588 in
341 2506 538 2588 manibus
580 2506 683 2586 dieti
710 2503 886 2590 Betsee.
929 2505 1030 2584 nihit
1069 2505 1285 2591 habemus.

186 2628 283 2730 quin
312 2649 396 2708 non
425 2629 590 2704 suntin
618 2633 832 2731 potestate
860 2625 993 2704 nostri
1021 2625 1214 2714 dominii.
1244 2633 1285 2702 et

186 2747 301 2828 diote
344 2770 473 2828 nausa
513 2769 599 2825 uon
639 2751 836 2824 tenemur
873 2746 924 2824 ed
959 2747 1284 2850 promissionem

186 2867 474 2970 praedictam
514 2869 590 2946 sed
616 2870 650 2947 si
677 2869 805 2946 veltet
847 2871 1017 2971 operari
1057 2878 1099 2946 et
1138 2881 1284 2948 tenere

185 2987 386 3084 modum,
429 2986 543 3089 quod
572 2988 684 3067 dictu
714 2987 836 3072 inea,
879 3010 988 3086 quae
1016 2993 1213 3068 tenentur
1242 2995 1285 3066 et

170 3111 396 3208 soooupata
422 3116 519 3183 suut
544 3130 624 3208 per
644 3105 802 3185 dietum
829 3105 1007 3194 Berisum,
1035 3106 1284 3209 perveniant

188 3226 241 3304 ad
268 3251 413 3306 manus
441 3233 609 3306 noemae
638 3233 681 3308 ot
706 3225 782 3304 sub
811 3227 1118 3326 gubernatione
1147 3235 1191 3306 et
1218 3226 1286 3304 do-

187 3349 320 3428 minio
349 3357 522 3439 nostro,
567 3372 709 3426 sumus
738 3349 928 3428 contenti
956 3403 1165 3428 ......
1196 3347 1285 3426 dori

188 3472 335 3552 ineere
376 3471 492 3550 dieto
520 3469 698 3550 Turchn
729 3527 737 3546 .
768 3527 779 3547 .
807 3527 816 3547 .
846 3529 854 3546 .
883 3470 999 3550 omni
1026 3493 1134 3546 enno
1165 3469 1286 3546 duea-

188 3599 256 3674 tos
282 3592 396 3673 mille
423 3647 586 3670 .....
616 3595 686 3672 eto
688 3647 857 3670 .....
885 3591 1160 3694 promittente
1200 3588 1283 3665 dio·

186 3723 231 3792 to
259 3711 436 3792 Turoho
477 3719 751 3792 manutenere
793 3723 836 3788 et
864 3710 1092 3788 observare
1130 3709 1283 3788 bouem

184 3853 336 3933 paoem
362 3839 510 3912 nostro
527 3831 726 3920 dominio,
743 3839 786 3910 et
800 3829 1028 3910 defendere
1059 3831 1153 3908 toea
1167 3853 1283 3934 pree·

186 3951 297 4034 diota
314 3953 363 4034 nd
380 3954 594 4032 honorem
607 3951 744 4032 nostri
759 3950 934 4030 dominii
950 3975 971 4027 n
987 3948 1176 4052 quelibet
1189 3974 1281 4054 per·

185 4097 303 4160 sone,
333 4074 585 4178 queeveiiet
614 4073 706 4154 toea
732 4073 823 4176 ipse
853 4073 1082 4152 molestare
1110 4082 1152 4152 et
1176 4071 1282 4152 dem·

185 4193 373 4292 nificare,
390 4202 433 4274 et
450 4189 697 4299 specialiter
724 4191 776 4272 ab
803 4193 906 4272 illo
931 4193 1086 4288 Balsa
1104 4253 1113 4272 .
1130 4251 1139 4271 .
1155 4199 1281 4272 eteet.

484 4333 590 4404 soor·
614 4329 726 4403 Cons-
750 4331 882 4421 Roflat·
904 4329 982 4398 Lib·
1008 4327 1084 4406 vlt.
1107 4333 1162 4402 oh.
1184 4333 1237 4398 θλ
1310 4417 1313 4422 ¹
