<?xml version="1.0" encoding="UTF-8"?>
<!DOCTYPE html PUBLIC "-//W3C//DTD XHTML 1.0 Transitional//EN"
    "http://www.w3.org/TR/xhtml1/DTD/xhtml1-transitional.dtd">
<html xmlns="http://www.w3.org/1999/xhtml" xml:lang="en" lang="en">
 <head>
  <title>
</title>
<meta http-equiv="Content-Type" content="text/html;charset=utf-8" />
  <meta name='ocr-system' content='tesseract 3.04.00' />
  <meta name='ocr-capabilities' content='ocr_page ocr_carea ocr_par ocr_line ocrx_word'/>
</head>
<body>
  <div class='ocr_page' id='page_1' title='image "./actaarchivivene00sergoog_0957.png"; bbox 0 0 3224 5110; ppageno 0'>
   <div class='ocr_carea' id='block_1_1' title="bbox 1082 283 1285 348">
    <p class='ocr_par' dir='ltr' id='par_1_1' title="bbox 1082 283 1285 348">
     <span class='ocr_line' id='line_1_1' title="bbox 1082 283 1285 348; baseline -0.005 0"><span class='ocrx_word' id='word_1_1' title='bbox 1082 325 1085 331; x_wconf 37' lang='lat' dir='ltr'>s</span> <span class='ocrx_word' id='word_1_2' title='bbox 1219 283 1285 348; x_wconf 72' lang='lat'>415.</span> 
     </span>
    </p>
   </div>
   <div class='ocr_carea' id='block_1_2' title="bbox 188 487 1379 1550">
    <p class='ocr_par' dir='ltr' id='par_1_2' title="bbox 188 487 1379 1550">
     <span class='ocr_line' id='line_1_2' title="bbox 189 487 1278 594; baseline 0.006 -30"><span class='ocrx_word' id='word_1_3' title='bbox 189 487 375 566; x_wconf 91' lang='lat' dir='ltr'>dominio</span> <span class='ocrx_word' id='word_1_4' title='bbox 403 487 443 564; x_wconf 91' lang='lat' dir='ltr'>in</span> <span class='ocrx_word' id='word_1_5' title='bbox 471 513 577 590; x_wconf 89' lang='lat' dir='ltr'>pace</span> <span class='ocrx_word' id='word_1_6' title='bbox 604 489 690 568; x_wconf 89' lang='lat' dir='ltr'>nati</span> <span class='ocrx_word' id='word_1_7' title='bbox 717 495 813 567; x_wconf 91' lang='lat' dir='ltr'>sunt</span> <span class='ocrx_word' id='word_1_8' title='bbox 841 548 847 562; x_wconf 95' lang='lat'>.</span> <span class='ocrx_word' id='word_1_9' title='bbox 877 534 887 566; x_wconf 55' lang='lat' dir='ltr'>a</span> <span class='ocrx_word' id='word_1_10' title='bbox 916 545 927 568; x_wconf 92' lang='lat'><strong>.</strong></span> <span class='ocrx_word' id='word_1_11' title='bbox 956 497 998 567; x_wconf 89' lang='lat' dir='ltr'>et</span> <span class='ocrx_word' id='word_1_12' title='bbox 1025 490 1278 594; x_wconf 90' lang='lat' dir='ltr'>quodprop·</span> 
     </span>
     <span class='ocr_line' id='line_1_3' title="bbox 191 610 1379 714; baseline 0.003 -28"><span class='ocrx_word' id='word_1_13' title='bbox 191 618 307 689; x_wconf 86' lang='lat' dir='ltr'>terea</span> <span class='ocrx_word' id='word_1_14' title='bbox 336 665 346 687; x_wconf 93' lang='lat'><strong>.</strong></span> <span class='ocrx_word' id='word_1_15' title='bbox 373 673 381 690; x_wconf 89' lang='lat'><strong>.</strong></span> <span class='ocrx_word' id='word_1_16' title='bbox 412 665 423 688; x_wconf 89' lang='lat'><strong>.</strong></span> <span class='ocrx_word' id='word_1_17' title='bbox 452 618 596 688; x_wconf 88' lang='lat' dir='ltr'>nostra</span> <span class='ocrx_word' id='word_1_18' title='bbox 625 610 853 688; x_wconf 81' lang='lat' dir='ltr'><strong>dominatio</strong></span> <span class='ocrx_word' id='word_1_19' title='bbox 882 611 995 692; x_wconf 80' lang='lat' dir='ltr'>misit</span> <span class='ocrx_word' id='word_1_20' title='bbox 1020 613 1164 691; x_wconf 88' lang='lat' dir='ltr'>vosad</span> <span class='ocrx_word' id='word_1_21' title='bbox 1199 615 1280 692; x_wconf 91' lang='lat' dir='ltr'>cel·</span> <span class='ocrx_word' id='word_1_22' title='bbox 1377 709 1379 714; x_wconf 23' lang='grc' dir='ltr'>Ι</span> 
     </span>
     <span class='ocr_line' id='line_1_4' title="bbox 188 729 1282 833; baseline 0.006 -28"><span class='ocrx_word' id='word_1_23' title='bbox 188 729 411 808; x_wconf 88' lang='lat' dir='ltr'>situdinem</span> <span class='ocrx_word' id='word_1_24' title='bbox 426 755 558 822; x_wconf 87' lang='lat' dir='ltr'>suam,</span> <span class='ocrx_word' id='word_1_25' title='bbox 575 731 623 808; x_wconf 90' lang='lat' dir='ltr'>ad</span> <span class='ocrx_word' id='word_1_26' title='bbox 641 732 925 808; x_wconf 88' lang='lat' dir='ltr'>renovandum</span> <span class='ocrx_word' id='word_1_27' title='bbox 942 731 1155 833; x_wconf 86' lang='lat' dir='ltr'>antiquum</span> <span class='ocrx_word' id='word_1_28' title='bbox 1172 757 1282 812; x_wconf 91' lang='lat' dir='ltr'>amo·</span> 
     </span>
     <span class='ocr_line' id='line_1_5' title="bbox 190 853 1282 954; baseline 0.003 -26"><span class='ocrx_word' id='word_1_29' title='bbox 190 876 280 928; x_wconf 90' lang='lat' dir='ltr'>rem</span> <span class='ocrx_word' id='word_1_30' title='bbox 310 861 354 932; x_wconf 89' lang='lat' dir='ltr'>et</span> <span class='ocrx_word' id='word_1_31' title='bbox 380 854 532 932; x_wconf 92' lang='lat' dir='ltr'>bonam</span> <span class='ocrx_word' id='word_1_32' title='bbox 558 853 783 932; x_wconf 88' lang='lat' dir='ltr'>amicitiam</span> <span class='ocrx_word' id='word_1_33' title='bbox 813 911 821 928; x_wconf 93' lang='lat'><strong>.</strong></span> <span class='ocrx_word' id='word_1_34' title='bbox 851 912 860 929; x_wconf 91' lang='lat'><strong>.</strong></span> <span class='ocrx_word' id='word_1_35' title='bbox 889 911 899 932; x_wconf 91' lang='lat'><strong>.</strong></span> <span class='ocrx_word' id='word_1_36' title='bbox 930 861 972 932; x_wconf 87' lang='lat' dir='ltr'>et</span> <span class='ocrx_word' id='word_1_37' title='bbox 997 854 1199 954; x_wconf 84' lang='lat' dir='ltr'>rogabitis</span> <span class='ocrx_word' id='word_1_38' title='bbox 1215 880 1282 933; x_wconf 83' lang='lat' dir='ltr'>ex·</span> 
     </span>
     <span class='ocr_line' id='line_1_6' title="bbox 192 972 1282 1074; baseline 0 -24"><span class='ocrx_word' id='word_1_39' title='bbox 192 972 426 1052; x_wconf 85' lang='lat' dir='ltr'>cellantiam</span> <span class='ocrx_word' id='word_1_40' title='bbox 454 997 598 1060; x_wconf 88' lang='lat' dir='ltr'>suam,</span> <span class='ocrx_word' id='word_1_41' title='bbox 640 973 754 1074; x_wconf 88' lang='lat' dir='ltr'>quod</span> <span class='ocrx_word' id='word_1_42' title='bbox 781 973 882 1050; x_wconf 89' lang='lat' dir='ltr'>vetit</span> <span class='ocrx_word' id='word_1_43' title='bbox 910 997 1005 1050; x_wconf 91' lang='lat' dir='ltr'>cum</span> <span class='ocrx_word' id='word_1_44' title='bbox 1033 979 1180 1052; x_wconf 92' lang='lat' dir='ltr'>nostro</span> <span class='ocrx_word' id='word_1_45' title='bbox 1211 975 1282 1052; x_wconf 92' lang='lat' dir='ltr'>do·</span> 
     </span>
     <span class='ocr_line' id='line_1_7' title="bbox 190 1093 1285 1183; baseline -0.001 -13"><span class='ocrx_word' id='word_1_46' title='bbox 190 1093 319 1172; x_wconf 90' lang='lat' dir='ltr'>minio</span> <span class='ocrx_word' id='word_1_47' title='bbox 361 1093 638 1172; x_wconf 77' lang='lat' dir='ltr'>amicabiliter</span> <span class='ocrx_word' id='word_1_48' title='bbox 680 1101 723 1171; x_wconf 91' lang='lat' dir='ltr'>et</span> <span class='ocrx_word' id='word_1_49' title='bbox 763 1094 948 1171; x_wconf 78' lang='lat' dir='ltr'><strong>fraterne</strong></span> <span class='ocrx_word' id='word_1_50' title='bbox 977 1095 1131 1183; x_wconf 85' lang='lat' dir='ltr'>vivere,</span> <span class='ocrx_word' id='word_1_51' title='bbox 1175 1095 1285 1173; x_wconf 87' lang='lat' dir='ltr'>sicut</span> 
     </span>
     <span class='ocr_line' id='line_1_8' title="bbox 192 1214 1285 1302; baseline 0.005 -13"><span class='ocrx_word' id='word_1_52' title='bbox 192 1214 342 1302; x_wconf 88' lang='lat' dir='ltr'>decet,</span> <span class='ocrx_word' id='word_1_53' title='bbox 371 1241 465 1294; x_wconf 88' lang='lat' dir='ltr'>eum</span> <span class='ocrx_word' id='word_1_54' title='bbox 493 1215 571 1295; x_wconf 91' lang='lat' dir='ltr'>sibi</span> <span class='ocrx_word' id='word_1_55' title='bbox 609 1223 652 1294; x_wconf 89' lang='lat' dir='ltr'>et</span> <span class='ocrx_word' id='word_1_56' title='bbox 693 1215 785 1293; x_wconf 85' lang='lat' dir='ltr'>titiis</span> <span class='ocrx_word' id='word_1_57' title='bbox 826 1217 914 1294; x_wconf 89' lang='lat' dir='ltr'>suis</span> <span class='ocrx_word' id='word_1_58' title='bbox 941 1241 992 1294; x_wconf 85' lang='lat' dir='ltr'>ac</span> <span class='ocrx_word' id='word_1_59' title='bbox 1020 1240 1168 1295; x_wconf 89' lang='lat' dir='ltr'>eorum</span> <span class='ocrx_word' id='word_1_60' title='bbox 1198 1215 1285 1294; x_wconf 87' lang='lat' dir='ltr'>des·</span> 
     </span>
     <span class='ocr_line' id='line_1_9' title="bbox 192 1338 1284 1446; baseline 0.002 -32"><span class='ocrx_word' id='word_1_61' title='bbox 192 1338 466 1415; x_wconf 85' lang='lat' dir='ltr'>candentibus</span> <span class='ocrx_word' id='word_1_62' title='bbox 509 1362 604 1416; x_wconf 83' lang='lat' dir='ltr'>esse</span> <span class='ocrx_word' id='word_1_63' title='bbox 645 1339 905 1446; x_wconf 86' lang='lat' dir='ltr'>disponimus</span> <span class='ocrx_word' id='word_1_64' title='bbox 945 1339 1043 1418; x_wconf 87' lang='lat' dir='ltr'>boni</span> <span class='ocrx_word' id='word_1_65' title='bbox 1084 1339 1205 1418; x_wconf 87' lang='lat' dir='ltr'>amici</span> <span class='ocrx_word' id='word_1_66' title='bbox 1242 1346 1284 1416; x_wconf 89' lang='lat' dir='ltr'>et</span> 
     </span>
     <span class='ocr_line' id='line_1_10' title="bbox 192 1456 1284 1550; baseline 0.002 -18"><span class='ocrx_word' id='word_1_67' title='bbox 192 1456 380 1536; x_wconf 74' lang='lat' dir='ltr'><strong>fautores</strong></span> <span class='ocrx_word' id='word_1_68' title='bbox 407 1458 616 1537; x_wconf 88' lang='lat' dir='ltr'>honorum</span> <span class='ocrx_word' id='word_1_69' title='bbox 645 1468 688 1550; x_wconf 87' lang='lat' dir='ltr'>et</span> <span class='ocrx_word' id='word_1_70' title='bbox 716 1461 1061 1538; x_wconf 88' lang='lat' dir='ltr'>commoditatum</span> <span class='ocrx_word' id='word_1_71' title='bbox 1090 1483 1284 1539; x_wconf 84' lang='lat' dir='ltr'>suarum.</span> 
     </span>
    </p>
   </div>
   <div class='ocr_carea' id='block_1_3' title="bbox 82 1579 1285 1682">
    <p class='ocr_par' dir='ltr' id='par_1_3' title="bbox 82 1579 1285 1682">
     <span class='ocr_line' id='line_1_11' title="bbox 82 1579 1285 1682; baseline 0.004 -30"><span class='ocrx_word' id='word_1_72' title='bbox 82 1610 86 1618; x_wconf 94' lang='lat'>·</span> <span class='ocrx_word' id='word_1_73' title='bbox 192 1631 201 1653; x_wconf 91' lang='lat'><strong>.</strong></span> <span class='ocrx_word' id='word_1_74' title='bbox 230 1631 277 1652; x_wconf 91' lang='grc'>..</span> <span class='ocrx_word' id='word_1_75' title='bbox 310 1632 319 1652; x_wconf 91' lang='grc'><strong>.</strong></span> <span class='ocrx_word' id='word_1_76' title='bbox 348 1583 391 1654; x_wconf 92' lang='lat' dir='ltr'>et</span> <span class='ocrx_word' id='word_1_77' title='bbox 417 1579 452 1654; x_wconf 86' lang='lat' dir='ltr'>si</span> <span class='ocrx_word' id='word_1_78' title='bbox 483 1579 741 1658; x_wconf 82' lang='lat' dir='ltr'>concludere</span> <span class='ocrx_word' id='word_1_79' title='bbox 770 1580 965 1682; x_wconf 90' lang='lat' dir='ltr'>poteritis</span> <span class='ocrx_word' id='word_1_80' title='bbox 991 1579 1140 1682; x_wconf 83' lang='lat' dir='ltr'>paoem</span> <span class='ocrx_word' id='word_1_81' title='bbox 1171 1582 1285 1682; x_wconf 91' lang='lat' dir='ltr'>quod</span> 
     </span>
    </p>
   </div>
   <div class='ocr_carea' id='block_1_4' title="bbox 191 1701 1296 4213">
    <p class='ocr_par' dir='ltr' id='par_1_4' title="bbox 191 1701 1291 3584">
     <span class='ocr_line' id='line_1_12' title="bbox 191 1701 1288 1803; baseline 0.004 -31"><span class='ocrx_word' id='word_1_82' title='bbox 191 1705 368 1797; x_wconf 86' lang='lat' dir='ltr'>utraque</span> <span class='ocrx_word' id='word_1_83' title='bbox 397 1720 495 1800; x_wconf 86' lang='lat' dir='ltr'>pars</span> <span class='ocrx_word' id='word_1_84' title='bbox 523 1706 738 1776; x_wconf 85' lang='lat' dir='ltr'>remaneat</span> <span class='ocrx_word' id='word_1_85' title='bbox 761 1701 801 1776; x_wconf 93' lang='lat' dir='ltr'>in</span> <span class='ocrx_word' id='word_1_86' title='bbox 817 1705 926 1778; x_wconf 88' lang='lat' dir='ltr'>statu</span> <span class='ocrx_word' id='word_1_87' title='bbox 958 1724 1041 1799; x_wconf 92' lang='lat' dir='ltr'>quo</span> <span class='ocrx_word' id='word_1_88' title='bbox 1061 1703 1288 1803; x_wconf 87' lang='lat' dir='ltr'>reperitur,</span> 
     </span>
     <span class='ocr_line' id='line_1_13' title="bbox 192 1819 1283 1922; baseline 0.004 -28"><span class='ocrx_word' id='word_1_89' title='bbox 192 1843 332 1896; x_wconf 89' lang='lat' dir='ltr'>sumus</span> <span class='ocrx_word' id='word_1_90' title='bbox 362 1819 550 1898; x_wconf 86' lang='lat' dir='ltr'>contenti</span> <span class='ocrx_word' id='word_1_91' title='bbox 579 1822 692 1922; x_wconf 91' lang='lat' dir='ltr'>quod</span> <span class='ocrx_word' id='word_1_92' title='bbox 720 1822 760 1897; x_wconf 93' lang='lat' dir='ltr'>in</span> <span class='ocrx_word' id='word_1_93' title='bbox 788 1821 900 1902; x_wconf 89' lang='lat' dir='ltr'>bona</span> <span class='ocrx_word' id='word_1_94' title='bbox 941 1823 1075 1922; x_wconf 84' lang='lat' dir='ltr'>gratia</span> <span class='ocrx_word' id='word_1_95' title='bbox 1117 1821 1283 1900; x_wconf 83' lang='lat' dir='ltr'>conclu·</span> 
     </span>
     <span class='ocr_line' id='line_1_14' title="bbox 192 1938 1286 2046; baseline -0.001 -30"><span class='ocrx_word' id='word_1_96' title='bbox 192 1938 312 2026; x_wconf 91' lang='lat' dir='ltr'>datis,</span> <span class='ocrx_word' id='word_1_97' title='bbox 339 1939 373 2017; x_wconf 87' lang='lat' dir='ltr'>si</span> <span class='ocrx_word' id='word_1_98' title='bbox 404 1995 413 2016; x_wconf 87' lang='lat'><strong>.</strong></span> <span class='ocrx_word' id='word_1_99' title='bbox 440 1995 450 2016; x_wconf 89' lang='lat'>.</span> <span class='ocrx_word' id='word_1_100' title='bbox 479 1997 490 2017; x_wconf 88' lang='lat'><strong>.</strong></span> <span class='ocrx_word' id='word_1_101' title='bbox 520 1963 621 2018; x_wconf 91' lang='lat' dir='ltr'>vero</span> <span class='ocrx_word' id='word_1_102' title='bbox 652 1964 734 2018; x_wconf 92' lang='lat' dir='ltr'>non</span> <span class='ocrx_word' id='word_1_103' title='bbox 762 1941 946 2046; x_wconf 83' lang='lat' dir='ltr'>possetis</span> <span class='ocrx_word' id='word_1_104' title='bbox 973 1943 1064 2018; x_wconf 88' lang='lat' dir='ltr'>sine</span> <span class='ocrx_word' id='word_1_105' title='bbox 1083 1940 1286 2043; x_wconf 88' lang='lat' dir='ltr'>pecuniis,</span> 
     </span>
     <span class='ocr_line' id='line_1_15' title="bbox 193 2060 1282 2164; baseline 0 -28"><span class='ocrx_word' id='word_1_106' title='bbox 193 2061 337 2136; x_wconf 90' lang='lat' dir='ltr'>damus</span> <span class='ocrx_word' id='word_1_107' title='bbox 364 2061 488 2139; x_wconf 89' lang='lat' dir='ltr'>vobis</span> <span class='ocrx_word' id='word_1_108' title='bbox 516 2060 755 2140; x_wconf 75' lang='lat' dir='ltr'>libertatem</span> <span class='ocrx_word' id='word_1_109' title='bbox 797 2060 1049 2164; x_wconf 77' lang='lat' dir='ltr'>promittere</span> <span class='ocrx_word' id='word_1_110' title='bbox 1076 2086 1155 2164; x_wconf 93' lang='lat' dir='ltr'>pro</span> <span class='ocrx_word' id='word_1_111' title='bbox 1172 2068 1282 2154; x_wconf 45' lang='lat' dir='ltr'>‚tem-</span> 
     </span>
     <span class='ocr_line' id='line_1_16' title="bbox 193 2179 1288 2278; baseline -0.002 -21"><span class='ocrx_word' id='word_1_112' title='bbox 193 2203 299 2278; x_wconf 88' lang='lat' dir='ltr'>pore</span> <span class='ocrx_word' id='word_1_113' title='bbox 339 2179 479 2258; x_wconf 87' lang='lat' dir='ltr'>futuro</span> <span class='ocrx_word' id='word_1_114' title='bbox 509 2236 520 2256; x_wconf 89' lang='lat'><strong>.</strong></span> <span class='ocrx_word' id='word_1_115' title='bbox 549 2240 556 2254; x_wconf 91' lang='lat'><strong>.</strong></span> <span class='ocrx_word' id='word_1_116' title='bbox 588 2235 597 2256; x_wconf 92' lang='lat'><strong>.</strong></span> <span class='ocrx_word' id='word_1_117' title='bbox 635 2182 688 2258; x_wconf 89' lang='lat' dir='ltr'>de</span> <span class='ocrx_word' id='word_1_118' title='bbox 725 2179 968 2259; x_wconf 85' lang='lat' dir='ltr'>introitibus</span> <span class='ocrx_word' id='word_1_119' title='bbox 1007 2181 1288 2258; x_wconf 83' lang='lat' dir='ltr'>Scutari.</span> 
     </span>
     <span class='ocr_line' id='line_1_17' title="bbox 194 2289 1287 2402; baseline -0.002 -26"><span class='ocrx_word' id='word_1_120' title='bbox 194 2355 204 2376; x_wconf 92' lang='lat'><strong>.</strong></span> <span class='ocrx_word' id='word_1_121' title='bbox 233 2358 242 2379; x_wconf 91' lang='lat'><strong>.</strong></span> <span class='ocrx_word' id='word_1_122' title='bbox 271 2301 447 2378; x_wconf 79' lang='lat' dir='ltr'>ducatos</span> <span class='ocrx_word' id='word_1_123' title='bbox 475 2301 589 2378; x_wconf 85' lang='lat' dir='ltr'>mitte</span> <span class='ocrx_word' id='word_1_124' title='bbox 619 2301 661 2378; x_wconf 92' lang='lat' dir='ltr'>in</span> <span class='ocrx_word' id='word_1_125' title='bbox 688 2325 796 2380; x_wconf 92' lang='lat' dir='ltr'>anno</span> <span class='ocrx_word' id='word_1_126' title='bbox 826 2361 834 2376; x_wconf 92' lang='lat'><strong>.</strong></span> <span class='ocrx_word' id='word_1_127' title='bbox 864 2358 873 2380; x_wconf 91' lang='lat'>.</span> <span class='ocrx_word' id='word_1_128' title='bbox 903 2359 912 2378; x_wconf 94' lang='lat'><strong><em>.</em></strong></span> <span class='ocrx_word' id='word_1_129' title='bbox 943 2289 1149 2382; x_wconf 78' lang='lat' dir='ltr'>cumbae:</span> <span class='ocrx_word' id='word_1_130' title='bbox 1173 2299 1287 2402; x_wconf 93' lang='lat' dir='ltr'>quod</span> 
     </span>
     <span class='ocr_line' id='line_1_18' title="bbox 192 2421 1287 2528; baseline 0.002 -30"><span class='ocrx_word' id='word_1_131' title='bbox 192 2446 270 2524; x_wconf 90' lang='lat' dir='ltr'>per</span> <span class='ocrx_word' id='word_1_132' title='bbox 297 2427 434 2500; x_wconf 85' lang='lat' dir='ltr'>terras</span> <span class='ocrx_word' id='word_1_133' title='bbox 464 2431 506 2500; x_wconf 89' lang='lat' dir='ltr'>et</span> <span class='ocrx_word' id='word_1_134' title='bbox 533 2423 626 2501; x_wconf 87' lang='lat' dir='ltr'>ioca</span> <span class='ocrx_word' id='word_1_135' title='bbox 656 2447 731 2501; x_wconf 90' lang='lat' dir='ltr'>sua</span> <span class='ocrx_word' id='word_1_136' title='bbox 759 2449 841 2502; x_wconf 94' lang='lat' dir='ltr'>non</span> <span class='ocrx_word' id='word_1_137' title='bbox 884 2423 1100 2528; x_wconf 83' lang='lat' dir='ltr'>permittet</span> <span class='ocrx_word' id='word_1_138' title='bbox 1139 2421 1287 2500; x_wconf 90' lang='lat' dir='ltr'>venire</span> 
     </span>
     <span class='ocr_line' id='line_1_19' title="bbox 193 2545 1289 2647; baseline 0.001 -27"><span class='ocrx_word' id='word_1_139' title='bbox 193 2554 339 2642; x_wconf 83' lang='lat' dir='ltr'>gentes</span> <span class='ocrx_word' id='word_1_140' title='bbox 366 2551 516 2621; x_wconf 91' lang='lat' dir='ltr'>contra</span> <span class='ocrx_word' id='word_1_141' title='bbox 543 2569 630 2632; x_wconf 92' lang='lat' dir='ltr'>nos,</span> <span class='ocrx_word' id='word_1_142' title='bbox 659 2552 702 2622; x_wconf 90' lang='lat' dir='ltr'>et</span> <span class='ocrx_word' id='word_1_143' title='bbox 729 2545 949 2647; x_wconf 86' lang='lat' dir='ltr'>permittet</span> <span class='ocrx_word' id='word_1_144' title='bbox 978 2567 1203 2626; x_wconf 79' lang='lat' dir='ltr'>caravanas</span> <span class='ocrx_word' id='word_1_145' title='bbox 1228 2567 1289 2621; x_wconf 86' lang='lat' dir='ltr'>se-</span> 
     </span>
     <span class='ocr_line' id='line_1_20' title="bbox 194 2663 1287 2754; baseline -0.001 -12"><span class='ocrx_word' id='word_1_146' title='bbox 194 2688 296 2742; x_wconf 86' lang='lat' dir='ltr'>cure</span> <span class='ocrx_word' id='word_1_147' title='bbox 323 2664 469 2743; x_wconf 88' lang='lat' dir='ltr'>venire</span> <span class='ocrx_word' id='word_1_148' title='bbox 496 2663 545 2742; x_wconf 90' lang='lat' dir='ltr'>ad</span> <span class='ocrx_word' id='word_1_149' title='bbox 576 2673 709 2743; x_wconf 88' lang='lat' dir='ltr'>terras</span> <span class='ocrx_word' id='word_1_150' title='bbox 738 2675 780 2746; x_wconf 89' lang='lat' dir='ltr'>et</span> <span class='ocrx_word' id='word_1_151' title='bbox 808 2667 904 2746; x_wconf 88' lang='lat' dir='ltr'>ioca</span> <span class='ocrx_word' id='word_1_152' title='bbox 920 2675 1078 2754; x_wconf 89' lang='lat' dir='ltr'>nostra,</span> <span class='ocrx_word' id='word_1_153' title='bbox 1095 2673 1138 2742; x_wconf 89' lang='lat' dir='ltr'>et</span> <span class='ocrx_word' id='word_1_154' title='bbox 1163 2665 1287 2742; x_wconf 92' lang='lat' dir='ltr'>etiam</span> 
     </span>
     <span class='ocr_line' id='line_1_21' title="bbox 194 2777 1288 2889; baseline -0.001 -27"><span class='ocrx_word' id='word_1_155' title='bbox 194 2811 292 2862; x_wconf 87' lang='lat' dir='ltr'>suos</span> <span class='ocrx_word' id='word_1_156' title='bbox 333 2777 519 2862; x_wconf 83' lang='lat' dir='ltr'>subditos</span> <span class='ocrx_word' id='word_1_157' title='bbox 561 2786 781 2889; x_wconf 81' lang='lat' dir='ltr'>prosata,</span> <span class='ocrx_word' id='word_1_158' title='bbox 823 2787 931 2864; x_wconf 89' lang='lat' dir='ltr'>sicut</span> <span class='ocrx_word' id='word_1_159' title='bbox 957 2788 998 2863; x_wconf 93' lang='lat' dir='ltr'>in</span> <span class='ocrx_word' id='word_1_160' title='bbox 1027 2789 1160 2889; x_wconf 87' lang='lat' dir='ltr'>pactis</span> <span class='ocrx_word' id='word_1_161' title='bbox 1190 2810 1288 2862; x_wconf 84' lang='lat' dir='ltr'>con·</span> 
     </span>
     <span class='ocr_line' id='line_1_22' title="bbox 195 2903 1288 3007; baseline -0.003 -24"><span class='ocrx_word' id='word_1_162' title='bbox 195 2903 329 2983; x_wconf 86' lang='lat' dir='ltr'>cordii</span> <span class='ocrx_word' id='word_1_163' title='bbox 357 2905 608 2983; x_wconf 87' lang='lat' dir='ltr'>continetur.</span> <span class='ocrx_word' id='word_1_164' title='bbox 649 2905 821 3004; x_wconf 84' lang='lat' dir='ltr'>Quando</span> <span class='ocrx_word' id='word_1_165' title='bbox 864 2915 1001 2984; x_wconf 90' lang='lat' dir='ltr'>autem</span> <span class='ocrx_word' id='word_1_166' title='bbox 1031 2929 1114 2982; x_wconf 90' lang='lat' dir='ltr'>non</span> <span class='ocrx_word' id='word_1_167' title='bbox 1143 2928 1288 3007; x_wconf 87' lang='lat' dir='ltr'>posse-</span> 
     </span>
     <span class='ocr_line' id='line_1_23' title="bbox 191 3023 1284 3124; baseline -0.003 -22"><span class='ocrx_word' id='word_1_168' title='bbox 191 3023 242 3102; x_wconf 87' lang='lat' dir='ltr'>tis</span> <span class='ocrx_word' id='word_1_169' title='bbox 270 3051 364 3103; x_wconf 87' lang='lat' dir='ltr'>oum</span> <span class='ocrx_word' id='word_1_170' title='bbox 391 3024 514 3104; x_wconf 87' lang='lat' dir='ltr'>dictis</span> <span class='ocrx_word' id='word_1_171' title='bbox 542 3026 703 3104; x_wconf 85' lang='lat' dir='ltr'>ducatis</span> <span class='ocrx_word' id='word_1_172' title='bbox 732 3025 847 3104; x_wconf 83' lang='lat' dir='ltr'>mille</span> <span class='ocrx_word' id='word_1_173' title='bbox 877 3027 916 3104; x_wconf 94' lang='lat' dir='ltr'>in</span> <span class='ocrx_word' id='word_1_174' title='bbox 945 3049 1073 3116; x_wconf 84' lang='lat' dir='ltr'>anno,</span> <span class='ocrx_word' id='word_1_175' title='bbox 1100 3033 1142 3104; x_wconf 88' lang='lat' dir='ltr'>et</span> <span class='ocrx_word' id='word_1_176' title='bbox 1170 3025 1284 3124; x_wconf 91' lang='lat' dir='ltr'>quod</span> 
     </span>
     <span class='ocr_line' id='line_1_24' title="bbox 193 3135 1291 3246; baseline -0.003 -25"><span class='ocrx_word' id='word_1_177' title='bbox 193 3135 355 3222; x_wconf 86' lang='lat' dir='ltr'>omnes¹</span> <span class='ocrx_word' id='word_1_178' title='bbox 380 3150 491 3223; x_wconf 88' lang='lat' dir='ltr'>stent</span> <span class='ocrx_word' id='word_1_179' title='bbox 517 3144 557 3222; x_wconf 92' lang='lat' dir='ltr'>in</span> <span class='ocrx_word' id='word_1_180' title='bbox 586 3145 774 3224; x_wconf 90' lang='lat' dir='ltr'>terminis</span> <span class='ocrx_word' id='word_1_181' title='bbox 808 3147 913 3231; x_wconf 83' lang='lat' dir='ltr'>suis,</span> <span class='ocrx_word' id='word_1_182' title='bbox 945 3145 1090 3223; x_wconf 86' lang='lat' dir='ltr'>faeere</span> <span class='ocrx_word' id='word_1_183' title='bbox 1128 3167 1291 3246; x_wconf 87' lang='lat' dir='ltr'>pacem,</span> 
     </span>
     <span class='ocr_line' id='line_1_25' title="bbox 192 3261 1288 3370; baseline -0.001 -29"><span class='ocrx_word' id='word_1_184' title='bbox 192 3265 300 3343; x_wconf 84' lang='lat' dir='ltr'>iacta</span> <span class='ocrx_word' id='word_1_185' title='bbox 328 3261 522 3370; x_wconf 88' lang='lat' dir='ltr'>possibili</span> <span class='ocrx_word' id='word_1_186' title='bbox 550 3263 809 3367; x_wconf 86' lang='lat' dir='ltr'>experientia</span> <span class='ocrx_word' id='word_1_187' title='bbox 850 3291 933 3343; x_wconf 93' lang='lat' dir='ltr'>non</span> <span class='ocrx_word' id='word_1_188' title='bbox 976 3263 1221 3344; x_wconf 86' lang='lat' dir='ltr'>discedendi</span> <span class='ocrx_word' id='word_1_189' title='bbox 1248 3263 1288 3340; x_wconf 91' lang='lat' dir='ltr'>in</span> 
     </span>
     <span class='ocr_line' id='line_1_26' title="bbox 193 3371 1287 3488; baseline 0.002 -26"><span class='ocrx_word' id='word_1_190' title='bbox 193 3383 432 3476; x_wconf 88' lang='lat' dir='ltr'>discordia,</span> <span class='ocrx_word' id='word_1_191' title='bbox 486 3384 676 3466; x_wconf 87' lang='lat' dir='ltr'>debeatis</span> <span class='ocrx_word' id='word_1_192' title='bbox 714 3389 754 3465; x_wconf 89' lang='lat' dir='ltr'>in</span> <span class='ocrx_word' id='word_1_193' title='bbox 792 3390 902 3466; x_wconf 88' lang='lat' dir='ltr'>bona</span> <span class='ocrx_word' id='word_1_194' title='bbox 956 3389 1089 3488; x_wconf 82' lang='lat' dir='ltr'>gratia</span> <span class='ocrx_word' id='word_1_195' title='bbox 1144 3371 1287 3466; x_wconf 85' lang='lat' dir='ltr'>redire</span> 
     </span>
     <span class='ocr_line' id='line_1_27' title="bbox 193 3505 408 3584; baseline -0.005 -1"><span class='ocrx_word' id='word_1_196' title='bbox 193 3505 408 3584; x_wconf 81' lang='lat' dir='ltr'>Venetiae.</span> 
     </span>
    </p>

    <p class='ocr_par' dir='ltr' id='par_1_5' title="bbox 193 3626 1296 4213">
     <span class='ocr_line' id='line_1_28' title="bbox 297 3626 1289 3730; baseline -0.005 -22"><span class='ocrx_word' id='word_1_197' title='bbox 297 3626 498 3708; x_wconf 87' lang='lat' dir='ltr'>Ceterum</span> <span class='ocrx_word' id='word_1_198' title='bbox 540 3629 634 3730; x_wconf 87' lang='lat' dir='ltr'>quia</span> <span class='ocrx_word' id='word_1_199' title='bbox 676 3627 894 3707; x_wconf 86' lang='lat' dir='ltr'>habuimus</span> <span class='ocrx_word' id='word_1_200' title='bbox 937 3629 1289 3714; x_wconf 82' lang='lat' dir='ltr'>informationem,</span> 
     </span>
     <span class='ocr_line' id='line_1_29' title="bbox 195 3743 1292 3852; baseline -0.005 -26"><span class='ocrx_word' id='word_1_201' title='bbox 195 3747 308 3852; x_wconf 84' lang='lat' dir='ltr'>quod</span> <span class='ocrx_word' id='word_1_202' title='bbox 359 3754 572 3848; x_wconf 85' lang='lat' dir='ltr'>gentes</span> <span class='ocrx_word' id='word_1_203' title='bbox 621 3747 848 3827; x_wconf 83' lang='lat' dir='ltr'>Teucri</span> <span class='ocrx_word' id='word_1_204' title='bbox 889 3750 1200 3828; x_wconf 88' lang='lat' dir='ltr'>descenderunt</span> <span class='ocrx_word' id='word_1_205' title='bbox 1241 3743 1292 3823; x_wconf 90' lang='lat' dir='ltr'>ad</span> 
     </span>
     <span class='ocr_line' id='line_1_30' title="bbox 194 3866 1289 3972; baseline -0.003 -24"><span class='ocrx_word' id='word_1_206' title='bbox 194 3872 341 3950; x_wconf 90' lang='lat' dir='ltr'>damna</span> <span class='ocrx_word' id='word_1_207' title='bbox 371 3867 860 3970; x_wconf 83' lang='lat' dir='ltr'>Scanderbeghi‚</span> <span class='ocrx_word' id='word_1_208' title='bbox 887 3871 945 3949; x_wconf 92' lang='lat' dir='ltr'>ita</span> <span class='ocrx_word' id='word_1_209' title='bbox 974 3869 1086 3972; x_wconf 92' lang='lat' dir='ltr'>quod</span> <span class='ocrx_word' id='word_1_210' title='bbox 1114 3866 1289 3945; x_wconf 87' lang='lat' dir='ltr'>derelic-</span> 
     </span>
     <span class='ocr_line' id='line_1_31' title="bbox 193 3989 1294 4082; baseline -0.005 -12"><span class='ocrx_word' id='word_1_211' title='bbox 193 3997 244 4072; x_wconf 85' lang='lat' dir='ltr'>tis</span> <span class='ocrx_word' id='word_1_212' title='bbox 273 3990 376 4069; x_wconf 88' lang='lat' dir='ltr'>loois</span> <span class='ocrx_word' id='word_1_213' title='bbox 403 3992 574 4082; x_wconf 88' lang='lat' dir='ltr'>nostris,</span> <span class='ocrx_word' id='word_1_214' title='bbox 591 3989 641 4066; x_wconf 91' lang='lat' dir='ltr'>ad</span> <span class='ocrx_word' id='word_1_215' title='bbox 658 3989 983 4069; x_wconf 60' lang='lat' dir='ltr'>defendendumv</span> <span class='ocrx_word' id='word_1_216' title='bbox 998 3997 1152 4068; x_wconf 84' lang='lat' dir='ltr'>statum</span> <span class='ocrx_word' id='word_1_217' title='bbox 1175 4011 1294 4065; x_wconf 89' lang='lat' dir='ltr'>suum</span> 
     </span>
     <span class='ocr_line' id='line_1_32' title="bbox 196 4107 1296 4213; baseline -0.008 -19"><span class='ocrx_word' id='word_1_218' title='bbox 196 4113 407 4206; x_wconf 86' lang='lat' dir='ltr'>accessit,</span> <span class='ocrx_word' id='word_1_219' title='bbox 448 4121 491 4192; x_wconf 89' lang='lat' dir='ltr'>et</span> <span class='ocrx_word' id='word_1_220' title='bbox 529 4111 754 4194; x_wconf 79' lang='lat' dir='ltr'>Tobiae</span> <span class='ocrx_word' id='word_1_221' title='bbox 803 4117 1099 4213; x_wconf 82' lang='lat' dir='ltr'>cognatus</span> <span class='ocrx_word' id='word_1_222' title='bbox 1141 4107 1296 4189; x_wconf 87' lang='lat' dir='ltr'>dicti</span> 
     </span>
    </p>
   </div>
   <div class='ocr_carea' id='block_1_5' title="bbox 0 0 1624 5110">
    <p class='ocr_par' dir='ltr' id='par_1_6' title="bbox 0 0 1624 5110">
     <span class='ocr_line' id='line_1_33' title="bbox 0 0 1624 5110; baseline 0 0"><span class='ocrx_word' id='word_1_223' title='bbox 0 0 1624 5110; x_wconf 95' lang='lat' dir='ltr'> </span> 
     </span>
    </p>
   </div>
  </div>
 </body>
</html>
