3230 5104
179 565 265 642 stra
293 556 831 659 inliberalitutisuperibus
853 559 977 644 solita
1005 562 1284 658 celeberrime
1418 531 1421 541 l

180 681 440 767 conversuri,
458 686 573 762 tanto
599 679 774 792 amplius
803 705 1015 782 personas
1042 683 1284 792 magnificus

178 803 221 878 et
257 798 469 899 dignitatis
517 797 688 880 honore
736 800 1016 901 conspicuos,
1056 802 1282 905 prevenire

110 905 114 914 ’
176 921 315 1004 studet
343 917 577 1002 honoribus
605 928 648 998 et
688 919 899 1004 dotalibus
935 923 1280 1038 amplissime

11 1099 24 1155 t
177 1039 326 1130 ribus,
365 1045 521 1147 quanto
562 1040 732 1122 durotui
772 1049 920 1124 nostro
967 1039 1281 1136 amicabilium

177 1159 382 1266 operibus
415 1183 461 1239 se
498 1158 738 1243 ostendunt.
794 1157 909 1244 Unde
937 1183 1034 1243 eum
1077 1161 1281 1265 mugni-

177 1278 366 1362 ilciet
408 1287 696 1388 polentes
732 1279 984 1362 Thomas
1023 1279 1282 1376 Coruino.

177 1399 621 1496 Constantinus
662 1409 717 1484 et
759 1401 1000 1490 Areniti
1039 1401 1281 1492 tratres,

176 1516 400 1601 domini
438 1517 1110 1620 inpartibusAibanie‚
1151 1518 1280 1608 liiii

176 1641 464 1742 quondum
527 1641 842 1744 magnifici
902 1647 957 1724 et
1005 1638 1281 1744 potentis

174 1757 399 1839 domini
439 1758 713 1851 Areniti‚
749 1759 944 1860 quidum
974 1757 1279 1848 vixitfuittlu·

173 1878 413 1955 votissimus
442 1881 485 1953 et
525 1877 790 1966 fidelissimus
833 1883 991 1964 omibus
1032 1880 1165 1968 nostri
1207 1878 1277 1971 do·

174 1995 303 2092 minii,
331 2005 559 2098 sequentes
576 2006 752 2102 peterse
772 2000 964 2098 vestigia,
993 1999 1279 2101 disposuerint

174 2140 323 2194 eorum
365 2115 636 2196 devotionem
666 2127 709 2196 et
750 2118 874 2198 fldem
915 2121 965 2197 ud
995 2121 1208 2199 honorem
1238 2127 1280 2197 et

172 2244 322 2315 statum
362 2242 554 2316 nostrum
596 2261 882 2330 ennarrans,
910 2263 960 2318 ne
1001 2239 1054 2318 de
1096 2238 1278 2317 bonoin

13 2451 19 2460 ι
173 2355 323 2434 melius
350 2381 430 2461 pro
460 2360 617 2438 viribus
646 2383 805 2465 sugere
822 2365 842 2453 ;'
866 2371 1013 2442 notum
1042 2363 1135 2441 fleri
1161 2364 1278 2466 volu·

171 2503 263 2557 mus
291 2481 530 2581 uniruique,
561 2485 673 2592 qnod
715 2486 829 2568 omni
863 2481 973 2585 Juris
1003 2480 1278 2576 consiliorum

64 2659 66 2664 .
172 2608 214 2676 et
255 2602 657 2687 ordinamentorum·
679 2611 925 2688 nostrorum
950 2601 1196 2688 necessarie
1212 2627 1277 2687 so·

171 2723 373 2802 lenuitste
401 2730 595 2811 servato,
634 2723 823 2824 prefatos
852 2719 1098 2821 magnilioos
1126 2730 1169 2798 et
1208 2745 1280 2821 po·

172 2849 308 2920 tentes
335 2839 530 2918 dominos
558 2839 768 2940 'l'bomnm
797 2838 1003 2929 comino,
1044 2837 1277 2916 Constanti·

171 2987 266 3050 unm
296 2969 339 3046 et
364 2959 532 3043 Areniti
573 2961 752 3046 iratres,
795 2984 891 3044 oum
920 2981 1070 3043 eorum
1113 2954 1207 3040 filiis
1235 2961 1278 3032 el

169 3081 398 3162 heredibus
428 3081 614 3184 legitime
640 3081 691 3158 ub
720 3082 781 3164 eis
810 3078 1195 3164 descendentibus,
1224 3074 1275 3160 ud

167 3227 386 3282 numerum
415 3210 458 3278 et
499 3204 552 3284 de
581 3224 758 3282 numero
789 3199 991 3279 nobilium
1028 3196 1166 3276 nostri
1194 3215 1275 3282 mu·

166 3321 270 3408 ioris
313 3320 480 3404 consilii
509 3322 752 3420 recepimus
794 3327 920 3426 sique
959 3317 1190 3427 recipimus
1218 3322 1274 3394 et.

167 3442 219 3522 de
247 3446 400 3524 nostro
429 3442 580 3526 maiori
605 3439 783 3522 oonsilio
802 3439 980 3520 lecimus
1010 3444 1053 3516 et
1081 3435 1274 3524 iacimus,

167 3569 294 3666 etque
321 3586 402 3664 pro
432 3561 646 3640 nobilibus
688 3569 730 3644 et
771 3558 823 3644 de
853 3581 1032 3644 nurnero
1065 3555 1273 3646 nobilium

164 3683 303 3766 ¹nostri
343 3681 517 3764 maioris
557 3679 725 3761 consilii
767 3678 807 3764 in
849 3676 1040 3764 venetiis
1065 3685 1123 3764 *et
1150 3678 1271 3762 extre

164 3803 340 3886 ubilibet
382 3825 478 3880 esse
520 3801 716 3880 volumus
752 3809 794 3882 et
836 3797 1021 3884 tracturi,
1049 3796 1166 3898 ipsus
1192 3793 1272 3883 sin·

167 3949 270 4004 oere
286 3922 596 4004 benivolentiae
615 3920 801 4002 brachiis
816 3919 1108 4021 amplexantes
1135 3924 1179 3994 et
1210 3915 1273 3994 flr·

167 4043 293 4124 miter
319 4048 562 4133 statuentes,
590 4042 703 4144 quod
733 4041 893 4122 eisdem
920 4036 1186 4118 libertatibus
1204 4037 1270 4112 be·

88 4163 92 4172 '
166 4161 343 4255 nefleiis,
367 4161 605 4251 bonoribus
649 4171 689 4246 ei
726 4159 1079 4248 immunitatibus,
1120 4154 1271 4262 quibus
