3234 5116
390 393 437 464 n

609 577 866 705 cotillh.
890 603 1009 678 roza
1035 602 1101 678 ao.
1128 600 1277 680 marr.
1328 650 1331 656 -

394 795 614 878 llacrauaess
637 808 672 850 aa
696 792 813 848 loaana
837 791 1002 864 beoplio,
1036 793 1253 852 Maerasaors
1277 813 1480 873 noemam,

641 911 704 954 nou
730 911 791 968 nae
815 912 857 952 aa
881 897 1098 956 Bocaucsoua
1122 915 1241 972 spano.

496 1083 581 1162 Nos
615 1077 870 1160 ‘Thomas
911 1082 1224 1183 Mocenigo
1253 1082 1322 1163 dei
1350 1083 1485 1183 gratia
1599 1075 1600 1156 l

395 1204 480 1281 dux
507 1203 780 1280 Venetiarum
804 1211 850 1280 et
878 1205 957 1279 oet.
1008 1201 1277 1284 Comittimus
1305 1207 1383 1286 tihi
1410 1231 1487 1283 no·

395 1326 464 1403 bili
492 1314 584 1402 viro
612 1322 878 1401 dohanni
912 1323 1188 1422 Georgio‚
1218 1327 1375 1405 dilecto
1406 1325 1490 1404 civi

396 1454 440 1523 et
467 1443 576 1522 fideli
603 1451 781 1528 nostro,
822 1441 934 1544 quod
964 1443 1027 1518 ire
1055 1442 1210 1522 debeas
1239 1450 1385 1524 noster
1412 1443 1488 1521 ho·

395 1563 598 1642 norabilis
623 1563 904 1642 ambassiator
933 1585 1027 1643 cum
1045 1566 1368 1644 nostrislitteris
1398 1589 1489 1645 cre·

394 1683 593 1770 dulitatis‚
622 1682 672 1762 ad
694 1682 975 1784 praesentiam
1003 1683 1261 1763 serenissimi
1290 1684 1488 1762 domini

394 1805 557 1902 regis
590 1802 624 1878 B
642 1828 668 1879 o
684 1825 704 1878 s
721 1804 767 1878 si
784 1827 808 1878 n
825 1829 848 1880 a
866 1827 903 1889 e,
933 1804 1002 1882 cui
1029 1804 1304 1906 praesentatis
1332 1805 1488 1884 nostris
1599 1855 1600 1862 κ

265 1919 269 1934 ’
394 1924 544 2004 litteris
574 1921 835 2002 credulitatis
863 1924 1030 2002 etfacta
1059 1925 1243 2003 fraterna
1271 1934 1314 2003 et
1341 1925 1489 2004 amica·
1599 1911 1600 1958 ³

393 2045 463 2124 bili
491 2044 742 2124 salutatione
771 2052 814 2122 et
840 2045 1069 2130 oblatione,
1099 2073 1193 2124 cum
1220 2048 1363 2124 verbis
1391 2071 1487 2150 per·

394 2165 623 2246 liuentibus
652 2171 695 2242 et
721 2165 1000 2252 necessariis,
1041 2173 1167 2269 prout
1207 2166 1364 2244 honori
1405 2191 1485 2245 suo

397 2296 439 2365 et
466 2292 617 2364 nostro
642 2286 809 2364 videbis
839 2287 1079 2386 convenire,
1108 2285 1276 2367 debeas,
1294 2310 1396 2366 suae
1424 2313 1487 2366 se·

394 2407 560 2484 renitati
588 2405 734 2484 dicere
766 2415 808 2484 et
832 2431 1066 2510 exponere,
1098 2409 1212 2509 quod
1240 2415 1386 2486 nostra
1415 2410 1487 2487 do·

320 2511 321 2519 Ν
395 2525 591 2613 minatio,
632 2527 808 2604 audiens
836 2527 981 2604 felices
1024 2551 1256 2607 successus·
1275 2551 1405 2613 suos,
1449 2537 1490 2606 et

395 2647 656 2726 creationem
686 2671 807 2749 suam¹
833 2647 884 2726 ad
912 2673 1101 2747 reguum,
1129 2649 1361 2728 cordialem
1391 2673 1487 2728 oon·

394 2768 645 2846 solationem
674 2775 719 2846 et
748 2770 921 2847 letitiam
950 2769 1094 2848 habuit
1122 2777 1164 2847 et
1190 2770 1330 2858 habet,
1357 2793 1483 2873 prop·
1599 2849 1600 2852 ,

395 2897 459 2966 ter
481 2887 737 2988 singularem
765 2913 953 2968 amorem
984 2897 1026 2968 et
1045 2889 1319 2968 intrinsecam
1349 2891 1489 2971 amici-

280 2997 282 3004 *
394 3010 519 3095 tiam,
563 3033 668 3110 quae
708 3033 879 3113 semper
904 3009 992 3086 tuit
1029 3009 1138 3088 inter
1180 3008 1490 3088 illustrissimos

386 3108 694 3234 'progenitores
722 3152 824 3206 suos
845 3135 887 3204 et
901 3129 1169 3206 serenitatem
1197 3151 1313 3204 suam
1342 3137 1388 3207 et
1415 3154 1486 3208 no·

393 3260 524 3330 strum
554 3248 806 3338 dominium,
848 3250 1055 3328 etaudita
1085 3249 1304 3327 creatione
1331 3271 1407 3326 sua
1436 3248 1486 3325 ad
1599 3297 1600 3330 r

394 3395 570 3471 regnum
593 3395 727 3455 suum,
757 3371 798 3447 iu
829 3377 968 3452 mente
995 3376 1140 3446 nostra
1169 3369 1260 3466 finit,-
1290 3369 1341 3446 ad
1368 3395 1486 3474 prae·

392 3491 569 3570 sentiam
610 3512 726 3566 suam
755 3490 923 3567 mittere
966 3497 1151 3567 nostram
1179 3491 1485 3568 ambassiatam.

392 3611 444 3688 Et
470 3611 569 3688 ideo
596 3616 638 3688 te
666 3609 852 3687 misimus
882 3613 932 3688 ad
962 3611 1311 3710 congaudendum
1338 3637 1486 3692 secum

394 3729 446 3806 de
462 3729 658 3808 felicibus
689 3731 959 3810 successibus
986 3729 1073 3806 suis
1094 3737 1137 3808 et
1153 3730 1373 3810 creatione
1402 3757 1489 3820 sua,

395 3861 603 3950 tamquam
634 3875 728 3929 cum
759 3851 889 3927 fratre
918 3858 959 3926 et
979 3851 1114 3928 amico
1143 3859 1294 3930 nostro
1325 3853 1485 3930 carissi·
1599 3921 1600 3924 a

395 3997 478 4058 mo,
495 3976 537 4048 et
551 3971 836 4074 supplicamus
863 3970 1077 4058 altissimo,
1093 3978 1136 4047 ut
1150 3969 1345 4068 dignetur
1372 3997 1486 4050 suam

396 4089 664 4170 serenitatem
693 4090 876 4169 feliciter
904 4099 945 4166 et
970 4090 1149 4188 longeva
1176 4091 1216 4166 in
1245 4115 1378 4192 regno
1408 4117 1485 4170 suo

398 4233 667 4302 conservare,
694 4213 923 4291 secundum
946 4211 1203 4290 desiderium
1234 4215 1376 4293 cordis
1404 4215 1483 4293 sui.
