3192 5112
317 293 385 368 lxo

317 496 429 580 mino
458 497 657 598 regetale
673 499 782 598 quid
797 521 924 604 super
951 497 1062 577 lacto
1079 499 1264 600 llagusii,¹
1286 497 1401 604 quod

317 619 396 721 ipsi
424 615 601 718 Ragusei
629 617 834 700 haberent
867 621 1115 706 contentari,
1144 627 1186 698 et
1213 620 1403 698 similiter

316 765 444 846 super
472 739 584 817 iacto
613 741 872 828 Venetorum
900 749 1152 838 nostrorum,
1183 741 1296 843 quod
1322 743 1402 818 Ve-

317 860 449 938 netias
478 865 727 938 revertatur.
756 858 828 936 sm
856 865 993 938 autem
1010 859 1224 940 rescribat.
1254 861 1402 963 ltaque

317 1006 400 1057 non
442 980 614 1084 expedit
655 982 694 1058 ei
731 979 830 1058 dare
871 982 1089 1060 arbitrium
1131 982 1244 1083 quod
1284 981 1403 1084 petit,

318 1127 412 1180 cum
439 1104 480 1179 in
508 1101 764 1180 discretione
802 1127 875 1178 sua
912 1109 1126 1180 remaneat
1165 1103 1339 1200 videre,
1368 1100 1403 1178 si

317 1224 370 1300 de
398 1247 465 1310 eo,
503 1225 614 1324 qnod
645 1222 826 1302 obtineri
866 1224 1024 1327 poterit
1065 1227 1115 1302 ab
1158 1224 1250 1327 ipso
1290 1245 1405 1321 rege,
1441 1265 1445 1274 ·

318 1340 572 1442 Rugusci
615 1349 656 1420 et
696 1343 913 1421 Veneti
958 1343 1185 1432 habebunt,
1215 1341 1405 1422 conside·

318 1459 416 1538 ratis
454 1460 661 1554 omnibus,
691 1461 927 1540 contentari
953 1461 1021 1541 vel
1050 1487 1159 1552 n0n;
1188 1473 1230 1544 et
1257 1463 1404 1542 nihilo·

318 1583 453 1660 minus
482 1606 557 1658 nos
594 1580 829 1669 scribimus;
865 1587 907 1658 et
933 1581 996 1660 sic
1024 1581 1234 1662 scribatur
1263 1584 1406 1664 comiti

318 1713 360 1782 et
386 1703 592 1783 iudicibus
631 1701 827 1801 Ragusii,
866 1703 978 1804 quod
1007 1705 1041 1784 si
1071 1704 1181 1782 forte
1209 1705 1294 1784 boc
1320 1728 1406 1783 non

318 1822 543 1914 iecissent,
584 1821 833 1926 provideant
869 1822 920 1900 de
957 1821 1091 1902 dando
1129 1831 1211 1902 tam
1246 1826 1407 1926 largum

318 1945 550 2021 mandatum
589 1951 630 2018 et
667 1943 881 2020 arbitrium
924 1945 1010 2022 suis
1052 1947 1408 2030 ambaxatoribus,

257 2119 258 2125 κ
319 2067 470 2144 tamin
499 2063 807 2166 compositione
836 2065 1101 2155 damnorum,
1129 2091 1235 2168 quae
1264 2074 1407 2170 petun-

319 2193 410 2274 tur,
446 2207 568 2285 quam
598 2183 637 2259 in
668 2181 859 2262 iaciendo
894 2188 1028 2284 justas
1068 2189 1109 2262 et
1136 2185 1407 2264 rationabiles

319 2304 633 2404 requisitiones,
662 2304 777 2406 quod
803 2329 881 2406 pro
910 2313 1030 2408 parte
1059 2331 1209 2385 eorum
1237 2331 1320 2385 non
1349 2328 1410 2382 re·

319 2431 507 2510 maneat,
551 2425 648 2525 quin
686 2425 794 2504 facta
832 2425 1035 2528 recipiant
1076 2429 1232 2504 bonum
1273 2426 1410 2516 linem,

320 2571 414 2622 cum
452 2547 491 2622 in
531 2545 690 2622 damnis
732 2545 837 2624 datis
878 2571 955 2624 nos
997 2553 1040 2624 et
1076 2572 1223 2624 omnes
1262 2555 1408 2647 gentes

321 2663 476 2754 mundi,
503 2671 715 2744 transeant
743 2666 862 2764 largo
881 2667 1020 2762 modo,
1045 2673 1340 2744 contentantes
1357 2665 1409 2742 de

322 2787 434 2865 omni
464 2793 582 2889 parte
611 2785 927 2868 satisfactionis.
956 2787 1172 2888 potissime
1203 2811 1297 2865 cum
1326 2787 1410 2862 tali·

321 2911 397 2986 bus
424 2905 682 3011 principibus
710 2911 754 2984 et
779 2906 1021 2998 baronibus,
1050 2915 1094 2985 ut
1122 2915 1185 2986 est
1212 2931 1289 2986 rex
1317 2905 1411 2982 llas

321 3027 427 3128 ciue.
456 3023 510 3102 ut
537 3036 768 3128 propterea
795 3027 1015 3104 mandetur
1057 3027 1169 3108 dicto
1208 3030 1411 3106 ambassa-

321 3147 428 3236 tori,
469 3148 582 3248 quod
623 3146 806 3225 sollicite
848 3157 1052 3250 procuret
1093 3148 1294 3250 expedire
1335 3145 1413 3224 sibi

272 3340 274 3346 .
321 3271 526 3360 comissa,
568 3271 799 3348 secundum
829 3269 1099 3348 intentionem
1136 3277 1339 3365 nostram,
1368 3275 1415 3344 ut

321 3387 422 3491 ipsis
460 3389 664 3494 expeditis
700 3389 899 3468 Venetiae
942 3391 1144 3470 celeriter
1184 3391 1321 3470 valeat
1349 3415 1412 3465 re·

322 3535 477 3590 mefll'e.

694 3613 787 3680 Misti
811 3618 841 3677 d.
860 3613 992 3680 Senot.
1019 3615 1087 3680 Lib.
1114 3609 1214 3681 XXV
1237 3615 1293 3679 rb.
1317 3613 1369 3678 53.

411 3733 607 3831 xcvi.
646 3759 758 3832 1350.
794 3753 875 3831 rna.
912 3753 985 3832 ur.
1024 3759 1083 3833 13.
1122 3753 1334 3882 epuns.

323 3895 515 3954 asarenam
553 3913 635 3970 napa
673 3899 876 3970 decaors,
913 3915 974 3955 ros
1006 3905 1181 3956 aeternas
1217 3911 1414 3956 ouranense

450 3999 592 4056 atrismo
627 4003 726 4078 nysa,
752 3998 942 4075 spetaculo
969 4000 1170 4060 Msorauuolt
1199 4017 1310 4069 nuspa.

425 4113 699 4222 innasoripta
728 4125 790 4198 est
818 4119 1051 4198 ambaxiata
1065 4117 1203 4198 ducali
1227 4117 1415 4204 dominio
