3224 5110
331 372 400 436 qqq

335 602 431 660 cum
460 579 641 656 maxima
671 577 862 681 impensa
891 581 935 654 et
963 575 1170 656 interesse
1204 585 1368 664 nostro,
1388 583 1436 654 ut

335 702 451 780 dicta
481 702 576 778 loca
604 701 760 778 nostris
789 697 925 778 vicina
967 699 1050 778 imo
1092 700 1278 787 inclusa,
1326 720 1436 800 quae

335 823 424 898 sine
464 821 613 899 iniuria
656 819 833 897 alieuius
861 821 1060 922 accipere
1087 827 1341 921 poteramus,
1365 819 1435 895 ha·

336 940 548 1020 heremus.
577 941 630 1018 ut
658 943 694 1018 si
722 943 775 1018 de
805 939 1026 1020 obstaculo
1055 941 1229 1020 alicuius
1273 937 1435 1019 domini

337 1087 419 1140 non
448 1087 547 1142 esse
589 1061 859 1140 dubitandum
901 1062 1024 1140 nobis
1064 1065 1435 1167 peravadebamur,

335 1183 624 1286 principaliter
652 1191 744 1260 erat
771 1182 823 1263 de
850 1183 1076 1261 serenitate
1101 1184 1233 1288 ipsius
1273 1183 1433 1262 domini

340 1304 478 1404 regis,
525 1304 597 1404 qui
638 1303 895 1382 vicinitatem
944 1312 1131 1382 nostram
1186 1327 1289 1408 prae
1341 1303 1435 1381 aliis

341 1425 538 1503 omnibus
568 1447 708 1502 caram
737 1423 895 1502 habere
923 1427 1207 1526 sperabamus,
1236 1449 1331 1504 cum
1356 1449 1436 1527 per

346 1553 411 1624 tot
437 1551 653 1624 retroacta
681 1551 887 1649 tempora,
914 1548 1021 1622 sicut
1035 1547 1280 1647 prudentius
1308 1571 1438 1650 expo·

340 1670 530 1762 suerunt,
560 1667 601 1743 in
631 1663 738 1742 bona
765 1689 872 1767 pace
901 1671 942 1742 et
957 1665 1220 1744 fraternitate
1249 1690 1342 1742 cum
1361 1691 1437 1743 sua

343 1786 574 1862 serenitate
615 1783 867 1868 vixerimus,
905 1793 947 1862 et
975 1787 1102 1864 rebus
1128 1785 1218 1860 suis
1246 1783 1438 1886 multipli-

339 1907 448 1983 citer
474 1905 653 2007 antiquis
695 1895 999 2008 modernisque
1031 1903 1293 2009 temporibus
1337 1903 1438 1982 favi·

341 2050 447 2105 mus.
503 2024 589 2102 Sed
616 2025 828 2104 informati
856 2052 879 2104 a
914 2011 1070 2104 comite
1110 2019 1260 2104 n'ostro
1291 2025 1439 2126 Spale-

344 2149 389 2238 tl,
419 2149 471 2226 de
500 2149 687 2250 hisquae
715 2171 795 2252 per
809 2149 1069 2228 maiestatem
1086 2172 1201 2226 suam
1228 2153 1437 2226 aclasunt

336 2271 375 2346 in
430 2269 630 2372 impresia
684 2269 778 2360 illa,
832 2271 1046 2348 eredimus
1093 2270 1143 2348 ad
1197 2265 1432 2368 suggestio·

340 2415 436 2468 nem
464 2389 656 2498 ipsorum
690 2389 1109 2490 Raguseorum,
1139 2391 1438 2467 immemorum

343 2511 648 2590 beneficiorum
680 2536 702 2588 a
731 2510 853 2587 nobis
882 2520 1185 2612 susceptorum,
1214 2511 1349 2588 mirati
1378 2509 1439 2584 iu·

339 2631 460 2722 imus,
486 2632 598 2733 quod
626 2656 703 2707 sua
728 2631 935 2710 serenitas
964 2631 1075 2709 nulla
1102 2631 1222 2708 nobis
1253 2633 1348 2709 data
1365 2653 1441 2707 no·

340 2753 444 2842 titia,
470 2753 580 2831 sicut
609 2752 809 2829 convenit
849 2752 1031 2832 amicitie
1060 2758 1259 2844 nostrae,
1289 2749 1346 2830 ila
1376 2775 1441 2829 re·

252 2871 254 2877 ⁸
341 2879 469 2975 pente
497 2870 813 2951 exercitualiter
854 2895 900 2948 se
935 2871 1118 2950 moverit
1157 2879 1305 2950 contra
1340 2893 1440 2969 gen·

343 3001 407 3072 les
434 3001 612 3080 nostras,
641 2993 690 3069 ad
719 2991 1031 3094 impediendum
1076 2991 1316 3094 impresiam
1345 3017 1443 3070 nos·

342 3123 474 3202 tram,
517 3137 639 3215 quam
668 3111 948 3190 deliberantes
975 3113 1206 3215 prosequi,
1233 3112 1442 3212 ¹misimus

341 3233 581 3314 hisdiebus
611 3257 706 3312 cum
737 3257 819 3310 una
846 3235 966 3333 galea
994 3239 1141 3310 nostra
1168 3232 1219 3310 ad
1249 3255 1368 3308 suam
1384 3255 1446 3308 se-

344 3353 570 3432 renitatem
613 3361 804 3432 nostrum
839 3361 1069 3440 oratorem,
1094 3378 1175 3455 per
1201 3377 1329 3454 quem
1365 3351 1446 3430 sibi

342 3475 550 3554 declarari
580 3475 756 3554 iacimus
786 3483 970 3553 mentem
999 3485 1042 3552 et
1057 3473 1334 3552 intentionem
1350 3497 1448 3549 nos·

344 3609 468 3689 tram,
499 3596 823 3698 credimusque,
864 3597 979 3697 quod
1007 3619 1082 3672 sua
1110 3593 1338 3681 serenitas,
1367 3617 1448 3696 pro

347 3719 475 3795 multa
502 3717 591 3794 eius
617 3717 831 3820 sapientia,
859 3717 1074 3795 intellecta
1098 3715 1261 3794 iusticia
1289 3723 1448 3802 nostra,

345 3835 530 3916 servabit
557 3861 658 3938 erga
685 3862 763 3916 nos
792 3861 854 3925 ea,
884 3863 990 3939 quae
1019 3838 1280 3916 servavimus
1297 3843 1448 3912 etser-

345 3981 539 4035 varemus
569 3981 670 4057 erga
698 3981 794 4036 evam
823 3959 862 4033 in
891 3958 1020 4036 rebus
1050 3965 1093 4038 et
1109 3955 1322 4060 impresiis
1348 3954 1450 4042 suis;

348 4077 573 4179 valentque
601 4079 755 4181 pocius
782 4077 863 4180 ipsi
890 4077 1113 4156 domini
1155 4101 1257 4154 rex
1292 4082 1337 4153 et
1364 4099 1449 4154 eo·

349 4219 465 4274 mes
508 4199 859 4277 vladislaus
901 4221 1041 4276 caram
1081 4199 1244 4275 babere
1277 4196 1451 4276 vinciui-
