3212 5116
319 565 411 620 rum
440 538 594 620 ibidem
636 537 1015 632 circumstantium,
1056 539 1212 641 pluries
1240 539 1412 642 requini·

21 739 24 749 f
169 706 175 712 ·
319 669 386 740 tus
415 683 438 736 a
465 659 599 749 nobis,
628 684 712 738 non
741 667 861 736 curat
889 657 1031 736 facere
1058 661 1314 739 solutionem
1344 657 1411 736 de·

318 781 506 864 bitorum
535 781 576 858 in
614 777 775 882 'quibus
810 787 981 858 tenatur
1022 779 1185 859 civibus
1213 787 1256 858 et
1283 777 1411 858 tideli-

321 907 399 984 bus
413 902 583 994 nostris,
599 925 648 979 ac
665 901 882 978 emendam
898 905 940 977 et
954 900 1281 980 satisfactionem
1299 900 1410 978 dam·

319 1047 474 1104 norum
502 1023 602 1124 ipsis
644 1021 801 1100 nostris
844 1018 1002 1100 civibus
1030 1029 1071 1100 et
1106 1021 1299 1101 fidelibus
1327 1024 1413 1102 iiia·
1513 1111 1524 1134 ἱ

321 1153 463 1225 torum
505 1168 584 1248 per
624 1143 759 1247 ipsum
784 1140 931 1219 duram
973 1150 1014 1221 et
1049 1151 1196 1242 gentes
1235 1169 1329 1222 suas
1372 1147 1413 1222 in

319 1267 509 1373 partibus
550 1273 592 1344 et
619 1265 727 1343 iocis
756 1263 835 1343 sibi
864 1263 1069 1362 subditis,
1099 1265 1183 1344 imo
1214 1267 1413 1344 continuo

319 1389 518 1494 procedit
545 1389 597 1464 de
625 1387 736 1464 maio
767 1387 808 1462 in
836 1389 976 1489 peius,
1016 1388 1238 1468 inferendo
1267 1388 1414 1466 damna

217 1515 223 1526 '
322 1515 365 1585 ct
390 1507 559 1606 iniurias
598 1505 753 1582 nostris
780 1505 975 1584 fidelibus
1003 1507 1242 1595 antedictis,
1284 1530 1415 1608 super

322 1629 474 1732 quibus
504 1625 677 1704 omuino
705 1625 1013 1728 providendum
1050 1638 1114 1706 est
1141 1653 1221 1732 pro
1249 1627 1416 1706 honore

321 1753 472 1829 nostro
501 1755 543 1826 et
569 1745 837 1825 indemnitate
868 1746 1020 1826 civium
1051 1755 1093 1826 et
1120 1748 1306 1828 fidelium
1344 1773 1415 1826 no·

302 1875 527 1958 .strorum;
565 1867 677 1945 vadit
713 1891 835 1969 pars:
863 1869 980 1970 quod
1007 1871 1232 1964 comitatur
1262 1871 1416 1970 capita·

322 2016 405 2069 neo
438 1985 573 2089 Culfy,
610 1985 723 2087 quod
750 1995 955 2089 procuret
982 1988 1143 2068 hahere
1183 1989 1417 2074 emendam,

323 2109 580 2188 solutionem
609 2113 651 2184 et
673 2105 1002 2186 satisfactionem
1031 2110 1264 2211 plenariam
1292 2106 1417 2209 abip-

322 2253 371 2306 so
400 2227 530 2316 dura,
559 2228 611 2305 de
642 2227 836 2304 omnibns
862 2224 1013 2304 debitis
1044 2235 1087 2305 et
1114 2228 1275 2307 damnis
1300 2249 1418 2330 prae·

298 2348 458 2438 dictis,
489 2333 573 2451 que
600 2346 832 2426 ascendunt
858 2347 908 2423 ad
936 2371 1139 2425 summam
1168 2347 1418 2424 ducatorum

324 2471 440 2546 circa
466 2490 618 2546 novem
650 2466 792 2560 millia,
821 2491 1001 2568 quorum
1031 2465 1155 2568 copia
1183 2467 1309 2544 detur
1335 2463 1420 2544 dic·

325 2599 369 2670 to
407 2585 627 2688 capitaneo
656 2611 735 2689 pro
764 2611 838 2664 sua
864 2585 1181 2665 informatione.
1217 2583 1418 2685 Alioquin

324 2707 604 2787 intromittere
620 2707 785 2796 debeat,
814 2730 910 2784 cum
939 2704 1166 2784 securitate
1195 2711 1335 2782 tamen
1354 2725 1420 2802 ga·

326 2829 486 2906 tearum
528 2835 570 2902 et
598 2826 733 2924 gentis
759 2833 1030 2922 nostrarum,
1072 2826 1182 2902 bona
1211 2825 1350 2902 omnia
1380 2829 1424 2898 et

326 2945 482 3024 havere
510 2944 638 3049 ipsius
677 2943 832 3038 diuae,
886 2947 1038 3024 citrium
1076 2953 1119 3021 et
1154 2943 1419 3021 subditorum

244 3107 247 3112 ·
326 3089 499 3146 suorum
527 3063 766 3166 ubicunque
808 3073 1008 3168 poterunt
1037 3061 1241 3157 inveniri,
1284 3087 1418 3163 usque
1526 3145 1540 3157 ,

327 3189 532 3286 integram
561 3185 816 3262 solutionem
846 3184 1067 3264 emendam
1103 3189 1146 3260 et
1172 3180 1417 3260 satisfactio-

327 3332 423 3386 nem
447 3305 693 3383 damuorum
723 3309 765 3381 et
792 3304 1031 3383 debitorum
1059 3303 1390 3407 praedictorum.

718 3611 810 3678 Misti
835 3611 891 3678 del
915 3611 1053 3679 Senatu
1077 3609 1236 3677 xxxiv·
1262 3613 1305 3676 ch
1328 3611 1380 3676 dd.
