3220 5118
434 559 668 660 ccxci.
698 525 811 658 rme.
839 583 901 656 os.
929 579 1078 658 oram.

197 735 376 848 Osrouopn
399 789 496 848 που]
519 772 793 840 muccosum„
817 789 855 844 μ
871 789 910 830 oe
933 775 1097 850 ogotlpass
1121 791 1283 852 yrooopn,

248 891 309 933 tou
333 895 350 932 s
374 877 458 934 onai
481 876 641 935 satannio
664 893 702 932 os
725 892 874 934 uncam
897 878 1060 936 loosuom·
1083 879 1229 953 [lerum-

680 999 796 1042 ornus.

295 1167 417 1268 Quod
446 1170 751 1277 respondentur
778 1175 926 1247 nostro
956 1193 1021 1246 co
1038 1171 1165 1248 miti
1211 1165 1283 1248 st-

194 1285 396 1368 benici
423 1291 463 1368 in
492 1287 572 1368 hoc
600 1289 745 1375 formo,
773 1286 992 1366 videlicet:
1081 1313 1084 1325 ¹

296 1443 548 1548 Recepimus
577 1443 737 1523 litteras
767 1455 927 1522 vestros
949 1443 1064 1523 dotas
1080 1444 1282 1546 Sibenici,

192 1565 259 1642 die
287 1565 489 1666 vigesimo
534 1565 716 1670 septimo
745 1563 904 1668 Aprilis
943 1565 1137 1668 proxime
1164 1591 1282 1670 proc·

193 1685 320 1782 teriti,
350 1683 627 1763 effectualiter
656 1681 935 1777 continentes,
957 1685 1068 1787 quod
1097 1685 1283 1763 devenis-

190 1805 243 1884 tis
271 1804 321 1882 od
349 1803 629 1885 concordium
659 1829 752 1885 cum
784 1803 1001 1884 comite
1033 1803 1283 1884 Johanne

191 1926 257 2004 dc
286 1925 523 2006 Celinis
552 1935 593 2007 et
622 1935 705 2006 cet.
733 1937 775 2006 et
803 1929 915 2031 quod
945 1927 1171 2040 superinde
1201 1929 1282 2008 lac·

190 2055 257 2126 tae
285 2057 380 2126 sunt
420 2049 615 2151 utrinque
645 2057 687 2128 et
715 2048 917 2150 sigillatae
952 2056 1143 2152 potentes
1179 2043 1281 2131 litte·
1425 2057 1427 2061 ’

190 2192 289 2257 rae,
317 2169 438 2247 etde
468 2169 660 2248 omnibus
689 2171 902 2249 contentis
929 2167 970 2247 io
997 2168 1150 2246 vestris
1180 2169 1282 2247 litte-

190 2292 256 2406 ris
270 2292 569 2395 suprascriptis
596 2291 720 2393 plene
749 2291 1025 2369 remansimus
1052 2288 1281 2382 informati

188 2411 341 2513 quibus
379 2409 752 2516 intellectisvcbis
790 2411 1124 2516 respondemus,
1165 2412 1280 2517 quod

189 2529 378 2612 contenti
392 2555 547 2617 sumus,
576 2531 687 2634 quod
719 2528 907 2609 debeatis
936 2531 1071 2633 ipsum
1101 2556 1279 2611 concor·

188 2653 301 2732 dium
329 2653 581 2733 confirmare
598 2677 676 2756 per
691 2653 791 2728 illud
819 2653 949 2730 maius
973 2657 1153 2756 tempus,
1168 2655 1281 2754 quod

188 2774 308 2853 vobis
323 2773 402 2851 erit
429 2773 646 2877 possibile,
662 2783 704 2854 et
718 2773 826 2850 ultra
845 2772 945 2850 illud
973 2781 1138 2879 tempus
1167 2775 1280 2877 quod

188 2893 268 2974 erit
294 2894 611 2997 specificatum,
651 2917 730 2998 per
755 2893 854 2973 illud
884 2901 1073 2997 tempus,
1115 2891 1168 2970 de
1197 2919 1280 2996 quc

185 3019 338 3122 postea
377 3023 519 3120 portes
561 3021 686 3093 erunt
714 3015 980 3106 concordes,
1021 3041 1105 3121 quo
1146 3014 1279 3103 linito,

185 3157 282 3236 pars
310 3160 418 3238 quoe
457 3137 587 3214 vellet
615 3159 841 3240 rumpere,
882 3137 1034 3217 debeat
1060 3133 1280 3216 notificare

188 3254 309 3332 alteri
338 3256 446 3360 porti
478 3281 556 3360 per
586 3255 826 3360 quindecim
855 3255 943 3335 dies
971 3265 1077 3336 ante.

491 3397 598 3464 Scor.
622 3395 742 3476 (icus.¹
758 3395 889 3484 Rogat.
913 3395 984 3462 Lib.
1008 3395 1081 3462 vn.
1106 3393 1160 3462 ch.
1185 3395 1234 3461 18.

394 3599 652 3704 coxon.
682 3623 793 3701 rme.
825 3625 889 3700 21.
914 3619 1075 3700 surii.

186 3815 318 3874 rrum
353 3832 538 3890 nocranuuy
573 3816 724 3890 mylen
758 3832 897 3890 cymam·
920 3815 1100 3890 Typcronc
1129 3811 1282 3890 licuerit,

185 3935 222 3990 ro
248 3935 341 3976 omre
376 3937 518 3995 sarpam
542 3936 578 3978 oo
601 3936 734 3978 rocnoro
756 3917 891 3998 usiony,
925 3935 1072 3992 rosione
1107 3918 1279 3992 Anonyu

432 4023 573 4099 llannuy,
596 4039 658 4082 ros
681 4041 720 4099 cy
741 4023 858 4099 Typnu
882 4031 1038 4082 occonis.

287 4189 391 4289 Quia
417 4193 526 4272 siout
553 4203 697 4272 notum
727 4197 811 4280 est,
849 4193 970 4272 locus
993 4181 1277 4271 ¹Avolone

181 4312 450 4416 pervenitad
477 4337 647 4392 monus
674 4311 1072 4415 Turonorum,
1102 4319 1146 4392 et
1174 4332 1269 4392 con·
