<?xml version="1.0" encoding="UTF-8"?>
<!DOCTYPE html PUBLIC "-//W3C//DTD XHTML 1.0 Transitional//EN"
    "http://www.w3.org/TR/xhtml1/DTD/xhtml1-transitional.dtd">
<html xmlns="http://www.w3.org/1999/xhtml" xml:lang="en" lang="en">
 <head>
  <title>
</title>
<meta http-equiv="Content-Type" content="text/html;charset=utf-8" />
  <meta name='ocr-system' content='tesseract 3.04.00' />
  <meta name='ocr-capabilities' content='ocr_page ocr_carea ocr_par ocr_line ocrx_word'/>
</head>
<body>
  <div class='ocr_page' id='page_1' title='image "./actaarchivivene00sergoog_1017.png"; bbox 0 0 3230 5104; ppageno 0'>
   <div class='ocr_carea' id='block_1_1' title="bbox 1195 363 1263 430">
    <p class='ocr_par' dir='ltr' id='par_1_1' title="bbox 1195 363 1263 430">
     <span class='ocr_line' id='line_1_1' title="bbox 1195 363 1263 430; baseline -0.029 -1"><span class='ocrx_word' id='word_1_1' title='bbox 1195 363 1263 430; x_wconf 61' lang='lat' dir='ltr'><strong>dib</strong></span> 
     </span>
    </p>
   </div>
   <div class='ocr_carea' id='block_1_2' title="bbox 157 563 1345 3200">
    <p class='ocr_par' dir='ltr' id='par_1_2' title="bbox 165 563 1345 1878">
     <span class='ocr_line' id='line_1_2' title="bbox 242 563 1258 660; baseline 0.002 -12"><span class='ocrx_word' id='word_1_2' title='bbox 242 563 333 650; x_wconf 79' lang='lat' dir='ltr'><strong>&#39;Ad</strong></span> <span class='ocrx_word' id='word_1_3' title='bbox 374 571 632 660; x_wconf 89' lang='lat' dir='ltr'><strong>tertium,</strong></span> <span class='ocrx_word' id='word_1_4' title='bbox 686 569 1015 650; x_wconf 77' lang='lat' dir='ltr'><strong>dominationem</strong></span> <span class='ocrx_word' id='word_1_5' title='bbox 1072 577 1258 650; x_wconf 86' lang='lat' dir='ltr'><strong>nostram</strong></span> 
     </span>
     <span class='ocr_line' id='line_1_3' title="bbox 167 690 1258 794; baseline 0 -26"><span class='ocrx_word' id='word_1_6' title='bbox 167 714 248 768; x_wconf 90' lang='lat' dir='ltr'><strong>non</strong></span> <span class='ocrx_word' id='word_1_7' title='bbox 277 691 516 792; x_wconf 82' lang='lat' dir='ltr'><strong>intelligere</strong></span> <span class='ocrx_word' id='word_1_8' title='bbox 557 690 835 772; x_wconf 80' lang='lat' dir='ltr'><strong>differentiam</strong></span> <span class='ocrx_word' id='word_1_9' title='bbox 876 690 1057 793; x_wconf 87' lang='lat' dir='ltr'><strong>aliquam</strong></span> <span class='ocrx_word' id='word_1_10' title='bbox 1086 691 1135 770; x_wconf 91' lang='lat' dir='ltr'><strong>ad</strong></span> <span class='ocrx_word' id='word_1_11' title='bbox 1164 715 1258 794; x_wconf 90' lang='lat' dir='ltr'><strong>pre·</strong></span> 
     </span>
     <span class='ocr_line' id='line_1_4' title="bbox 166 811 1258 915; baseline 0.001 -28"><span class='ocrx_word' id='word_1_12' title='bbox 166 833 262 888; x_wconf 85' lang='lat' dir='ltr'><strong>sens</strong></span> <span class='ocrx_word' id='word_1_13' title='bbox 291 835 386 889; x_wconf 83' lang='lat' dir='ltr'><strong>esse</strong></span> <span class='ocrx_word' id='word_1_14' title='bbox 415 835 493 889; x_wconf 88' lang='lat' dir='ltr'><strong>nee</strong></span> <span class='ocrx_word' id='word_1_15' title='bbox 521 812 572 888; x_wconf 90' lang='lat' dir='ltr'><strong>de</strong></span> <span class='ocrx_word' id='word_1_16' title='bbox 594 813 691 910; x_wconf 85' lang='lat' dir='ltr'><strong>Jure</strong></span> <span class='ocrx_word' id='word_1_17' title='bbox 719 831 812 890; x_wconf 78' lang='lat' dir='ltr'><strong>esse</strong></span> <span class='ocrx_word' id='word_1_18' title='bbox 839 835 980 915; x_wconf 84' lang='lat' dir='ltr'><strong>posse,</strong></span> <span class='ocrx_word' id='word_1_19' title='bbox 1009 833 1102 889; x_wconf 86' lang='lat' dir='ltr'><strong>oum</strong></span> <span class='ocrx_word' id='word_1_20' title='bbox 1126 811 1258 890; x_wconf 87' lang='lat' dir='ltr'><strong>saline</strong></span> 
     </span>
     <span class='ocr_line' id='line_1_5' title="bbox 166 931 1256 1036; baseline 0 -29"><span class='ocrx_word' id='word_1_21' title='bbox 166 938 208 1008; x_wconf 89' lang='lat' dir='ltr'><strong>et</strong></span> <span class='ocrx_word' id='word_1_22' title='bbox 235 933 315 1010; x_wconf 84' lang='lat' dir='ltr'><strong>atie</strong></span> <span class='ocrx_word' id='word_1_23' title='bbox 337 931 666 1030; x_wconf 74' lang='lat' dir='ltr'><strong>jurisdictiones,</strong></span> <span class='ocrx_word' id='word_1_24' title='bbox 701 935 754 1012; x_wconf 91' lang='lat' dir='ltr'><strong>de</strong></span> <span class='ocrx_word' id='word_1_25' title='bbox 783 934 933 1036; x_wconf 87' lang='lat' dir='ltr'><strong>quibus</strong></span> <span class='ocrx_word' id='word_1_26' title='bbox 960 931 1256 1036; x_wconf 89' lang='lat' dir='ltr'><strong>superioribus</strong></span> 
     </span>
     <span class='ocr_line' id='line_1_6' title="bbox 166 1049 1259 1159; baseline -0.004 -30"><span class='ocrx_word' id='word_1_27' title='bbox 166 1053 378 1132; x_wconf 87' lang='lat' dir='ltr'><strong>mensibus</strong></span> <span class='ocrx_word' id='word_1_28' title='bbox 406 1053 701 1134; x_wconf 83' lang='lat' dir='ltr'><strong>controversie</strong></span> <span class='ocrx_word' id='word_1_29' title='bbox 727 1062 831 1144; x_wconf 88' lang='lat' dir='ltr'><strong>erat,</strong></span> <span class='ocrx_word' id='word_1_30' title='bbox 860 1059 1081 1159; x_wconf 87' lang='lat' dir='ltr'><strong>postquam</strong></span> <span class='ocrx_word' id='word_1_31' title='bbox 1124 1049 1259 1132; x_wconf 82' lang='lat' dir='ltr'><strong>eivi-</strong></span> 
     </span>
     <span class='ocr_line' id='line_1_7' title="bbox 167 1171 1260 1277; baseline -0.002 -28"><span class='ocrx_word' id='word_1_32' title='bbox 167 1179 252 1252; x_wconf 87' lang='lat' dir='ltr'><strong>tas</strong></span> <span class='ocrx_word' id='word_1_33' title='bbox 281 1171 352 1276; x_wconf 83' lang='lat' dir='ltr'><strong>Sp</strong></span> <span class='ocrx_word' id='word_1_34' title='bbox 369 1175 416 1252; x_wconf 94' lang='lat' dir='ltr'><strong>al</strong></span> <span class='ocrx_word' id='word_1_35' title='bbox 433 1199 456 1252; x_wconf 91' lang='lat' dir='ltr'><strong>e</strong></span> <span class='ocrx_word' id='word_1_36' title='bbox 473 1175 515 1253; x_wconf 90' lang='lat' dir='ltr'><strong>ti</strong></span> <span class='ocrx_word' id='word_1_37' title='bbox 543 1175 790 1256; x_wconf 81' lang='lat' dir='ltr'><strong>subditione</strong></span> <span class='ocrx_word' id='word_1_38' title='bbox 818 1174 952 1254; x_wconf 89' lang='lat' dir='ltr'><strong>nostri</strong></span> <span class='ocrx_word' id='word_1_39' title='bbox 967 1172 1140 1252; x_wconf 90' lang='lat' dir='ltr'><strong>dominii</strong></span> <span class='ocrx_word' id='word_1_40' title='bbox 1169 1194 1260 1277; x_wconf 88' lang='lat' dir='ltr'><strong>per·</strong></span> 
     </span>
     <span class='ocr_line' id='line_1_8' title="bbox 165 1290 1257 1394; baseline -0.001 -26"><span class='ocrx_word' id='word_1_41' title='bbox 165 1292 294 1380; x_wconf 89' lang='lat' dir='ltr'><strong>venit,</strong></span> <span class='ocrx_word' id='word_1_42' title='bbox 320 1290 493 1394; x_wconf 88' lang='lat' dir='ltr'><strong>pacifloe</strong></span> <span class='ocrx_word' id='word_1_43' title='bbox 511 1295 657 1372; x_wconf 88' lang='lat' dir='ltr'><strong>etsine</strong></span> <span class='ocrx_word' id='word_1_44' title='bbox 685 1293 807 1372; x_wconf 84' lang='lat' dir='ltr'><strong>ultius</strong></span> <span class='ocrx_word' id='word_1_45' title='bbox 833 1293 1135 1374; x_wconf 81' lang='lat' dir='ltr'><strong>molestatione</strong></span> <span class='ocrx_word' id='word_1_46' title='bbox 1162 1315 1257 1394; x_wconf 86' lang='lat' dir='ltr'><strong>pos·</strong></span> 
     </span>
     <span class='ocr_line' id='line_1_9' title="bbox 166 1412 1257 1518; baseline 0.002 -30"><span class='ocrx_word' id='word_1_47' title='bbox 166 1435 282 1490; x_wconf 86' lang='lat' dir='ltr'><strong>sesse</strong></span> <span class='ocrx_word' id='word_1_48' title='bbox 310 1412 490 1506; x_wconf 84' lang='lat' dir='ltr'><strong>fuerunt,</strong></span> <span class='ocrx_word' id='word_1_49' title='bbox 519 1422 561 1492; x_wconf 93' lang='lat' dir='ltr'><strong>et</strong></span> <span class='ocrx_word' id='word_1_50' title='bbox 589 1416 687 1495; x_wconf 89' lang='lat' dir='ltr'><strong>ideo</strong></span> <span class='ocrx_word' id='word_1_51' title='bbox 717 1442 800 1494; x_wconf 90' lang='lat' dir='ltr'><strong>nou</strong></span> <span class='ocrx_word' id='word_1_52' title='bbox 831 1441 928 1494; x_wconf 91' lang='lat' dir='ltr'><strong>esse</strong></span> <span class='ocrx_word' id='word_1_53' title='bbox 969 1440 1074 1518; x_wconf 88' lang='lat' dir='ltr'><strong>opus</strong></span> <span class='ocrx_word' id='word_1_54' title='bbox 1114 1412 1257 1518; x_wconf 83' lang='lat' dir='ltr'><strong>aliqui·</strong></span> 
     </span>
     <span class='ocr_line' id='line_1_10' title="bbox 167 1533 1256 1638; baseline 0.001 -29"><span class='ocrx_word' id='word_1_55' title='bbox 167 1533 242 1610; x_wconf 87' lang='lat' dir='ltr'><strong>bus</strong></span> <span class='ocrx_word' id='word_1_56' title='bbox 281 1534 668 1638; x_wconf 73' lang='lat' dir='ltr'><strong>compositoribus,</strong></span> <span class='ocrx_word' id='word_1_57' title='bbox 709 1535 901 1637; x_wconf 89' lang='lat' dir='ltr'><strong>quoniam</strong></span> <span class='ocrx_word' id='word_1_58' title='bbox 942 1544 1156 1636; x_wconf 89' lang='lat' dir='ltr'><strong>tamquam</strong></span> <span class='ocrx_word' id='word_1_59' title='bbox 1187 1557 1256 1614; x_wconf 88' lang='lat' dir='ltr'><strong>res</strong></span> 
     </span>
     <span class='ocr_line' id='line_1_11' title="bbox 167 1655 1345 1758; baseline 0 -28"><span class='ocrx_word' id='word_1_60' title='bbox 167 1658 332 1733; x_wconf 83' lang='lat' dir='ltr'><strong>nostras</strong></span> <span class='ocrx_word' id='word_1_61' title='bbox 361 1657 412 1732; x_wconf 89' lang='lat' dir='ltr'><strong>ab</strong></span> <span class='ocrx_word' id='word_1_62' title='bbox 442 1679 496 1732; x_wconf 89' lang='lat' dir='ltr'><strong>eo</strong></span> <span class='ocrx_word' id='word_1_63' title='bbox 525 1664 719 1756; x_wconf 87' lang='lat' dir='ltr'><strong>tempore</strong></span> <span class='ocrx_word' id='word_1_64' title='bbox 761 1679 889 1757; x_wconf 87' lang='lat' dir='ltr'><strong>usque</strong></span> <span class='ocrx_word' id='word_1_65' title='bbox 916 1655 966 1734; x_wconf 91' lang='lat' dir='ltr'><strong>ad</strong></span> <span class='ocrx_word' id='word_1_66' title='bbox 994 1678 1170 1758; x_wconf 88' lang='lat' dir='ltr'><strong>presens</strong></span> <span class='ocrx_word' id='word_1_67' title='bbox 1202 1657 1257 1731; x_wconf 91' lang='lat' dir='ltr'><strong>iu·</strong></span> <span class='ocrx_word' id='word_1_68' title='bbox 1342 1666 1345 1673; x_wconf 79' lang='grc'>’</span> 
     </span>
     <span class='ocr_line' id='line_1_12' title="bbox 165 1771 1255 1878; baseline 0 -30"><span class='ocrx_word' id='word_1_69' title='bbox 165 1771 297 1852; x_wconf 80' lang='lat' dir='ltr'><strong>ridica</strong></span> <span class='ocrx_word' id='word_1_70' title='bbox 326 1796 559 1878; x_wconf 86' lang='lat' dir='ltr'><strong>possessas,</strong></span> <span class='ocrx_word' id='word_1_71' title='bbox 599 1777 765 1877; x_wconf 88' lang='lat' dir='ltr'><strong>penitus</strong></span> <span class='ocrx_word' id='word_1_72' title='bbox 806 1781 954 1856; x_wconf 90' lang='lat' dir='ltr'><strong>tenere</strong></span> <span class='ocrx_word' id='word_1_73' title='bbox 993 1773 1255 1854; x_wconf 81' lang='lat' dir='ltr'><strong>intendimus.</strong></span> 
     </span>
    </p>

    <p class='ocr_par' dir='ltr' id='par_1_3' title="bbox 163 1893 1261 2722">
     <span class='ocr_line' id='line_1_13' title="bbox 268 1893 1253 1997; baseline -0.001 -25"><span class='ocrx_word' id='word_1_74' title='bbox 268 1893 330 1972; x_wconf 80' lang='lat' dir='ltr'><strong>Ad</strong></span> <span class='ocrx_word' id='word_1_75' title='bbox 359 1921 385 1997; x_wconf 94' lang='lat' dir='ltr'>q</span> <span class='ocrx_word' id='word_1_76' title='bbox 403 1921 428 1970; x_wconf 95' lang='lat' dir='ltr'><strong>u</strong></span> <span class='ocrx_word' id='word_1_77' title='bbox 444 1919 467 1973; x_wconf 86' lang='lat' dir='ltr'><strong>a</strong></span> <span class='ocrx_word' id='word_1_78' title='bbox 483 1920 504 1971; x_wconf 92' lang='lat' dir='ltr'><strong>r</strong></span> <span class='ocrx_word' id='word_1_79' title='bbox 519 1902 534 1972; x_wconf 95' lang='lat' dir='ltr'><strong>t</strong></span> <span class='ocrx_word' id='word_1_80' title='bbox 549 1919 627 1973; x_wconf 92' lang='lat' dir='ltr'><strong>am</strong></span> <span class='ocrx_word' id='word_1_81' title='bbox 643 1953 653 1982; x_wconf 89' lang='lat'><strong>,</strong></span> <span class='ocrx_word' id='word_1_82' title='bbox 692 1896 1021 1976; x_wconf 78' lang='lat' dir='ltr'><strong>dominationem</strong></span> <span class='ocrx_word' id='word_1_83' title='bbox 1064 1903 1253 1974; x_wconf 84' lang='lat' dir='ltr'><strong>nostram</strong></span> 
     </span>
     <span class='ocr_line' id='line_1_14' title="bbox 164 2012 1258 2096; baseline 0.002 -4"><span class='ocrx_word' id='word_1_84' title='bbox 164 2013 214 2092; x_wconf 89' lang='lat' dir='ltr'><strong>ad</strong></span> <span class='ocrx_word' id='word_1_85' title='bbox 244 2012 433 2094; x_wconf 83' lang='lat' dir='ltr'><strong>civitates</strong></span> <span class='ocrx_word' id='word_1_86' title='bbox 459 2021 502 2094; x_wconf 90' lang='lat' dir='ltr'><strong>et</strong></span> <span class='ocrx_word' id='word_1_87' title='bbox 529 2016 621 2092; x_wconf 84' lang='lat' dir='ltr'><strong>ioca</strong></span> <span class='ocrx_word' id='word_1_88' title='bbox 649 2041 721 2093; x_wconf 88' lang='lat' dir='ltr'><strong>sua</strong></span> <span class='ocrx_word' id='word_1_89' title='bbox 749 2015 978 2096; x_wconf 87' lang='lat' dir='ltr'><strong>Dalmatiae</strong></span> <span class='ocrx_word' id='word_1_90' title='bbox 1003 2015 1258 2094; x_wconf 89' lang='lat' dir='ltr'><strong>munitiones</strong></span> 
     </span>
     <span class='ocr_line' id='line_1_15' title="bbox 164 2131 1252 2238; baseline 0.001 -28"><span class='ocrx_word' id='word_1_91' title='bbox 164 2131 328 2212; x_wconf 78' lang='lat' dir='ltr'><strong>misisse</strong></span> <span class='ocrx_word' id='word_1_92' title='bbox 355 2142 397 2211; x_wconf 88' lang='lat' dir='ltr'><strong>et</strong></span> <span class='ocrx_word' id='word_1_93' title='bbox 423 2137 592 2212; x_wconf 88' lang='lat' dir='ltr'><strong>mittere</strong></span> <span class='ocrx_word' id='word_1_94' title='bbox 620 2159 701 2238; x_wconf 89' lang='lat' dir='ltr'><strong>pro</strong></span> <span class='ocrx_word' id='word_1_95' title='bbox 732 2137 961 2215; x_wconf 88' lang='lat' dir='ltr'><strong>munitione</strong></span> <span class='ocrx_word' id='word_1_96' title='bbox 990 2157 1252 2222; x_wconf 90' lang='lat' dir='ltr'><strong>eorum,non</strong></span> 
     </span>
     <span class='ocr_line' id='line_1_16' title="bbox 164 2252 1254 2354; baseline 0 -25"><span class='ocrx_word' id='word_1_97' title='bbox 164 2275 259 2330; x_wconf 83' lang='lat' dir='ltr'><strong>esse</strong></span> <span class='ocrx_word' id='word_1_98' title='bbox 292 2252 496 2354; x_wconf 78' lang='lat' dir='ltr'><strong>possibile</strong></span> <span class='ocrx_word' id='word_1_99' title='bbox 538 2253 598 2332; x_wconf 89' lang='lat' dir='ltr'><strong>eis</strong></span> <span class='ocrx_word' id='word_1_100' title='bbox 626 2253 723 2333; x_wconf 86' lang='lat' dir='ltr'><strong>inde</strong></span> <span class='ocrx_word' id='word_1_101' title='bbox 750 2254 1016 2345; x_wconf 56' lang='lat' dir='ltr'><strong>satisfacere</strong></span> <span class='ocrx_word' id='word_1_102' title='bbox 1045 2277 1192 2332; x_wconf 83' lang='lat' dir='ltr'><strong>verum</strong></span> <span class='ocrx_word' id='word_1_103' title='bbox 1218 2253 1254 2332; x_wconf 88' lang='lat' dir='ltr'><strong>si</strong></span> 
     </span>
     <span class='ocr_line' id='line_1_17' title="bbox 163 2367 1261 2460; baseline 0.004 -12"><span class='ocrx_word' id='word_1_104' title='bbox 163 2395 218 2448; x_wconf 85' lang='lat' dir='ltr'><strong>ex</strong></span> <span class='ocrx_word' id='word_1_105' title='bbox 242 2373 324 2451; x_wconf 85' lang='lat' dir='ltr'><strong>bae</strong></span> <span class='ocrx_word' id='word_1_106' title='bbox 347 2381 492 2454; x_wconf 91' lang='lat' dir='ltr'><strong>nostra</strong></span> <span class='ocrx_word' id='word_1_107' title='bbox 520 2376 791 2456; x_wconf 86' lang='lat' dir='ltr'><strong>Venetiarum</strong></span> <span class='ocrx_word' id='word_1_108' title='bbox 821 2377 989 2460; x_wconf 85' lang='lat' dir='ltr'><strong>civitate</strong></span> <span class='ocrx_word' id='word_1_109' title='bbox 1004 2367 1261 2454; x_wconf 84' lang='lat' dir='ltr'><strong>munitiones</strong></span> 
     </span>
     <span class='ocr_line' id='line_1_18' title="bbox 165 2492 1257 2594; baseline 0.002 -24"><span class='ocrx_word' id='word_1_110' title='bbox 165 2492 324 2594; x_wconf 86' lang='lat' dir='ltr'><strong>aliquas</strong></span> <span class='ocrx_word' id='word_1_111' title='bbox 353 2496 579 2574; x_wconf 76' lang='lat' dir='ltr'><strong>extrahere</strong></span> <span class='ocrx_word' id='word_1_112' title='bbox 606 2497 847 2588; x_wconf 52' lang='lat' dir='ltr'><strong>voluerint„</strong></span> <span class='ocrx_word' id='word_1_113' title='bbox 867 2499 1025 2577; x_wconf 87' lang='lat' dir='ltr'><strong>orimus</strong></span> <span class='ocrx_word' id='word_1_114' title='bbox 1066 2493 1257 2578; x_wconf 86' lang='lat' dir='ltr'><strong>contenti</strong></span> 
     </span>
     <span class='ocr_line' id='line_1_19' title="bbox 167 2611 1077 2722; baseline 0.004 -34"><span class='ocrx_word' id='word_1_115' title='bbox 167 2611 279 2713; x_wconf 89' lang='lat' dir='ltr'><strong>quod</strong></span> <span class='ocrx_word' id='word_1_116' title='bbox 306 2635 379 2692; x_wconf 88' lang='lat' dir='ltr'><strong>eas</strong></span> <span class='ocrx_word' id='word_1_117' title='bbox 407 2638 552 2693; x_wconf 88' lang='lat' dir='ltr'><strong>amere</strong></span> <span class='ocrx_word' id='word_1_118' title='bbox 579 2623 622 2694; x_wconf 89' lang='lat' dir='ltr'><strong>et</strong></span> <span class='ocrx_word' id='word_1_119' title='bbox 649 2618 876 2695; x_wconf 72' lang='lat' dir='ltr'><strong>extrahere</strong></span> <span class='ocrx_word' id='word_1_120' title='bbox 902 2617 1077 2722; x_wconf 84' lang='lat' dir='ltr'><strong>possint.</strong></span> 
     </span>
    </p>

    <p class='ocr_par' dir='ltr' id='par_1_4' title="bbox 157 2733 1294 3200">
     <span class='ocr_line' id='line_1_20' title="bbox 266 2733 1255 2838; baseline 0 -26"><span class='ocrx_word' id='word_1_121' title='bbox 266 2733 491 2815; x_wconf 82' lang='lat' dir='ltr'><strong>Postremo</strong></span> <span class='ocrx_word' id='word_1_122' title='bbox 541 2736 591 2814; x_wconf 87' lang='lat' dir='ltr'><strong>ab</strong></span> <span class='ocrx_word' id='word_1_123' title='bbox 633 2737 737 2838; x_wconf 86' lang='lat' dir='ltr'><strong>ipsis</strong></span> <span class='ocrx_word' id='word_1_124' title='bbox 792 2738 1032 2818; x_wconf 86' lang='lat' dir='ltr'><strong>oratoribus</strong></span> <span class='ocrx_word' id='word_1_125' title='bbox 1086 2741 1255 2838; x_wconf 85' lang='lat' dir='ltr'><strong>petatur</strong></span> 
     </span>
     <span class='ocr_line' id='line_1_21' title="bbox 165 2845 1294 2960; baseline 0.002 -28"><span class='ocrx_word' id='word_1_126' title='bbox 165 2857 279 2956; x_wconf 89' lang='lat' dir='ltr'><strong>quud</strong></span> <span class='ocrx_word' id='word_1_127' title='bbox 306 2857 389 2934; x_wconf 76' lang='lat' dir='ltr'><strong>dare</strong></span> <span class='ocrx_word' id='word_1_128' title='bbox 428 2851 528 2934; x_wconf 83' lang='lat' dir='ltr'><strong>ville</strong></span> <span class='ocrx_word' id='word_1_129' title='bbox 557 2879 637 2959; x_wconf 87' lang='lat' dir='ltr'><strong>per</strong></span> <span class='ocrx_word' id='word_1_130' title='bbox 674 2845 810 2959; x_wconf 75' lang='lat' dir='ltr'><strong>ipsum</strong></span> <span class='ocrx_word' id='word_1_131' title='bbox 850 2861 1001 2936; x_wconf 88' lang='lat' dir='ltr'><strong>banum</strong></span> <span class='ocrx_word' id='word_1_132' title='bbox 1032 2863 1256 2960; x_wconf 79' lang='lat' dir='ltr'><strong>occupate,</strong></span> <span class='ocrx_word' id='word_1_133' title='bbox 1291 2868 1294 2876; x_wconf 84' lang='lat'>&#39;</span> 
     </span>
     <span class='ocr_line' id='line_1_22' title="bbox 157 2973 1261 3072; baseline 0 -20"><span class='ocrx_word' id='word_1_134' title='bbox 157 2973 474 3072; x_wconf 74' lang='lat' dir='ltr'><strong>jurisdictionis</strong></span> <span class='ocrx_word' id='word_1_135' title='bbox 503 2975 782 3056; x_wconf 85' lang='lat' dir='ltr'><strong>civitatis</strong></span> <span class='ocrx_word' id='word_1_136' title='bbox 822 2985 1074 3054; x_wconf 89' lang='lat' dir='ltr'><strong>nostrae</strong></span> <span class='ocrx_word' id='word_1_137' title='bbox 1116 2975 1261 3054; x_wconf 83' lang='lat' dir='ltr'><strong>Sibi·</strong></span> 
     </span>
     <span class='ocr_line' id='line_1_23' title="bbox 168 3095 1257 3200; baseline 0.001 -30"><span class='ocrx_word' id='word_1_138' title='bbox 168 3095 307 3188; x_wconf 86' lang='lat' dir='ltr'><strong>uici,</strong></span> <span class='ocrx_word' id='word_1_139' title='bbox 332 3097 375 3174; x_wconf 93' lang='lat' dir='ltr'><strong>in</strong></span> <span class='ocrx_word' id='word_1_140' title='bbox 403 3121 483 3176; x_wconf 91' lang='lat' dir='ltr'><strong>una</strong></span> <span class='ocrx_word' id='word_1_141' title='bbox 511 3121 687 3199; x_wconf 88' lang='lat' dir='ltr'><strong>quarum</strong></span> <span class='ocrx_word' id='word_1_142' title='bbox 734 3101 823 3176; x_wconf 86' lang='lat' dir='ltr'><strong>erat</strong></span> <span class='ocrx_word' id='word_1_143' title='bbox 864 3099 1073 3200; x_wconf 90' lang='lat' dir='ltr'><strong>quondam</strong></span> <span class='ocrx_word' id='word_1_144' title='bbox 1115 3096 1257 3176; x_wconf 82' lang='lat' dir='ltr'><strong>castei-</strong></span> 
     </span>
    </p>
   </div>
   <div class='ocr_carea' id='block_1_3' title="bbox 9 3214 1259 3320">
    <p class='ocr_par' dir='ltr' id='par_1_5' title="bbox 9 3214 1259 3320">
     <span class='ocr_line' id='line_1_24' title="bbox 9 3214 1259 3320; baseline 0.002 -30"><span class='ocrx_word' id='word_1_145' title='bbox 9 3265 15 3278; x_wconf 85' lang='lat'>·</span> <span class='ocrx_word' id='word_1_146' title='bbox 170 3215 253 3308; x_wconf 87' lang='lat' dir='ltr'><strong>ium</strong></span> <span class='ocrx_word' id='word_1_147' title='bbox 281 3238 420 3304; x_wconf 75' lang='lat' dir='ltr'><strong>arnum,</strong></span> <span class='ocrx_word' id='word_1_148' title='bbox 449 3240 534 3319; x_wconf 89' lang='lat' dir='ltr'><strong>quo</strong></span> <span class='ocrx_word' id='word_1_149' title='bbox 564 3217 720 3296; x_wconf 88' lang='lat' dir='ltr'><strong>multae</strong></span> <span class='ocrx_word' id='word_1_150' title='bbox 748 3216 955 3296; x_wconf 84' lang='lat' dir='ltr'><strong>novitates</strong></span> <span class='ocrx_word' id='word_1_151' title='bbox 984 3216 1065 3320; x_wconf 84' lang='lat' dir='ltr'><strong>ipsi</strong></span> <span class='ocrx_word' id='word_1_152' title='bbox 1102 3214 1259 3295; x_wconf 82' lang='lat' dir='ltr'><strong>civitati</strong></span> 
     </span>
    </p>
   </div>
   <div class='ocr_carea' id='block_1_4' title="bbox 169 3335 1264 3804">
    <p class='ocr_par' dir='ltr' id='par_1_6' title="bbox 169 3335 1261 3434">
     <span class='ocr_line' id='line_1_25' title="bbox 169 3335 1261 3434; baseline -0.002 -20"><span class='ocrx_word' id='word_1_153' title='bbox 169 3341 340 3416; x_wconf 86' lang='lat' dir='ltr'><strong>nostrae</strong></span> <span class='ocrx_word' id='word_1_154' title='bbox 367 3335 691 3430; x_wconf 84' lang='lat' dir='ltr'><strong>inferrebantur‚</strong></span> <span class='ocrx_word' id='word_1_155' title='bbox 718 3339 797 3415; x_wconf 91' lang='lat' dir='ltr'><strong>sub</strong></span> <span class='ocrx_word' id='word_1_156' title='bbox 824 3337 937 3416; x_wconf 88' lang='lat' dir='ltr'><strong>illius</strong></span> <span class='ocrx_word' id='word_1_157' title='bbox 968 3337 1261 3434; x_wconf 82' lang='lat' dir='ltr'><strong>jurisdictione</strong></span> 
     </span>
    </p>

    <p class='ocr_par' dir='ltr' id='par_1_7' title="bbox 169 3456 1261 3558">
     <span class='ocr_line' id='line_1_26' title="bbox 169 3456 1261 3558; baseline 0.001 -23"><span class='ocrx_word' id='word_1_158' title='bbox 169 3462 454 3558; x_wconf 84' lang='lat' dir='ltr'><strong>permaneant,</strong></span> <span class='ocrx_word' id='word_1_159' title='bbox 481 3481 532 3536; x_wconf 88' lang='lat' dir='ltr'><strong>ae</strong></span> <span class='ocrx_word' id='word_1_160' title='bbox 553 3457 826 3538; x_wconf 83' lang='lat' dir='ltr'><strong>restituantur</strong></span> <span class='ocrx_word' id='word_1_161' title='bbox 852 3456 1097 3536; x_wconf 84' lang='lat' dir='ltr'><strong>fidelissimo</strong></span> <span class='ocrx_word' id='word_1_162' title='bbox 1112 3463 1261 3536; x_wconf 77' lang='lat' dir='ltr'><strong>nostro</strong></span> 
     </span>
    </p>

    <p class='ocr_par' dir='ltr' id='par_1_8' title="bbox 170 3577 1264 3804">
     <span class='ocr_line' id='line_1_27' title="bbox 170 3577 1058 3680; baseline 0 -25"><span class='ocrx_word' id='word_1_163' title='bbox 170 3577 423 3680; x_wconf 82' lang='lat' dir='ltr'><strong>Gaspari</strong></span> <span class='ocrx_word' id='word_1_164' title='bbox 457 3577 762 3670; x_wconf 80' lang='lat' dir='ltr'><strong>durisioh,</strong></span> <span class='ocrx_word' id='word_1_165' title='bbox 803 3581 922 3659; x_wconf 86' lang='lat' dir='ltr'><strong>ouius</strong></span> <span class='ocrx_word' id='word_1_166' title='bbox 950 3587 1058 3658; x_wconf 86' lang='lat' dir='ltr'><strong>sunt.</strong></span> 
     </span>
     <span class='ocr_line' id='line_1_28' title="bbox 272 3697 1264 3804; baseline 0.003 -29"><span class='ocrx_word' id='word_1_167' title='bbox 272 3697 450 3802; x_wconf 84' lang='lat' dir='ltr'><strong>Insuper</strong></span> <span class='ocrx_word' id='word_1_168' title='bbox 476 3707 643 3804; x_wconf 85' lang='lat' dir='ltr'><strong>petatur</strong></span> <span class='ocrx_word' id='word_1_169' title='bbox 682 3701 893 3778; x_wconf 88' lang='lat' dir='ltr'><strong>restitutio</strong></span> <span class='ocrx_word' id='word_1_170' title='bbox 934 3697 1122 3778; x_wconf 85' lang='lat' dir='ltr'><strong>viliorum</strong></span> <span class='ocrx_word' id='word_1_171' title='bbox 1164 3699 1264 3778; x_wconf 78' lang='lat' dir='ltr'><strong>noe·</strong></span> 
     </span>
    </p>
   </div>
   <div class='ocr_carea' id='block_1_5' title="bbox 171 3817 1412 3924">
    <p class='ocr_par' dir='ltr' id='par_1_9' title="bbox 171 3817 1412 3924">
     <span class='ocr_line' id='line_1_29' title="bbox 171 3817 1412 3924; baseline -0.002 -27"><span class='ocrx_word' id='word_1_172' title='bbox 171 3821 316 3900; x_wconf 81' lang='lat' dir='ltr'><strong>tissimi</strong></span> <span class='ocrx_word' id='word_1_173' title='bbox 344 3821 479 3899; x_wconf 85' lang='lat' dir='ltr'><strong>nostri</strong></span> <span class='ocrx_word' id='word_1_174' title='bbox 512 3821 895 3902; x_wconf 84' lang='lat' dir='ltr'><strong>Hemauuelis</strong></span> <span class='ocrx_word' id='word_1_175' title='bbox 938 3817 1153 3917; x_wconf 70' lang='lat' dir='ltr'><strong>(lutati,</strong></span> <span class='ocrx_word' id='word_1_176' title='bbox 1181 3843 1261 3924; x_wconf 86' lang='lat' dir='ltr'><strong>per</strong></span> <span class='ocrx_word' id='word_1_177' title='bbox 1407 3835 1412 3854; x_wconf 83' lang='lat'><strong><em>¹</em></strong></span> 
     </span>
    </p>
   </div>
   <div class='ocr_carea' id='block_1_6' title="bbox 170 3939 1257 4166">
    <p class='ocr_par' dir='ltr' id='par_1_10' title="bbox 170 3939 1257 4166">
     <span class='ocr_line' id='line_1_30' title="bbox 170 3939 1045 4044; baseline -0.001 -27"><span class='ocrx_word' id='word_1_178' title='bbox 170 3941 302 4044; x_wconf 83' lang='lat' dir='ltr'><strong>ipsum</strong></span> <span class='ocrx_word' id='word_1_179' title='bbox 333 3939 485 4019; x_wconf 92' lang='lat' dir='ltr'><strong>banum</strong></span> <span class='ocrx_word' id='word_1_180' title='bbox 513 3939 699 4018; x_wconf 84' lang='lat' dir='ltr'><strong>indebite</strong></span> <span class='ocrx_word' id='word_1_181' title='bbox 728 3942 1045 4042; x_wconf 83' lang='lat' dir='ltr'><strong>occupatarum.</strong></span> 
     </span>
     <span class='ocr_line' id='line_1_31' title="bbox 272 4058 1257 4166; baseline -0.002 -27"><span class='ocrx_word' id='word_1_182' title='bbox 272 4061 475 4143; x_wconf 87' lang='lat' dir='ltr'><strong>Preterea</strong></span> <span class='ocrx_word' id='word_1_183' title='bbox 527 4068 694 4166; x_wconf 86' lang='lat' dir='ltr'><strong>petatur</strong></span> <span class='ocrx_word' id='word_1_184' title='bbox 735 4058 939 4138; x_wconf 76' lang='lat' dir='ltr'><strong>relaxatio</strong></span> <span class='ocrx_word' id='word_1_185' title='bbox 982 4058 1257 4161; x_wconf 84' lang='lat' dir='ltr'><strong>captivo·</strong></span> 
     </span>
    </p>
   </div>
   <div class='ocr_carea' id='block_1_7' title="bbox 172 4179 1255 4368">
    <p class='ocr_par' dir='ltr' id='par_1_11' title="bbox 172 4179 1255 4368">
     <span class='ocr_line' id='line_1_32' title="bbox 172 4179 1255 4368; baseline -0.006 -105"><span class='ocrx_word' id='word_1_186' title='bbox 172 4209 286 4264; x_wconf 91' lang='lat' dir='ltr'><strong>rum</strong></span> <span class='ocrx_word' id='word_1_187' title='bbox 327 4188 392 4264; x_wconf 89' lang='lat' dir='ltr'><strong>de</strong></span> <span class='ocrx_word' id='word_1_188' title='bbox 433 4183 638 4263; x_wconf 81' lang='lat' dir='ltr'><strong>Potina</strong></span> <span class='ocrx_word' id='word_1_189' title='bbox 688 4186 942 4288; x_wconf 85' lang='lat' dir='ltr'><strong>peripsum</strong></span> <span class='ocrx_word' id='word_1_190' title='bbox 992 4179 1143 4368; x_wconf 53' lang='lat' dir='ltr'><strong>ignum</strong></span> <span class='ocrx_word' id='word_1_191' title='bbox 1194 4204 1255 4256; x_wconf 90' lang='lat' dir='ltr'><strong>re·</strong></span> 
     </span>
    </p>
   </div>
   <div class='ocr_carea' id='block_1_8' title="bbox 0 0 1620 5104">
    <p class='ocr_par' dir='ltr' id='par_1_12' title="bbox 0 0 1620 5104">
     <span class='ocr_line' id='line_1_33' title="bbox 0 0 1620 5104; baseline 0 1"><span class='ocrx_word' id='word_1_192' title='bbox 0 0 1620 5104; x_wconf 95' lang='lat' dir='ltr'><strong> </strong></span> 
     </span>
    </p>
   </div>
  </div>
 </body>
</html>
