3206 5110
356 391 423 482 ut
465 335 493 366 ”
593 325 618 476 ⁴.

463 621 718 724 Accepimus
747 643 882 724 nuper
909 617 1054 700 lelanti
1085 617 1221 699 animo
1250 628 1292 698 et
1328 617 1450 700 liben-

361 749 424 818 ter
458 741 691 818 audivimus
734 739 878 818 literas
920 745 1087 818 restrae
1123 737 1373 828 maiestatis;
1414 739 1453 816 in

361 859 510 963 quibus
554 862 661 941 laeta
704 862 921 940 mentione
962 863 1016 939 dt
1055 885 1184 964 prava
1222 859 1454 940 intentione

360 979 762 1074 Turchorum‚
809 979 1016 1080 significat
1056 987 1196 1058 vestra
1238 981 1456 1070 serenitas

250 1195 253 1203 1
361 1101 572 1205 promissa
598 1102 698 1206 hino
723 1101 822 1180 inde
837 1127 921 1180 non
939 1101 1034 1180 lore
1050 1103 1347 1206 postponenda
1361 1117 1456 1202 ymo

361 1223 588 1327 servanda3
617 1223 768 1326 quibus
796 1221 1021 1304 intellectis
1051 1223 1381 1325 respondemus3
1416 1229 1459 1298 'et

252 1337 256 1350 '
363 1341 502 1453 primo
533 1345 583 1422 od
610 1351 774 1451 partem
804 1344 1072 1426 novitatis
1099 1341 1460 1430 Tarchorum,

363 1467 476 1570 quod
506 1469 624 1568 certe
651 1465 762 1546 illam
792 1465 1026 1544 audivimus
1050 1465 1337 1568 displicentem
1366 1487 1458 1542 nam

364 1589 416 1666 de
444 1587 693 1665 celsitudine
735 1594 778 1666 et
805 1593 914 1666 statu
941 1585 1094 1667 vestris
1137 1595 1331 1689 optamus
1362 1612 1458 1666 con·

364 1707 478 1784 tinne
506 1707 665 1784 sentire
693 1715 735 1785 et
763 1707 908 1786 audire
938 1707 1080 1804 idmet,
1111 1709 1225 1810 quod
1255 1707 1307 1784 de
1335 1705 1460 1785 nobis

365 1837 408 1906 et
435 1835 543 1907 statu
572 1839 723 1908 nostro
752 1829 930 1931 proprio
958 1827 1107 1908 videre
1136 1836 1178 1905 et
1204 1824 1461 1908 huberevel-

365 1951 520 2034 lomus,
550 1953 770 2053 sperantes
788 1939 907 2030 'duce
936 1950 1134 2050 domino,
1164 1949 1461 2028 excellentiam

364 2079 548 2150 vestram
577 2070 950 2176 sapientissimam,
987 2071 1182 2174 pmvilati
1209 2095 1363 2150 eorum
1394 2098 1463 2176 op·

364 2202 548 2298 portune
564 2192 817 2296 providisse,
834 2196 946 2276 etita
962 2196 1003 2272 in
1020 2201 1237 2296 posterum
1253 2191 1463 2273 sufficien-

365 2317 433 2392 ter
476 2321 518 2390 et
558 2311 665 2390 bene
706 2314 986 2418 provisuram.
1038 2314 1101 2396 Ad
1132 2321 1294 2417 partem
1323 2321 1463 2392 aute'm

367 2431 419 2509 de
447 2433 671 2534 promissis
698 2433 917 2514 servandis
944 2441 988 2510 ct
1016 2441 1096 2514 cet.
1125 2433 1322 2524 dicimus,
1350 2433 1465 2536 qnod
1580 2437 1581 2442 ‘

368 2556 541 2656 accepta
569 2578 648 2656 per
678 2559 798 2658 antea
816 2554 993 2654 quadam
1023 2551 1146 2656 copia
1162 2555 1282 2631 unius
1298 2553 1465 2633 litterae

367 2679 536 2786 vestrae
552 2672 822 2764 celsitudinis,
850 2673 1002 2752 missae
1028 2697 1107 2776 per
1135 2673 1245 2752 illam
1274 2673 1365 2752 viro
1394 2687 1466 2751 no·

369 2791 443 2870 bili
469 2791 700 2872 daeobo
730 2793 969 2894 Georgio
998 2795 1142 2880 comiti
1170 2803 1319 2874 nostro
1349 2793 1467 2872 Tra·

369 2911 532 3012 gorii,
572 2935 651 3016 per
678 2937 805 3016 quam
827 2913 1038 2990 ‘serenitas
1067 2921 1206 2992 vestra
1242 2914 1366 2994 nobis
1394 2939 1466 2994 no·

370 3039 508 3146 ticiam
537 3041 733 3141 praebuit
763 3040 817 3117 ob
834 3061 1029 3136 guerram
1045 3039 1331 3118 etnovitatem
1346 3037 1469 3115 Tur·

268 3255 271 3262 ¹
372 3156 612 3248 chorum,
644 3157 886 3260 nequivisse
914 3155 965 3232 ad
997 3165 1162 3259 tempus
1190 3162 1390 3236 statutum
1404 3156 1470 3234 nd·

370 3277 546 3379 implere
574 3281 808 3384 promissa,
850 3276 1084 3378 destitimus
1111 3277 1317 3381 prosequi
1345 3277 1469 3356 etiam

270 3393 274 3404 '
370 3421 449 3476 nos
477 3397 593 3494 dictan
617 3421 768 3488 causa,
813 3404 856 3475 et
896 3397 1189 3500 adpraesens
1230 3399 1353 3476 nobis
1387 3421 1469 3476 non

372 3525 547 3625 apparet
573 3529 739 3628 tempus
769 3519 909 3600 habile
947 3519 998 3597 ad
1025 3523 1243 3619 negotium
1280 3519 1469 3622 praedio·

372 3640 481 3724 tum,
509 3641 645 3742 parati
674 3639 856 3718 letanter
883 3640 934 3717 ad
964 3639 1470 3748 quaecuuqueexcellen·

373 3757 457 3834 tiae
484 3765 652 3837 vestrae
675 3767 797 3860 'grata
824 3765 869 3836 'et
897 3755 1073 3860 adc'epta
1103 3767 1146 3836 et
1174 3763 1288 3838 bono
1319 3760 1471 3836 animo.

659 3947 764 4013 secr.
788 3967 892 4014 cons.
910 3948 1034 4034 rogat.
1053 3945 1129 4012 nih.
1157 3947 1249 4012 Vlll.
1274 3947 1332 4012 ch.
1358 3947 1430 4012 158.
