3230 5104
308 357 374 426 546
409 316 419 328 .

318 641 320 646 .
414 557 1415 658 NicolausMarcelluslieigratiadux

310 683 584 760 Venetiarum
614 689 655 758 et
672 688 751 758 cet.
805 675 1015 756 Universis
1043 689 1085 756 et
1112 677 1304 777 singulis.
1331 684 1419 755 tam

312 802 460 881 amicis
477 825 600 904 quam
625 799 822 880 fidelibus
837 807 879 877 et
907 805 988 876 tam
1006 795 1276 900 presentibus
1292 821 1417 899 quam

316 919 477 1012 tuturis,
504 943 682 1024 presens
711 918 975 1022 privilegium
1011 918 1278 1020 inspecturis.
1311 917 1420 996 salu·

315 1043 400 1119 tem
431 1047 473 1118 et
500 1038 668 1118 sincere
709 1037 950 1116 dilectionis
985 1037 1195 1116 affectum.
1248 1037 1419 1116 Ducalis

316 1159 573 1240 excellentia
602 1165 744 1238 nostra
772 1159 813 1238 in
842 1156 1106 1238 liberalitatis
1134 1156 1333 1260 operibus
1352 1181 1421 1232 so·

181 1369 187 1376 .
316 1283 387 1360 lita
418 1280 701 1360 celeberrime
718 1279 983 1372 conversari,
998 1285 1114 1359 tanto
1131 1280 1310 1382 amplius
1326 1301 1422 1382 per·

316 1427 443 1484 sonas
473 1403 720 1504 magnificas
748 1407 791 1480 et
818 1401 1030 1502 diguitatis
1058 1400 1227 1478 honore
1256 1397 1422 1499 coaspi·
1535 1497 1541 1502 Ι

317 1547 431 1612 enas,
457 1524 684 1627 prevenire
710 1523 851 1602 studet
878 1521 1112 1602 honoribus
1140 1525 1183 1599 et
1210 1520 1424 1601 dotalibus

318 1645 520 1748 ampliare
550 1645 779 1736 favoribus,
806 1653 962 1746 quanto
1000 1643 1169 1724 ducatui
1206 1655 1354 1722 nostro
1385 1669 1424 1721 a·

318 1765 587 1846 micabilores
616 1765 824 1871 operibus.
846 1792 893 1844 se
916 1765 1154 1844 ostendunt.
1182 1759 1295 1841 Unde
1325 1787 1425 1842 eum

320 1888 682 1984 magnificus
712 1884 1313 1992 etpotensdomiuus
1343 1883 1426 1960 do·

319 2009 792 2088 minusluennus
837 2004 1216 2088 Cernoevich
1251 2003 1427 2080 domi·

321 2155 424 2208 nus
453 2131 506 2208 in
535 2132 811 2233 partibus
851 2124 1426 2232 Xentesuperioris

320 2275 383 2331 ac
423 2255 693 2352 vayuoda
722 2244 1430 2351 noster‚semperlueritet

319 2369 372 2447 sit
398 2371 699 2464 dilectissimus
726 2379 768 2450 et
795 2370 1131 2474 perfectissimus
1158 2367 1316 2444 amicus
1355 2387 1430 2440 no·

319 2489 395 2566 stri
424 2490 611 2582 dominii,
639 2492 749 2576 sieut.
773 2516 851 2594 per
881 2490 1108 2570 laudabiles
1136 2497 1178 2566 et
1218 2483 1429 2564 notabiles

320 2610 491 2688 effectus
522 2610 719 2688 ostendit.
773 2611 923 2688 Notum
967 2610 1065 2690 lieri
1107 2609 1301 2686 volumus
1343 2605 1430 2684 uni·

186 2737 188 2740 ’
325 2730 493 2831 cuique,
520 2729 779 2830 quodomni
802 2730 911 2828 juris
941 2729 1220 2810 consiliorum
1248 2737 1291 2807 et
1318 2727 1432 2806 ordi·

320 2858 615 2940 numentorum
644 2857 902 2937 nostrorum.
930 2850 1169 2933 necessaria
1207 2847 1432 2930 solennita-

322 2979 363 3049 te
391 2975 567 3058 servata,
597 2971 807 3072 prelatum
837 2969 1340 3069 magnifieumdominum
1367 2965 1434 3044 lu·

321 3117 472 3170 annum
502 3090 787 3189 Cernoericlr,
818 3115 913 3173 cum
943 3091 1033 3168 eius
1060 3089 1154 3168 liliis
1183 3097 1226 3166 et
1262 3087 1430 3165 beredi-

243 3198 246 3210 '
324 3211 401 3290 bus
429 3213 617 3312 legitime
647 3211 699 3302 ab
727 3235 780 3288 eo
808 3207 1174 3294 descendentibus,
1201 3207 1252 3284 ad
1288 3231 1435 3288 nume·

289 3396 293 3401 .
326 3357 417 3411 rum
457 3337 500 3409 et
527 3331 579 3416 de
620 3355 798 3410 numero
841 3329 1049 3410 nobilium
1090 3329 1227 3408 nostri
1256 3328 1437 3408 maioris

324 3453 489 3558 consilii
503 3451 743 3553 recepimus
758 3459 885 3554 atque
901 3451 1143 3553 recipimus,
1158 3450 1265 3529 etde
1280 3452 1433 3526 nostro

325 3555 674 3642 maioriconsilio
687 3557 865 3636 fecimus
878 3555 1256 3654 olfacimusatque
1267 3573 1347 3654 pro
1362 3573 1436 3628 no·

325 3659 408 3736 bilo
424 3669 466 3738 et
482 3661 534 3738 de
550 3682 728 3738 numero
744 3659 942 3738 nobilium
954 3659 1090 3735 nostri
1105 3655 1278 3734 maioris
1294 3653 1436 3732 consi·

327 3763 368 3840 lii
384 3761 423 3838 in
439 3764 628 3841 Venetiis
644 3772 682 3841 et
713 3772 833 3842 extra
857 3762 1033 3838 ubilibet
1049 3785 1145 3838 esse
1171 3759 1375 3836 volumus.
1393 3767 1441 3834 et

325 3866 837 3970 tractariripsumsincere
850 3864 1145 3945 benevolentis
1158 3861 1341 3939 brachiis
1353 3885 1445 3938 am-

328 3972 550 4074 plexantes
578 3977 620 4046 et
648 3969 829 4046 tirmiter
856 3974 1100 4059 statuentes,
1129 3964 1243 4068 quod
1272 3963 1443 4041 eisdem

330 4074 609 4165 libertatibus,
639 4073 875 4158 beneficiis,
904 4071 1139 4150 honoribus
1168 4075 1211 4146 et
1247 4067 1448 4144 immuni-

330 4175 498 4266 tatibus,
528 4175 679 4280 quibus
707 4177 778 4256 alii
807 4176 925 4258 cives
952 4180 995 4252 et
1021 4172 1191 4254 nobiles
1219 4169 1354 4250 nostri
1380 4171 1451 4250 de
