3226 5112
367 375 438 480 issi.

371 615 425 673 ex
451 596 573 696 parte
600 590 857 674 serenissimi
884 591 1042 673 domini
1068 593 1157 680 sui,
1197 617 1327 698 snper
1354 593 1461 674 diota

370 711 662 814 requisitione,
691 713 801 792 faeta
829 714 967 796 eidem
996 717 1182 796 domino.
1234 715 1288 794 Et
1315 717 1369 794 de
1396 715 1462 794 tati
1575 781 1576 784 a

368 829 674 930 significatione
702 831 979 932 regratiamur
999 857 1102 914 sune
1121 834 1352 922 serenitati,
1368 835 1460 938 quia
1549 862 1553 870 ’

368 951 598 1052 clarissime
625 951 815 1032 videmus
843 953 1071 1033 fraternam
1101 953 1371 1036 ditectionem
1397 979 1457 1034 su·

368 1097 450 1165 am,
477 1095 600 1174 quam
629 1071 680 1148 ad
707 1077 897 1150 nostrum
912 1073 1143 1153 dominium
1157 1077 1362 1156 serenitas
1389 1099 1461 1153 sna

369 1193 494 1294 gerit,
520 1217 627 1296 quae
642 1201 780 1274 tamen
794 1191 915 1271 nobis
929 1217 1013 1272 non
1029 1203 1095 1274 est
1116 1219 1239 1286 nove,
1268 1195 1461 1298 quoniam

368 1315 524 1397 dudum
538 1337 630 1396 eam
646 1311 906 1392 manifestam
924 1313 1220 1414 cognovimns,
1248 1338 1373 1418 quem
1388 1340 1462 1394 nos

325 1413 334 1434 ⁶
370 1438 496 1517 etiam
538 1455 609 1512 ex.
627 1431 749 1536 parte
776 1437 922 1510 nostra
952 1454 1213 1514 conservare
1241 1439 1286 1512 et
1311 1455 1463 1534 augere

369 1555 641 1659 disponimus.
671 1551 757 1632 Sed
787 1553 837 1630 ed
866 1553 1022 1634 factum
1053 1555 1233 1643 consilii,
1257 1555 1372 1656 qnod
1400 1580 1461 1630 su·

368 1674 545 1780 perinde
572 1675 746 1776 anobis
773 1674 892 1773 petit,
918 1674 1461 1776 respondemus,quodnon

369 1794 553 1900 expedit,
583 1794 696 1897 quod
723 1796 932 1874 serenitas
957 1816 1032 1872 sun
1060 1820 1082 1877 e
1106 1793 1224 1872 nobis
1241 1794 1461 1872 consitium

369 1923 496 2022 petet.
551 1913 651 1992 Nem
692 1914 734 1992 in
777 1915 889 1994 omni
932 1914 1046 1992 teoto
1088 1937 1168 2016 pro
1208 1914 1462 2018 amplissima

367 2035 571 2140 sapientie
599 2059 687 2125 sua,
714 2059 839 2136 qnam
867 2033 1143 2132 eognovimus
1169 2034 1208 2112 in
1237 2038 1462 2113 serenitate

368 2181 470 2247 eun,
510 2155 601 2257 ipsa
641 2151 772 2232 sciret
812 2151 920 2231 bene
960 2151 1199 2232 deliberare
1237 2161 1279 2230 et
1307 2154 1463 2256 optime

289 2315 296 2328 v
366 2275 613 2379 providere.
638 2276 691 2354 nt
718 2285 917 2378 qnantum
947 2275 1131 2381 pertinet
1159 2279 1209 2354 ad
1238 2277 1347 2355 hane
1376 2301 1463 2355 rem

367 2421 512 2474 snmus
541 2395 796 2483 certissimi,
829 2395 943 2500 quod
980 2397 1190 2476 serenitas
1218 2419 1329 2484 sua,.
1359 2419 1464 2498 qnae

367 2538 537 2620 semper
565 2519 631 2594 est
657 2525 799 2595 asvete
827 2539 999 2593 servare
1024 2515 1329 2618 promissiones
1357 2541 1467 2602 snas,

369 2631 613 2716 observabit
666 2637 790 2712 etiem
845 2633 1153 2713 conventiones
1207 2643 1250 2712 et
1292 2635 1466 2738 promis·

366 2755 510 2838 sienes
562 2771 665 2858 qnas
706 2755 835 2834 habet
875 2753 1125 2846 nobiseum,
1179 2763 1222 2832 et
1264 2759 1378 2858 quod
1421 2757 1468 2834 si·

367 2883 440 2960 ent
467 2861 638 2982 semper
666 2871 791 2968 feeit,
820 2875 963 2956 taliter
989 2875 1117 2953 ieeiet
1145 2883 1187 2954 et
1214 2875 1467 2978 providebit,

368 3002 479 3104 quod
508 3022 698 3077 amorem
727 3003 771 3074 et
801 2994 1126 3076 benivolentiam
1156 3006 1343 3076 nostram
1373 3021 1468 3076 cnr·

366 3118 563 3200 servabit.

718 3288 824 3370 Sapor.
850 3305 953 3353 cons.
976 3305 1055 3373 rog.
1081 3285 1153 3352 bib.
1180 3287 1241 3352 xt.
1270 3287 1325 3353 eh.
1351 3289 1426 3355 130.
