3206 5110
317 359 383 436 ΒΜ
417 371 418 376 u

315 569 697 675 prinoipidomino
727 575 1065 672 Augustino
1095 570 1442 678 Barbadieo

316 690 451 768 duci
492 689 880 768 venetiarum
924 699 1008 770 eto.
1080 691 1227 770 dmioo
1269 697 1423 768 nostro

319 807 593 887 charissimo:
634 810 812 888 salutem
842 817 884 887 et
912 835 1220 916 prosperorum
1249 835 1423 888 sueces-

318 953 437 1006 suum
466 931 740 1009 incrementa.
777 929 1067 1012 illustrissime
1094 933 1297 1038 ,princeps
1321 957 1422 1010 eum

318 1047 466 1126 diebus
493 1047 559 1126 hls¹
586 1049 878 1152 strperioribus
911 1053 1240 1156 accepissemus
1269 1053 1423 1131 castel·

320 1163 400 1246 lum
428 1170 532 1248 illud
561 1174 766 1264 nostrum,
795 1174 908 1274 quod
938 1175 978 1252 io
1009 1172 1199 1252 faucibus
1235 1170 1425 1250 fluminis

318 1286 564 1372 Narenti
604 1293 729 1372 situm
775 1294 1000 1373 habemus:
1043 1319 1126 1372 non
1169 1295 1305 1372 solum
1343 1288 1425 1368 rui·

319 1437 490 1490 nosum:
521 1412 750 1492 sedetiam
780 1435 925 1514 magna
955 1421 1161 1518 exparte
1199 1397 1280 1495 iam
1312 1415 1422 1490 labe·

320 1533 517 1612 iactatum
560 1555 655 1610 esse
697 1555 777 1635 pro
819 1533 1149 1620 instauratione,
1176 1535 1243 1610 vel
1282 1533 1425 1636 potius

319 1655 418 1730 locu
447 1653 559 1750 illius
587 1653 745 1730 ruinam
789 1653 870 1732 iam
895 1655 1080 1732 totaliter
1109 1655 1312 1744 minantis,
1337 1677 1425 1729 non

319 1785 398 1852 tam
426 1797 505 1873 pro
537 1774 766 1852 commodo
796 1779 943 1850 nostro
972 1773 1201 1876 peculiari:
1229 1795 1353 1874 quam
1384 1797 1427 1846 u-

319 1893 480 1983 tilitate,
509 1890 843 1996 defensioneque
886 1891 1114 1971 Christiani
1156 1893 1302 1996 populi
1332 1913 1425 1992 par·

317 2013 419 2090 tium
449 2012 610 2090 illarum
639 2037 777 2117 prope
807 2015 959 2112 Segn
981 2015 1100 2104 iam,
1136 2039 1189 2090 ex
1219 2013 1340 2111 lignis
1366 2010 1425 2088 ob

320 2131 488 2208 illorum
519 2133 684 2232 copiam
715 2133 937 2212 castellum
972 2133 1085 2212 aliud
1114 2135 1267 2233 parari,
1295 2140 1423 2210 etex·

319 2253 400 2329 trui
429 2250 747 2354 fecimus‚quod
777 2276 854 2356 per
881 2257 1023 2356 partes
1050 2252 1302 2352 disjunctum
1320 2255 1423 2332 loeo

319 2373 424 2450 illius
451 2375 608 2450 veteris
647 2373 749 2476 poni
778 2379 943 2452 tandem
989 2383 1031 2452 et
1072 2373 1178 2474 erigi
1215 2375 1424 2477 quampri-

318 2519 429 2574 mum
458 2492 600 2594 possit.
655 2493 708 2572 m
736 2492 936 2595 quoniam
968 2516 1045 2596 per
1075 2493 1185 2578 loca,
1214 2503 1255 2570 et
1290 2493 1421 2574 domi·

317 2618 386 2695 nia
429 2615 621 2712 eJ‘usdem
660 2614 962 2692 dominationis
1005 2618 1145 2692 vestre
1201 2613 1425 2690 illustrissi-

318 2760 482 2814 meres
522 2734 762 2812 huiusmodi
803 2734 879 2813 illo
922 2736 1016 2812 navi
1055 2733 1287 2811 deferende
1315 2739 1424 2808 sunt:

318 2857 373 2936 ob
403 2857 487 2934 hoe
516 2878 714 2955 rogamus
742 2855 851 2931 illam
881 2855 1083 2957 apprime:
1111 2855 1213 2931 velit
1241 2876 1321 2954 pro
1346 2876 1422 2928 sua

318 2982 358 3058 io
401 3005 479 3056 nos
520 2977 816 3079 complacendi
860 2975 1194 3065 consuetudine,
1226 2963 1279 3050 ¹et
1306 2973 1424 3051 bono

320 3100 548 3202 quieteque
579 3095 903 3186 Christianitatis
930 3103 974 3173 ut
1011 3094 1303 3198 premisimus:
1346 3115 1425 3194 per

320 3220 464 3296 literas
494 3241 590 3300 suas
615 3227 795 3318 apertas,
823 3223 866 3292 et
891 3221 1102 3316 patentes:
1130 3212 1308 3291 subditis
1335 3211 1424 3287 suis

320 3337 513 3416 omnibus
540 3342 582 3415 et
611 3333 862 3416 officialibus
890 3333 1090 3413 mandare
1118 3343 1161 3411 et
1189 3333 1437 3412 conunilte·.

319 3483 383 3558 re,
412 3467 456 3536 ut
483 3482 554 3536 res
580 3457 766 3561 prelatas
810 3458 848 3532 in
893 3455 1019 3532 tinem
1061 3453 1141 3531 iam
1176 3477 1423 3556 expressum

320 3581 585 3672 deferendas,
613 3579 774 3680 ubique
805 3579 1000 3655 locorum
1044 3599 1122 3680 per
1149 3563 1324 3653 nostros
1352 3573 1424 3650 lro·

320 3702 455 3779 mines
483 3698 533 3777 ud
564 3681 702 3776 locum
734 3722 864 3798 usque
892 3696 1144 3774 destinatum
1173 3693 1304 3770 libere
1334 3717 1422 3796 per·

321 3821 421 3900 t‘erri
451 3820 659 3924 patiantur
700 3827 742 3897 et
777 3819 868 3896 illas
910 3838 1110 3917 nusquam
1153 3827 1314 3918 temere
1355 3821 1424 3888 aut

320 3943 549 4047 impedire:
580 3945 649 4018 aul
677 3939 905 4017 molestare
935 3941 1198 4041 presumant:
1226 3936 1344 4034 Quod
1372 3935 1421 4010 ab

321 4065 466 4144 eadem
496 4062 785 4144 dominatione
801 4065 943 4140 vestra
974 4059 1252 4136 illustrissima
1281 4074 1360 4157 pro
1378 4076 1422 4128 re

280 4203 285 4208 “
322 4185 557 4281 gratissima
587 4183 804 4286 capiemus
820 4191 863 4260 et
890 4204 969 4258 nos
997 4178 1195 4268 vicissim,
1224 4179 1422 4255 nectane-
