3206 5110
344 367 410 432 254

345 577 384 654 ie
412 574 525 654 dicte
556 575 652 653 loro
683 575 966 676 possessione,
993 572 1187 675 pagendo
1229 571 1269 652 el
1312 572 1436 652 dreto

343 697 398 774 rie
426 696 455 772 ii
484 694 584 774 dicti
611 694 788 794 signori.
833 691 885 772 Ei.
913 699 1180 774 verssmente
1209 694 1236 770 ii
1265 694 1438 772 homeri

190 911 193 922 Ι
346 821 399 896 de
428 817 456 894 ii
484 815 584 893 dieii
612 813 785 914 signori,
824 835 1010 916 possano
1053 814 1119 892 far
1158 821 1279 890 entre
1322 813 1436 913 iuogi

345 938 483 1016 eitade
513 963 535 1013 e
565 936 815 1034 tegnimenii
843 936 896 1012 de
926 936 962 1010 la
979 934 1140 1035 prefata
1156 935 1299 1012 inciite
1314 935 1436 1012 dues!

341 1057 528 1159 signoria
557 1058 609 1134 de
631 1052 869 1145 verioris,
907 1054 1154 1133 deehiarido
1184 1055 1225 1130 io
1254 1055 1291 1130 ei
1319 1045 1435 1134 dicte

344 1177 541 1280 capitulo,
569 1199 646 1278 per
674 1176 713 1254 ie
736 1182 862 1275 parte
889 1175 1146 1260 sovradiete,
1173 1175 1254 1253 che
1283 1187 1436 1276 questo

344 1295 525 1398 capitulo
554 1319 636 1372 non
666 1293 790 1372 habia
819 1291 946 1394 luogo
988 1316 1068 1398 per
1107 1292 1134 1370 li
1163 1293 1316 1397 publici
1360 1301 1437 1374 tra·

343 1415 482 1507 ditos,
509 1418 522 1496 i
551 1417 662 1517 quali
689 1437 870 1492 sarenno
899 1415 994 1492 dedi
1023 1415 1063 1492 in
1084 1420 1197 1492 -nota
1239 1436 1315 1516 per
1355 1439 1435 1492 una

343 1541 463 1640 perte
493 1559 516 1612 e
544 1561 624 1638 per
653 1535 795 1614 l’sitra.
823 1533 964 1612 item
982 1564 992 1614 ε,
1019 1535 1058 1610 ei
1088 1534 1252 1636 prefato
1283 1537 1438 1616 misser

341 1653 571 1734 Francisco
588 1653 762 1754 Quirino
778 1653 945 1732 nomine
967 1679 1051 1756 quo
1067 1679 1208 1758 supra,
1223 1661 1435 1756 prometto

344 1777 437 1854 ehei
467 1777 633 1878 prefato
664 1777 825 1856 illustre
854 1775 998 1877 signos
1025 1779 1194 1881 dispoio
1222 1801 1246 1852 e
1275 1775 1315 1853 ei
1345 1801 1436 1878 pre·

275 1967 277 1972 ,
342 1899 428 1976 feto
456 1895 678 1996 magnifico
705 1895 852 1998 signer
879 1897 1018 1984 Zorzi,
1047 1923 1142 1976 cuum
1184 1899 1280 1976 ioro
1316 1895 1436 1977 iiuoii

341 2047 364 2098 e
392 2019 536 2110 fineis,
566 2000 768 2098 etheredi
796 2028 839 2096 et
863 2019 1063 2100 etiamdio
1094 2021 1434 2119 seiromsgnisse

340 2163 419 2218 una
447 2141 540 2218 solo
570 2137 695 2218 iiuole
715 2139 776 2216 'de
805 2141 932 2220 idisti
958 2142 1136 2240 signori,
1165 2141 1245 2220 che
1275 2142 1433 2243 lepre·

340 2263 423 2342 ista
452 2261 571 2340 dues!
600 2263 788 2362 signoris
823 2262 875 2341 de
904 2263 1128 2349 Veniexia,
1170 2264 1198 2340 ii
1227 2287 1435 2343 reserere

340 2391 382 2459 et
410 2381 567 2462 havera
596 2393 638 2460 et
666 2388 890 2486 acceptare
919 2385 958 2461 in
984 2393 1207 2487 perpetuo,
1229 2383 1269 2460 in
1286 2383 1433 2463 fredei-

275 2515 280 2528 '
339 2501 380 2577 io
409 2527 433 2578 e
462 2501 516 2579 iio
545 2501 632 2578 ein
662 2503 784 2580 amixi
811 2501 1013 2582 carissimi
1036 2503 1106 2608 piu
1122 2503 1434 2581 reeomandsdi.

274 2675 278 2697 .
339 2620 457 2720 Qus
498 2624 687 2700 o'mnia
730 2631 772 2699 et
799 2623 961 2724 singule
990 2623 1278 2728 suprascripta
1308 2622 1432 2702 etvin-

339 2744 563 2848 irsseripta
593 2753 635 2822 et
663 2754 861 2824 contente
892 2747 930 2823 in
947 2744 1433 2848 'capitulissuprascrip·

339 2865 404 2953 tis,
431 2864 617 2966 prefatus
634 2865 877 2965 magnificus
891 2867 1086 2945 dominus
1103 2865 1328 2967 Georgius,
1355 2889 1435 2968 per

340 3007 387 3059 se
417 2989 459 3060 et
475 3007 576 3064 suos
592 2983 788 3073 heredes,
805 3012 856 3065 ac
871 2985 1110 3066 nominibus
1126 2985 1277 3088 quibus
1294 3009 1436 3088 supra,

338 3127 391 3179 ex
420 3113 660 3206 emperie,
688 3115 730 3184 et
757 3107 946 3210 prefatus
974 3109 1220 3212 spectabilis
1248 3116 1433 3207 etgene·

337 3246 461 3303 rosus
489 3227 682 3304 dominus
704 3228 953 3308 Franciseus
981 3229 1241 3332 capitaneus·
1255 3228 1431 3331 presiie·

335 3349 467 3446 gatus,
483 3345 719 3425 nominibus
735 3349 883 3449 quibus
899 3374 1036 3453 supra,
1065 3375 1118 3426 ex
1134 3355 1253 3452 perte
1282 3349 1431 3435 altera,

329 3467 582 3565 juraverunt
609 3471 658 3546 ad
687 3457 924 3547 senetaDei
953 3467 1183 3570 erengelis‚
1211 3491 1338 3570 supra
1364 3491 1430 3544 an·

335 3584 516 3667 chonam
545 3595 588 3666 et
615 3587 789 3688 figuram
818 3589 972 3668 domini
1000 3587 1252 3667 nosiriJesu
1270 3588 1429 3668 Christi

335 3708 539 3796 crucifixi,
564 3731 685 3785 manu
703 3711 824 3788 iactis
853 3707 1087 3813 seripiuris,
1115 3710 1227 3811 quod
1256 3731 1428 3812 semper

335 3836 377 3906 et
406 3829 521 3906 omni
548 3837 744 3933 tempore
771 3830 889 3909 firma
918 3835 960 3912 et
988 3835 1078 3908 rata
1114 3829 1272 3932 pariter
1301 3837 1425 3929 atque

333 3954 451 4050 grata
478 3947 694 4028 habebunt
724 3961 767 4030 et
795 3951 1177 4040 tenebunt,·0mnia
1206 3961 1248 4028 et
1263 3947 1424 4049 singnis

334 4071 619 4173 suprascripta
648 4079 691 4148 et
720 4065 997 4174 infrascripia,
1025 4095 1074 4150 sc
1104 4073 1192 4175 ipss
1208 4069 1423 4148 attendent

335 4196 391 4266 et.
404 4191 703 4283 observabunt,
731 4217 780 4271 ac
802 4192 959 4272 attendi
975 4197 1016 4270 et
1033 4188 1252 4269 observari
1269 4187 1423 4270 facient
