<?xml version="1.0" encoding="UTF-8"?>
<!DOCTYPE html PUBLIC "-//W3C//DTD XHTML 1.0 Transitional//EN"
    "http://www.w3.org/TR/xhtml1/DTD/xhtml1-transitional.dtd">
<html xmlns="http://www.w3.org/1999/xhtml" xml:lang="en" lang="en">
 <head>
  <title>
</title>
<meta http-equiv="Content-Type" content="text/html;charset=utf-8" />
  <meta name='ocr-system' content='tesseract 3.04.00' />
  <meta name='ocr-capabilities' content='ocr_page ocr_carea ocr_par ocr_line ocrx_word'/>
</head>
<body>
  <div class='ocr_page' id='page_1' title='image "./actaarchivivene00sergoog_0964.png"; bbox 0 0 3224 5110; ppageno 0'>
   <div class='ocr_carea' id='block_1_1' title="bbox 327 366 393 432">
    <p class='ocr_par' dir='ltr' id='par_1_1' title="bbox 327 366 393 432">
     <span class='ocr_line' id='line_1_1' title="bbox 327 366 393 432; baseline 0 0"><span class='ocrx_word' id='word_1_1' title='bbox 327 366 393 432; x_wconf 60' lang='lat' dir='ltr'><strong>ll&amp;</strong></span> 
     </span>
    </p>
   </div>
   <div class='ocr_carea' id='block_1_2' title="bbox 330 573 1426 925">
    <p class='ocr_par' dir='ltr' id='par_1_2' title="bbox 330 573 1426 925">
     <span class='ocr_line' id='line_1_2' title="bbox 331 573 1424 681; baseline 0.004 -31"><span class='ocrx_word' id='word_1_2' title='bbox 331 579 444 653; x_wconf 86' lang='lat' dir='ltr'><strong>stare</strong></span> <span class='ocrx_word' id='word_1_3' title='bbox 473 573 513 654; x_wconf 90' lang='lat' dir='ltr'><strong>in</strong></span> <span class='ocrx_word' id='word_1_4' title='bbox 542 597 647 678; x_wconf 88' lang='lat' dir='ltr'><strong>paco</strong></span> <span class='ocrx_word' id='word_1_5' title='bbox 677 599 770 652; x_wconf 92' lang='lat' dir='ltr'><strong>cum</strong></span> <span class='ocrx_word' id='word_1_6' title='bbox 802 575 983 654; x_wconf 89' lang='lat' dir='ltr'><strong>dominis</strong></span> <span class='ocrx_word' id='word_1_7' title='bbox 1018 576 1270 681; x_wconf 82' lang='lat' dir='ltr'><strong>praedictis,</strong></span> <span class='ocrx_word' id='word_1_8' title='bbox 1298 601 1424 679; x_wconf 86' lang='lat' dir='ltr'><strong>qnam</strong></span> 
     </span>
     <span class='ocr_line' id='line_1_3' title="bbox 330 696 1426 803; baseline 0.004 -31"><span class='ocrx_word' id='word_1_9' title='bbox 330 696 373 775; x_wconf 92' lang='lat' dir='ltr'><strong>in</strong></span> <span class='ocrx_word' id='word_1_10' title='bbox 402 696 612 774; x_wconf 79' lang='lat' dir='ltr'>continuis</span> <span class='ocrx_word' id='word_1_11' title='bbox 641 697 814 796; x_wconf 85' lang='lat' dir='ltr'><strong>guerris,</strong></span> <span class='ocrx_word' id='word_1_12' title='bbox 844 705 1027 803; x_wconf 85' lang='lat' dir='ltr'><strong>propter</strong></span> <span class='ocrx_word' id='word_1_13' title='bbox 1052 723 1152 801; x_wconf 85' lang='lat' dir='ltr'><strong>quas</strong></span> <span class='ocrx_word' id='word_1_14' title='bbox 1168 698 1306 778; x_wconf 88' lang='lat' dir='ltr'><strong>deilla</strong></span> <span class='ocrx_word' id='word_1_15' title='bbox 1330 721 1426 800; x_wconf 90' lang='lat' dir='ltr'><strong>pro·</strong></span> 
     </span>
     <span class='ocr_line' id='line_1_4' title="bbox 331 813 1425 925; baseline 0.005 -35"><span class='ocrx_word' id='word_1_16' title='bbox 331 814 465 925; x_wconf 83' lang='lat' dir='ltr'><strong>rincia</strong></span> <span class='ocrx_word' id='word_1_17' title='bbox 491 813 592 892; x_wconf 90' lang='lat' dir='ltr'><strong>nihil</strong></span> <span class='ocrx_word' id='word_1_18' title='bbox 620 817 806 894; x_wconf 77' lang='lat' dir='ltr'><strong>utilitatis</strong></span> <span class='ocrx_word' id='word_1_19' title='bbox 836 817 1106 920; x_wconf 75' lang='lat' dir='ltr'><strong>percipimus,</strong></span> <span class='ocrx_word' id='word_1_20' title='bbox 1134 824 1177 895; x_wconf 87' lang='lat' dir='ltr'><strong>et</strong></span> <span class='ocrx_word' id='word_1_21' title='bbox 1199 820 1425 898; x_wconf 82' lang='lat' dir='ltr'><strong>subiacere</strong></span> 
     </span>
    </p>
   </div>
   <div class='ocr_carea' id='block_1_3' title="bbox 263 935 1430 4294">
    <p class='ocr_par' dir='ltr' id='par_1_3' title="bbox 263 935 1425 1281">
     <span class='ocr_line' id='line_1_5' title="bbox 330 935 1424 1040; baseline 0.004 -30"><span class='ocrx_word' id='word_1_22' title='bbox 330 935 668 1014; x_wconf 86' lang='lat' dir='ltr'><strong>manifestissimo</strong></span> <span class='ocrx_word' id='word_1_23' title='bbox 711 938 903 1040; x_wconf 88' lang='lat' dir='ltr'><strong>periculo</strong></span> <span class='ocrx_word' id='word_1_24' title='bbox 942 946 1074 1016; x_wconf 88' lang='lat' dir='ltr'><strong>status</strong></span> <span class='ocrx_word' id='word_1_25' title='bbox 1114 941 1247 1018; x_wconf 80' lang='lat' dir='ltr'><strong>nostri</strong></span> <span class='ocrx_word' id='word_1_26' title='bbox 1274 939 1314 1016; x_wconf 87' lang='lat' dir='ltr'><strong>in</strong></span> <span class='ocrx_word' id='word_1_27' title='bbox 1342 939 1424 1015; x_wconf 88' lang='lat' dir='ltr'><strong>illis</strong></span> 
     </span>
     <span class='ocr_line' id='line_1_6' title="bbox 263 1043 1424 1163; baseline 0.003 -32"><span class='ocrx_word' id='word_1_28' title='bbox 263 1043 270 1054; x_wconf 58' lang='lat'><em>⁶</em></span> <span class='ocrx_word' id='word_1_29' title='bbox 329 1057 532 1160; x_wconf 88' lang='lat' dir='ltr'><strong>partibus,</strong></span> <span class='ocrx_word' id='word_1_30' title='bbox 560 1057 671 1134; x_wconf 87' lang='lat' dir='ltr'><strong>vadit</strong></span> <span class='ocrx_word' id='word_1_31' title='bbox 704 1081 825 1158; x_wconf 87' lang='lat' dir='ltr'><strong>pars:</strong></span> <span class='ocrx_word' id='word_1_32' title='bbox 868 1057 980 1160; x_wconf 89' lang='lat' dir='ltr'><strong>quod</strong></span> <span class='ocrx_word' id='word_1_33' title='bbox 1008 1060 1059 1136; x_wconf 88' lang='lat' dir='ltr'><strong>ad</strong></span> <span class='ocrx_word' id='word_1_34' title='bbox 1088 1060 1230 1140; x_wconf 77' lang='lat' dir='ltr'><strong>literas</strong></span> <span class='ocrx_word' id='word_1_35' title='bbox 1271 1059 1424 1163; x_wconf 84' lang='lat' dir='ltr'><strong>prolati</strong></span> 
     </span>
     <span class='ocr_line' id='line_1_7' title="bbox 331 1175 1425 1281; baseline 0.004 -31"><span class='ocrx_word' id='word_1_36' title='bbox 331 1175 563 1278; x_wconf 85' lang='lat' dir='ltr'><strong>provisoris</strong></span> <span class='ocrx_word' id='word_1_37' title='bbox 591 1175 724 1255; x_wconf 89' lang='lat' dir='ltr'><strong>nostri</strong></span> <span class='ocrx_word' id='word_1_38' title='bbox 761 1179 1070 1281; x_wconf 82' lang='lat' dir='ltr'><strong>respondeatur</strong></span> <span class='ocrx_word' id='word_1_39' title='bbox 1098 1181 1139 1257; x_wconf 92' lang='lat' dir='ltr'><strong>in</strong></span> <span class='ocrx_word' id='word_1_40' title='bbox 1168 1183 1248 1257; x_wconf 87' lang='lat' dir='ltr'><strong>hac</strong></span> <span class='ocrx_word' id='word_1_41' title='bbox 1277 1179 1425 1257; x_wconf 84' lang='lat' dir='ltr'><strong>torma:</strong></span> 
     </span>
    </p>

    <p class='ocr_par' dir='ltr' id='par_1_4' title="bbox 263 1297 1430 4294">
     <span class='ocr_line' id='line_1_8' title="bbox 431 1297 1426 1402; baseline 0.002 -28"><span class='ocrx_word' id='word_1_42' title='bbox 431 1297 684 1402; x_wconf 85' lang='lat' dir='ltr'><strong>Recepimus</strong></span> <span class='ocrx_word' id='word_1_43' title='bbox 713 1298 854 1377; x_wconf 81' lang='lat' dir='ltr'><strong>literas</strong></span> <span class='ocrx_word' id='word_1_44' title='bbox 886 1305 1048 1376; x_wconf 84' lang='lat' dir='ltr'><strong>uestras</strong></span> <span class='ocrx_word' id='word_1_45' title='bbox 1077 1301 1191 1378; x_wconf 89' lang='lat' dir='ltr'><strong>datas</strong></span> <span class='ocrx_word' id='word_1_46' title='bbox 1229 1301 1426 1378; x_wconf 82' lang='lat' dir='ltr'><strong>Scuta·</strong></span> 
     </span>
     <span class='ocr_line' id='line_1_9' title="bbox 331 1417 1423 1516; baseline 0.001 -19"><span class='ocrx_word' id='word_1_47' title='bbox 331 1424 379 1498; x_wconf 91' lang='lat' dir='ltr'><strong>ri</strong></span> <span class='ocrx_word' id='word_1_48' title='bbox 407 1420 474 1499; x_wconf 89' lang='lat' dir='ltr'><strong>die</strong></span> <span class='ocrx_word' id='word_1_49' title='bbox 499 1426 551 1498; x_wconf 82' lang='lat'><strong>29</strong></span> <span class='ocrx_word' id='word_1_50' title='bbox 577 1417 755 1516; x_wconf 83' lang='lat' dir='ltr'><strong>Augusti</strong></span> <span class='ocrx_word' id='word_1_51' title='bbox 783 1479 791 1494; x_wconf 93' lang='lat'><strong><em>.</em></strong></span> <span class='ocrx_word' id='word_1_52' title='bbox 820 1477 830 1498; x_wconf 88' lang='lat'><strong>.</strong></span> <span class='ocrx_word' id='word_1_53' title='bbox 861 1475 871 1496; x_wconf 93' lang='lat'><strong>.</strong></span> <span class='ocrx_word' id='word_1_54' title='bbox 903 1421 1136 1500; x_wconf 83' lang='lat' dir='ltr'><strong>notavimus</strong></span> <span class='ocrx_word' id='word_1_55' title='bbox 1172 1422 1283 1499; x_wconf 87' lang='lat' dir='ltr'><strong>iuter</strong></span> <span class='ocrx_word' id='word_1_56' title='bbox 1310 1427 1423 1501; x_wconf 87' lang='lat' dir='ltr'><strong>cete-</strong></span> 
     </span>
     <span class='ocr_line' id='line_1_10' title="bbox 331 1541 1426 1643; baseline 0.003 -24"><span class='ocrx_word' id='word_1_57' title='bbox 331 1566 389 1630; x_wconf 88' lang='lat' dir='ltr'><strong>ra,</strong></span> <span class='ocrx_word' id='word_1_58' title='bbox 420 1543 532 1643; x_wconf 92' lang='lat' dir='ltr'><strong>quod</strong></span> <span class='ocrx_word' id='word_1_59' title='bbox 559 1541 700 1618; x_wconf 92' lang='lat' dir='ltr'><strong>dietim</strong></span> <span class='ocrx_word' id='word_1_60' title='bbox 729 1541 1017 1641; x_wconf 85' lang='lat' dir='ltr'><strong>expectabatis</strong></span> <span class='ocrx_word' id='word_1_61' title='bbox 1055 1543 1211 1621; x_wconf 88' lang='lat' dir='ltr'><strong>salvum</strong></span> <span class='ocrx_word' id='word_1_62' title='bbox 1242 1544 1426 1622; x_wconf 91' lang='lat' dir='ltr'><strong>conduc·</strong></span> 
     </span>
     <span class='ocr_line' id='line_1_11' title="bbox 263 1658 1422 1765; baseline 0.003 -26"><span class='ocrx_word' id='word_1_63' title='bbox 263 1703 267 1712; x_wconf 96' lang='lat'>·</span> <span class='ocrx_word' id='word_1_64' title='bbox 331 1658 1422 1765; x_wconf 84' lang='lat' dir='ltr'><strong>tumadominodespoto‚proconferendo</strong></span> 
     </span>
     <span class='ocr_line' id='line_1_12' title="bbox 329 1781 1425 1883; baseline 0.002 -25"><span class='ocrx_word' id='word_1_65' title='bbox 329 1807 405 1859; x_wconf 88' lang='lat' dir='ltr'><strong>vos</strong></span> <span class='ocrx_word' id='word_1_66' title='bbox 433 1784 482 1860; x_wconf 83' lang='lat' dir='ltr'><strong>ad</strong></span> <span class='ocrx_word' id='word_1_67' title='bbox 510 1783 764 1883; x_wconf 85' lang='lat' dir='ltr'><strong>presentiam</strong></span> <span class='ocrx_word' id='word_1_68' title='bbox 804 1805 935 1870; x_wconf 87' lang='lat' dir='ltr'><strong>suam,</strong></span> <span class='ocrx_word' id='word_1_69' title='bbox 963 1781 1003 1860; x_wconf 91' lang='lat' dir='ltr'><strong>iu</strong></span> <span class='ocrx_word' id='word_1_70' title='bbox 1032 1785 1285 1862; x_wconf 84' lang='lat' dir='ltr'><strong>executione</strong></span> <span class='ocrx_word' id='word_1_71' title='bbox 1314 1809 1425 1863; x_wconf 91' lang='lat' dir='ltr'><strong>man·</strong></span> 
     </span>
     <span class='ocr_line' id='line_1_13' title="bbox 331 1903 1422 2006; baseline 0.003 -27"><span class='ocrx_word' id='word_1_72' title='bbox 331 1905 524 1980; x_wconf 86' lang='lat' dir='ltr'><strong>datorum</strong></span> <span class='ocrx_word' id='word_1_73' title='bbox 565 1908 809 1978; x_wconf 89' lang='lat' dir='ltr'><strong>nostrorum</strong></span> <span class='ocrx_word' id='word_1_74' title='bbox 838 1903 922 1979; x_wconf 92' lang='lat' dir='ltr'><strong>diei</strong></span> <span class='ocrx_word' id='word_1_75' title='bbox 961 1907 1014 1980; x_wconf 80' lang='lat'><strong>29</strong></span> <span class='ocrx_word' id='word_1_76' title='bbox 1053 1903 1168 1982; x_wconf 82' lang='lat' dir='ltr'><strong>dolii.</strong></span> <span class='ocrx_word' id='word_1_77' title='bbox 1217 1905 1422 2006; x_wconf 82' lang='lat' dir='ltr'><strong>Expecta·</strong></span> 
     </span>
     <span class='ocr_line' id='line_1_14' title="bbox 331 2023 1423 2126; baseline 0.001 -27"><span class='ocrx_word' id='word_1_78' title='bbox 331 2047 508 2125; x_wconf 85' lang='lat' dir='ltr'><strong>musque</strong></span> <span class='ocrx_word' id='word_1_79' title='bbox 537 2045 630 2098; x_wconf 91' lang='lat' dir='ltr'><strong>cum</strong></span> <span class='ocrx_word' id='word_1_80' title='bbox 659 2023 870 2100; x_wconf 89' lang='lat' dir='ltr'><strong>desiderio</strong></span> <span class='ocrx_word' id='word_1_81' title='bbox 899 2023 1159 2122; x_wconf 85' lang='lat' dir='ltr'><strong>intelligere,</strong></span> <span class='ocrx_word' id='word_1_82' title='bbox 1188 2024 1288 2126; x_wconf 90' lang='lat' dir='ltr'><strong>quid</strong></span> <span class='ocrx_word' id='word_1_83' title='bbox 1326 2049 1423 2103; x_wconf 92' lang='lat' dir='ltr'><strong>cum</strong></span> 
     </span>
     <span class='ocr_line' id='line_1_15' title="bbox 329 2142 1423 2246; baseline 0.004 -28"><span class='ocrx_word' id='word_1_84' title='bbox 329 2143 421 2246; x_wconf 92' lang='lat' dir='ltr'><strong>ipso</strong></span> <span class='ocrx_word' id='word_1_85' title='bbox 462 2142 644 2246; x_wconf 87' lang='lat' dir='ltr'><strong>despoto</strong></span> <span class='ocrx_word' id='word_1_86' title='bbox 687 2144 871 2229; x_wconf 87' lang='lat' dir='ltr'><strong>fecistis,</strong></span> <span class='ocrx_word' id='word_1_87' title='bbox 899 2145 1008 2220; x_wconf 88' lang='lat' dir='ltr'><strong>etin</strong></span> <span class='ocrx_word' id='word_1_88' title='bbox 1039 2143 1191 2245; x_wconf 89' lang='lat' dir='ltr'><strong>quibus</strong></span> <span class='ocrx_word' id='word_1_89' title='bbox 1233 2145 1423 2224; x_wconf 84' lang='lat' dir='ltr'><strong>terminis</strong></span> 
     </span>
     <span class='ocr_line' id='line_1_16' title="bbox 329 2263 1427 2365; baseline 0.005 -28"><span class='ocrx_word' id='word_1_90' title='bbox 329 2287 474 2341; x_wconf 88' lang='lat' dir='ltr'><strong>secum</strong></span> <span class='ocrx_word' id='word_1_91' title='bbox 503 2263 773 2342; x_wconf 87' lang='lat' dir='ltr'><strong>remansistis.</strong></span> <span class='ocrx_word' id='word_1_92' title='bbox 804 2265 1033 2365; x_wconf 82' lang='lat' dir='ltr'><strong>Speremus</strong></span> <span class='ocrx_word' id='word_1_93' title='bbox 1062 2263 1215 2343; x_wconf 88' lang='lat' dir='ltr'><strong>etenim</strong></span> <span class='ocrx_word' id='word_1_94' title='bbox 1234 2265 1427 2346; x_wconf 87' lang='lat' dir='ltr'><strong>conside·</strong></span> 
     </span>
     <span class='ocr_line' id='line_1_17' title="bbox 331 2384 1425 2489; baseline 0.003 -30"><span class='ocrx_word' id='word_1_95' title='bbox 331 2388 418 2460; x_wconf 88' lang='lat' dir='ltr'><strong>rata</strong></span> <span class='ocrx_word' id='word_1_96' title='bbox 447 2393 558 2462; x_wconf 88' lang='lat' dir='ltr'><strong>etate</strong></span> <span class='ocrx_word' id='word_1_97' title='bbox 594 2385 836 2482; x_wconf 86' lang='lat' dir='ltr'><strong>gravissima</strong></span> <span class='ocrx_word' id='word_1_98' title='bbox 873 2384 1004 2488; x_wconf 90' lang='lat' dir='ltr'><strong>ipsius</strong></span> <span class='ocrx_word' id='word_1_99' title='bbox 1047 2385 1239 2489; x_wconf 89' lang='lat' dir='ltr'><strong>despoti,</strong></span> <span class='ocrx_word' id='word_1_100' title='bbox 1282 2388 1425 2466; x_wconf 92' lang='lat' dir='ltr'><strong>condi·</strong></span> 
     </span>
     <span class='ocr_line' id='line_1_18' title="bbox 331 2503 1425 2590; baseline 0.002 -8"><span class='ocrx_word' id='word_1_101' title='bbox 331 2503 444 2582; x_wconf 89' lang='lat' dir='ltr'><strong>tione</strong></span> <span class='ocrx_word' id='word_1_102' title='bbox 485 2505 666 2582; x_wconf 85' lang='lat' dir='ltr'><strong>liliorum</strong></span> <span class='ocrx_word' id='word_1_103' title='bbox 707 2527 904 2590; x_wconf 90' lang='lat' dir='ltr'><strong>suorum,</strong></span> <span class='ocrx_word' id='word_1_104' title='bbox 944 2511 987 2581; x_wconf 93' lang='lat' dir='ltr'><strong>et</strong></span> <span class='ocrx_word' id='word_1_105' title='bbox 1015 2505 1212 2584; x_wconf 90' lang='lat' dir='ltr'><strong>conlliolu</strong></span> <span class='ocrx_word' id='word_1_106' title='bbox 1254 2507 1425 2585; x_wconf 79' lang='lat' dir='ltr'><strong>novitus</strong></span> 
     </span>
     <span class='ocr_line' id='line_1_19' title="bbox 331 2623 1427 2724; baseline 0.002 -24"><span class='ocrx_word' id='word_1_107' title='bbox 331 2625 477 2703; x_wconf 88' lang='lat' dir='ltr'><strong>habito</strong></span> <span class='ocrx_word' id='word_1_108' title='bbox 506 2623 545 2701; x_wconf 91' lang='lat' dir='ltr'><strong>in</strong></span> <span class='ocrx_word' id='word_1_109' title='bbox 575 2625 689 2703; x_wconf 83' lang='lat' dir='ltr'><strong>Zeu</strong></span> <span class='ocrx_word' id='word_1_110' title='bbox 706 2631 756 2702; x_wconf 88' lang='lat' dir='ltr'><strong>ta</strong></span> <span class='ocrx_word' id='word_1_111' title='bbox 785 2649 808 2700; x_wconf 88' lang='lat' dir='ltr'><strong>a</strong></span> <span class='ocrx_word' id='word_1_112' title='bbox 837 2624 1030 2724; x_wconf 82' lang='lat' dir='ltr'><strong>gentibus</strong></span> <span class='ocrx_word' id='word_1_113' title='bbox 1049 2625 1216 2713; x_wconf 88' lang='lat' dir='ltr'><strong>uostris,</strong></span> <span class='ocrx_word' id='word_1_114' title='bbox 1246 2635 1288 2705; x_wconf 90' lang='lat' dir='ltr'><strong>et</strong></span> <span class='ocrx_word' id='word_1_115' title='bbox 1313 2624 1427 2704; x_wconf 88' lang='lat' dir='ltr'><strong>bello</strong></span> 
     </span>
     <span class='ocr_line' id='line_1_20' title="bbox 332 2747 1430 2848; baseline 0.001 -25"><span class='ocrx_word' id='word_1_116' title='bbox 332 2747 483 2834; x_wconf 86' lang='lat' dir='ltr'><strong>etiam,</strong></span> <span class='ocrx_word' id='word_1_117' title='bbox 512 2771 596 2848; x_wconf 90' lang='lat' dir='ltr'><strong>quo</strong></span> <span class='ocrx_word' id='word_1_118' title='bbox 626 2769 718 2825; x_wconf 88' lang='lat' dir='ltr'><strong>cum</strong></span> <span class='ocrx_word' id='word_1_119' title='bbox 747 2747 1020 2824; x_wconf 88' lang='lat' dir='ltr'><strong>serenissimo</strong></span> <span class='ocrx_word' id='word_1_120' title='bbox 1059 2769 1201 2846; x_wconf 83' lang='lat' dir='ltr'><strong>rege</strong></span> <span class='ocrx_word' id='word_1_121' title='bbox 1237 2747 1430 2825; x_wconf 86' lang='lat' dir='ltr'><strong>Bossi-</strong></span> 
     </span>
     <span class='ocr_line' id='line_1_21' title="bbox 331 2867 1426 2970; baseline -0.002 -24"><span class='ocrx_word' id='word_1_122' title='bbox 331 2892 396 2946; x_wconf 91' lang='lat' dir='ltr'><strong>ne</strong></span> <span class='ocrx_word' id='word_1_123' title='bbox 425 2867 647 2970; x_wconf 91' lang='lat' dir='ltr'><strong>implicitus</strong></span> <span class='ocrx_word' id='word_1_124' title='bbox 675 2871 751 2952; x_wconf 87' lang='lat' dir='ltr'><strong>est,</strong></span> <span class='ocrx_word' id='word_1_125' title='bbox 780 2869 894 2968; x_wconf 91' lang='lat' dir='ltr'><strong>quod</strong></span> <span class='ocrx_word' id='word_1_126' title='bbox 922 2890 1067 2944; x_wconf 89' lang='lat' dir='ltr'><strong>secum</strong></span> <span class='ocrx_word' id='word_1_127' title='bbox 1096 2871 1145 2946; x_wconf 91' lang='lat' dir='ltr'><strong>ad</strong></span> <span class='ocrx_word' id='word_1_128' title='bbox 1174 2893 1324 2970; x_wconf 88' lang='lat' dir='ltr'><strong>pacem</strong></span> <span class='ocrx_word' id='word_1_129' title='bbox 1354 2871 1426 2945; x_wconf 87' lang='lat' dir='ltr'><strong>de·</strong></span> 
     </span>
     <span class='ocr_line' id='line_1_22' title="bbox 330 2985 1426 3074; baseline 0.002 -11"><span class='ocrx_word' id='word_1_130' title='bbox 330 2987 552 3074; x_wconf 87' lang='lat' dir='ltr'><strong>veneritis,</strong></span> <span class='ocrx_word' id='word_1_131' title='bbox 585 2985 651 3062; x_wconf 85' lang='lat' dir='ltr'><strong>vel</strong></span> <span class='ocrx_word' id='word_1_132' title='bbox 677 2987 712 3060; x_wconf 90' lang='lat' dir='ltr'><strong>si</strong></span> <span class='ocrx_word' id='word_1_133' title='bbox 740 3011 822 3062; x_wconf 91' lang='lat' dir='ltr'><strong>nou</strong></span> <span class='ocrx_word' id='word_1_134' title='bbox 851 2986 1120 3074; x_wconf 85' lang='lat' dir='ltr'><strong>deveneritis,</strong></span> <span class='ocrx_word' id='word_1_135' title='bbox 1160 2988 1426 3068; x_wconf 84' lang='lat' dir='ltr'><strong>differentiae</strong></span> 
     </span>
     <span class='ocr_line' id='line_1_23' title="bbox 331 3107 1425 3212; baseline -0.004 -26"><span class='ocrx_word' id='word_1_136' title='bbox 331 3114 568 3187; x_wconf 82' lang='lat' dir='ltr'><strong>nonerunt</strong></span> <span class='ocrx_word' id='word_1_137' title='bbox 607 3107 781 3183; x_wconf 90' lang='lat' dir='ltr'><strong>multum</strong></span> <span class='ocrx_word' id='word_1_138' title='bbox 825 3131 1024 3207; x_wconf 84' lang='lat' dir='ltr'><strong>maguac;</strong></span> <span class='ocrx_word' id='word_1_139' title='bbox 1065 3114 1296 3212; x_wconf 88' lang='lat' dir='ltr'><strong>propterea</strong></span> <span class='ocrx_word' id='word_1_140' title='bbox 1325 3109 1425 3210; x_wconf 83' lang='lat' dir='ltr'><strong>qnia</strong></span> 
     </span>
     <span class='ocr_line' id='line_1_24' title="bbox 332 3227 1425 3330; baseline 0.002 -26"><span class='ocrx_word' id='word_1_141' title='bbox 332 3233 534 3330; x_wconf 83' lang='lat' dir='ltr'><strong>cupimus,</strong></span> <span class='ocrx_word' id='word_1_142' title='bbox 564 3235 607 3304; x_wconf 88' lang='lat' dir='ltr'><strong>ut</strong></span> <span class='ocrx_word' id='word_1_143' title='bbox 635 3227 669 3302; x_wconf 88' lang='lat' dir='ltr'><strong>si</strong></span> <span class='ocrx_word' id='word_1_144' title='bbox 697 3227 789 3306; x_wconf 86' lang='lat' dir='ltr'><strong>lieri</strong></span> <span class='ocrx_word' id='word_1_145' title='bbox 815 3233 958 3330; x_wconf 88' lang='lat' dir='ltr'><strong>potest</strong></span> <span class='ocrx_word' id='word_1_146' title='bbox 973 3253 1118 3306; x_wconf 87' lang='lat' dir='ltr'><strong>secum</strong></span> <span class='ocrx_word' id='word_1_147' title='bbox 1133 3255 1425 3309; x_wconf 81' lang='lat' dir='ltr'><strong>remaneamus</strong></span> 
     </span>
     <span class='ocr_line' id='line_1_25' title="bbox 331 3349 1427 3453; baseline 0.005 -28"><span class='ocrx_word' id='word_1_148' title='bbox 331 3349 371 3426; x_wconf 90' lang='lat' dir='ltr'><strong>in</strong></span> <span class='ocrx_word' id='word_1_149' title='bbox 399 3373 531 3453; x_wconf 88' lang='lat' dir='ltr'><strong>pace,</strong></span> <span class='ocrx_word' id='word_1_150' title='bbox 570 3349 763 3426; x_wconf 90' lang='lat' dir='ltr'><strong>volumus</strong></span> <span class='ocrx_word' id='word_1_151' title='bbox 792 3403 994 3429; x_wconf 89' lang='grc'><strong>......</strong></span> <span class='ocrx_word' id='word_1_152' title='bbox 1023 3355 1228 3452; x_wconf 87' lang='lat' dir='ltr'><strong>quatenus</strong></span> <span class='ocrx_word' id='word_1_153' title='bbox 1264 3352 1299 3426; x_wconf 94' lang='lat' dir='ltr'><strong>si</strong></span> <span class='ocrx_word' id='word_1_154' title='bbox 1330 3377 1427 3430; x_wconf 90' lang='lat' dir='ltr'><strong>cum</strong></span> 
     </span>
     <span class='ocr_line' id='line_1_26' title="bbox 331 3470 1426 3552; baseline 0.001 -3"><span class='ocrx_word' id='word_1_155' title='bbox 331 3471 494 3550; x_wconf 85' lang='lat' dir='ltr'><strong>ducatis</strong></span> <span class='ocrx_word' id='word_1_156' title='bbox 535 3470 649 3548; x_wconf 88' lang='lat' dir='ltr'><strong>mille</strong></span> <span class='ocrx_word' id='word_1_157' title='bbox 754 3529 761 3545; x_wconf 96' lang='lat'><strong><em>.</em></strong></span> <span class='ocrx_word' id='word_1_158' title='bbox 791 3529 798 3544; x_wconf 92' lang='lat'>.</span> <span class='ocrx_word' id='word_1_159' title='bbox 827 3495 968 3550; x_wconf 89' lang='lat' dir='ltr'><strong>secum</strong></span> <span class='ocrx_word' id='word_1_160' title='bbox 998 3473 1038 3551; x_wconf 88' lang='lat' dir='ltr'><strong>in</strong></span> <span class='ocrx_word' id='word_1_161' title='bbox 1067 3473 1313 3552; x_wconf 90' lang='lat' dir='ltr'><strong>concordio</strong></span> <span class='ocrx_word' id='word_1_162' title='bbox 1343 3497 1426 3550; x_wconf 90' lang='lat' dir='ltr'><strong>non</strong></span> 
     </span>
     <span class='ocr_line' id='line_1_27' title="bbox 332 3589 1422 3698; baseline 0 -29"><span class='ocrx_word' id='word_1_163' title='bbox 332 3591 638 3682; x_wconf 83' lang='lat' dir='ltr'><strong>remanseritis,</strong></span> <span class='ocrx_word' id='word_1_164' title='bbox 666 3592 746 3694; x_wconf 89' lang='lat' dir='ltr'><strong>ipsi</strong></span> <span class='ocrx_word' id='word_1_165' title='bbox 772 3589 954 3694; x_wconf 87' lang='lat' dir='ltr'><strong>desputo</strong></span> <span class='ocrx_word' id='word_1_166' title='bbox 997 3593 1249 3696; x_wconf 88' lang='lat' dir='ltr'><strong>promittere</strong></span> <span class='ocrx_word' id='word_1_167' title='bbox 1291 3596 1422 3698; x_wconf 88' lang='lat' dir='ltr'><strong>possi·</strong></span> 
     </span>
     <span class='ocr_line' id='line_1_28' title="bbox 331 3713 1425 3814; baseline 0.002 -24"><span class='ocrx_word' id='word_1_168' title='bbox 331 3714 386 3790; x_wconf 86' lang='lat' dir='ltr'><strong>tis</strong></span> <span class='ocrx_word' id='word_1_169' title='bbox 413 3736 546 3814; x_wconf 89' lang='lat' dir='ltr'><strong>usqne</strong></span> <span class='ocrx_word' id='word_1_170' title='bbox 575 3713 626 3788; x_wconf 88' lang='lat' dir='ltr'><strong>ad</strong></span> <span class='ocrx_word' id='word_1_171' title='bbox 653 3737 857 3793; x_wconf 84' lang='lat' dir='ltr'><strong>summam</strong></span> <span class='ocrx_word' id='word_1_172' title='bbox 886 3715 1136 3794; x_wconf 82' lang='lat' dir='ltr'><strong>ducatorum</strong></span> <span class='ocrx_word' id='word_1_173' title='bbox 1160 3715 1425 3794; x_wconf 83' lang='lat' dir='ltr'><strong>MDcentrrm</strong></span> 
     </span>
     <span class='ocr_line' id='line_1_29' title="bbox 331 3831 1425 3926; baseline -0.002 -16"><span class='ocrx_word' id='word_1_174' title='bbox 331 3835 385 3910; x_wconf 91' lang='lat' dir='ltr'><strong>de</strong></span> <span class='ocrx_word' id='word_1_175' title='bbox 412 3831 650 3910; x_wconf 87' lang='lat' dir='ltr'><strong>introitibus</strong></span> <span class='ocrx_word' id='word_1_176' title='bbox 679 3833 848 3912; x_wconf 82' lang='lat' dir='ltr'><strong>Scutari</strong></span> <span class='ocrx_word' id='word_1_177' title='bbox 878 3834 917 3912; x_wconf 92' lang='lat' dir='ltr'><strong>iu</strong></span> <span class='ocrx_word' id='word_1_178' title='bbox 946 3859 1082 3926; x_wconf 87' lang='lat' dir='ltr'><strong>anno,</strong></span> <span class='ocrx_word' id='word_1_179' title='bbox 1110 3835 1425 3914; x_wconf 86' lang='lat' dir='ltr'><strong>remanentibus</strong></span> 
     </span>
     <span class='ocr_line' id='line_1_30' title="bbox 331 3949 1422 4057; baseline 0.002 -28"><span class='ocrx_word' id='word_1_180' title='bbox 331 3952 454 4031; x_wconf 88' lang='lat' dir='ltr'><strong>nobis</strong></span> <span class='ocrx_word' id='word_1_181' title='bbox 483 3949 599 4038; x_wconf 85' lang='lat' dir='ltr'><strong>locis,</strong></span> <span class='ocrx_word' id='word_1_182' title='bbox 627 3979 706 4054; x_wconf 83' lang='lat' dir='ltr'><strong>que</strong></span> <span class='ocrx_word' id='word_1_183' title='bbox 733 3953 843 4033; x_wconf 87' lang='lat' dir='ltr'><strong>iusto</strong></span> <span class='ocrx_word' id='word_1_184' title='bbox 874 3963 916 4032; x_wconf 90' lang='lat' dir='ltr'><strong>et</strong></span> <span class='ocrx_word' id='word_1_185' title='bbox 945 3955 1187 4057; x_wconf 89' lang='lat' dir='ltr'><strong>eqnobello</strong></span> <span class='ocrx_word' id='word_1_186' title='bbox 1216 3957 1270 4032; x_wconf 88' lang='lat' dir='ltr'><strong>dc</strong></span> <span class='ocrx_word' id='word_1_187' title='bbox 1301 3955 1422 4034; x_wconf 88' lang='lat' dir='ltr'><strong>mani·</strong></span> 
     </span>
     <span class='ocr_line' id='line_1_31' title="bbox 332 4073 1423 4172; baseline 0.004 -25"><span class='ocrx_word' id='word_1_188' title='bbox 332 4073 673 4151; x_wconf 88' lang='lat' dir='ltr'><strong>buscomitis</strong></span> <span class='ocrx_word' id='word_1_189' title='bbox 716 4074 1298 4172; x_wconf 26' lang='lat' dir='ltr'><strong>Stelauissvulchicm</strong></span> <span class='ocrx_word' id='word_1_190' title='bbox 1332 4086 1423 4154; x_wconf 90' lang='lat' dir='ltr'><strong>tunc</strong></span> 
     </span>
     <span class='ocr_line' id='line_1_32' title="bbox 331 4191 1424 4294; baseline 0.002 -24"><span class='ocrx_word' id='word_1_191' title='bbox 331 4191 464 4272; x_wconf 88' lang='lat' dir='ltr'><strong>hostis</strong></span> <span class='ocrx_word' id='word_1_192' title='bbox 493 4194 855 4274; x_wconf 56' lang='lat' dir='ltr'><strong>nostri‘traximus</strong></span> <span class='ocrx_word' id='word_1_193' title='bbox 882 4255 890 4272; x_wconf 91' lang='lat'><strong>.</strong></span> <span class='ocrx_word' id='word_1_194' title='bbox 918 4251 927 4267; x_wconf 89' lang='lat'><strong>.</strong></span> <span class='ocrx_word' id='word_1_195' title='bbox 954 4255 962 4274; x_wconf 93' lang='lat'>.</span> <span class='ocrx_word' id='word_1_196' title='bbox 991 4197 1165 4294; x_wconf 83' lang='lat' dir='ltr'><strong>Quando</strong></span> <span class='ocrx_word' id='word_1_197' title='bbox 1194 4221 1301 4276; x_wconf 88' lang='lat' dir='ltr'><strong>vero</strong></span> <span class='ocrx_word' id='word_1_198' title='bbox 1332 4221 1424 4274; x_wconf 90' lang='lat' dir='ltr'><strong>cum</strong></span> 
     </span>
    </p>
   </div>
   <div class='ocr_carea' id='block_1_4' title="bbox 0 0 1619 5110">
    <p class='ocr_par' dir='ltr' id='par_1_5' title="bbox 0 0 1619 5110">
     <span class='ocr_line' id='line_1_33' title="bbox 0 0 1619 5110; baseline 0 0"><span class='ocrx_word' id='word_1_199' title='bbox 0 0 1619 5110; x_wconf 95' lang='lat' dir='ltr'><strong> </strong></span> 
     </span>
    </p>
   </div>
  </div>
 </body>
</html>
