3228 5108
372 634 494 716 eruut
529 652 702 732 semper
755 625 982 705 fidelissimi
1034 624 1268 704 servitores
1306 624 1456 703 nostri.

369 749 495 827 vadit
520 774 630 852 pars,
658 748 932 828 consideratis
960 749 1084 826 etiam
1113 746 1461 848 terminisinqui·

371 871 449 948 bus
477 878 572 948 sunt
612 870 749 951 dictae
776 875 944 973 partes,
985 876 1027 947 et
1054 893 1240 974 expense
1267 867 1459 958 maxims,

370 1015 493 1092 quum
520 989 768 1072 ibifecimus
793 992 883 1070 sine
911 991 1052 1094 atiquo
1081 991 1234 1082 fructu,
1257 988 1459 1068 etiucerc

370 1117 591 1214 oporteret
619 1117 826 1190 ettamen
855 1109 1023 1190 dubium
1052 1119 1146 1212 est,¹
1178 1133 1303 1214 quem
1332 1109 1459 1188 fluem

369 1239 571 1334 cuperent
598 1231 779 1310 finaliter
805 1229 915 1308 dictu
944 1231 1059 1320 iocu;
1087 1232 1203 1332 quod
1230 1231 1458 1334 responde·

368 1356 460 1428 stur
489 1359 532 1430 et
558 1353 721 1432 dicutur
757 1353 996 1430 oratoribus
1033 1352 1252 1432 antedictis
1279 1349 1460 1452 perdo·

368 1474 561 1572 minium,
605 1497 699 1554 cum
740 1471 820 1550 iilis
861 1471 980 1551 bonis
1020 1479 1063 1549 et
1102 1471 1274 1550 utilibus
1313 1470 1462 1550 verbio

369 1619 475 1698 quse
503 1593 767 1704 videbuutur,
795 1591 908 1695 quod
934 1591 1015 1698 ipsi
1043 1589 1185 1670 vident
1213 1597 1256 1670 et
1279 1613 1459 1692 coguos-

368 1724 478 1808 cunt‚
506 1721 703 1818 quantum
732 1714 889 1791 domiui
917 1713 1010 1805 sui,
1038 1735 1121 1789 non
1149 1735 1362 1792 memores
1391 1713 1460 1793 be·

276 1835 281 1846 '
366 1835 617 1916 neiiciorum
644 1833 796 1910 merito
823 1839 866 1908 et
888 1832 996 1934 petri
1022 1856 1100 1910 suo
1129 1832 1356 1933 illatorum,
1386 1836 1460 1937 qui

366 1955 554 2036 totaliter
580 1954 767 2030 venisset
792 1951 833 2027 iu
862 1949 1081 2029 fortium
1108 1949 1459 2039 Turchorum,

365 2075 446 2154 nisi
461 2064 708 2154 fecissemus
735 2069 1108 2160 intromissionem,
1137 2094 1261 2173 quom
1278 2071 1459 2150 fecimus
1600 2169 1602 2182 ᾗ

366 2197 420 2274 de
448 2187 555 2274 locis
582 2193 688 2290 iliis,
719 2217 801 2295 que
831 2199 951 2272 crunt
980 2189 1019 2268 in
1047 2190 1261 2271 fronteriis
1290 2215 1456 2291 eorum,

365 2315 578 2394 hostiliter
607 2319 650 2392 ct
677 2319 1011 2403 armatarum,
1051 2311 1164 2389 nulio
1192 2337 1215 2390 c
1243 2309 1362 2392 nobis
1388 2313 1457 2392 vel

365 2435 535 2516 nostris
564 2455 690 2514 cause
730 2432 1011 2536 precedente,
1049 2441 1308 2536 acceperuut
1328 2434 1459 2514 nobis

365 2555 478 2635 dicte
531 2555 655 2652 ioca,
708 2551 784 2654 sed
838 2549 1055 2641 Christus,
1109 2555 1180 2655 qui
1220 2561 1285 2632 est
1325 2555 1457 2634 iustus

363 2675 502 2767 iudex,
529 2673 644 2754 dedit
670 2674 793 2753 nobis
822 2673 1024 2774 gratiam,
1067 2675 1179 2774 quod
1207 2699 1291 2753 uon
1319 2676 1458 2754 solum

361 2800 452 2902 ipsc
478 2795 834 2901 recuperavimus,
864 2795 938 2873 sed
968 2793 1266 2896 acquisivimus
1299 2820 1385 2884 suo,
1412 2804 1460 2876 ut

335 2907 442 3022 'ipsi
484 2922 527 2994 et
567 2915 700 2996 ceteri
744 2916 985 3018 exemplum
1029 2901 1255 3020 cuperent,
1310 2921 1459 2995 contro

362 3037 490 3118 fldem
525 3059 643 3112 suem
673 3039 715 3111 et
743 3042 894 3112 contra
927 3035 995 3132 jus
1026 3037 1070 3110 et
1103 3033 1311 3114 iusticiam
1338 3034 1456 3112 noiie

285 3230 295 3238 .
363 3179 518 3261 cupere
571 3157 705 3233 aliena
760 3155 868 3245 locas
921 3153 980 3232 lit
1033 3159 1151 3233 certe
1192 3154 1226 3232 si
1272 3154 1460 3258 respice-

363 3301 505 3357 remus
546 3275 596 3352 cd
636 3275 864 3377 nequitiam
905 3299 1051 3362 susm,
1097 3283 1140 3354 et
1166 3275 1276 3352 mula
1318 3297 1451 3378 opere

361 3421 447 3485 suu,
474 3395 746 3475 nullomodo
775 3395 888 3499 ipsos
916 3398 966 3475 ud
983 3397 1160 3498 gretiam
1188 3417 1452 3498 cuperemus,

359 3541 458 3622 ymo
486 3515 644 3620 ubique
672 3535 1042 3618 persequeremus,
1071 3518 1184 3596 velut
1213 3515 1452 3621 capitelissi·

361 3657 455 3717 mos
481 3637 697 3727 inimicos;
727 3639 803 3714 sed
831 3661 910 3715 nos
937 3638 1133 3716 volumus
1159 3635 1311 3716 imitari
1337 3645 1453 3718 notu·

360 3782 451 3839 rum
478 3764 664 3836 nostrum
693 3765 735 3835 et
761 3778 904 3836 mores
930 3764 1247 3838 antecessorum
1289 3764 1453 3838 nostro·
1487 3841 1490 3854 ,

283 3891 295 3907 ’
361 3904 476 3968 rum,
502 3878 573 3979 qui
600 3897 768 3980 semper
795 3878 1007 3957 sciverunt
1034 3886 1077 3954 et
1102 3901 1282 3983 parcere
1311 3877 1452 3957 volue-

361 4005 469 4089 runt,
496 4006 540 4076 ut
568 3995 760 4076 Christus
787 4020 865 4076 nos
892 4005 935 4075 et
959 4004 1110 4076 statum
1138 4006 1327 4078 nostrum
1354 4021 1450 4102 pro·

359 4125 473 4220 tegat
500 4127 543 4197 et
569 4117 777 4208 defendat
806 4143 856 4198 ac
885 4125 1132 4214 conservet,
1159 4125 1207 4198 ut
1232 4119 1452 4221 hucusque

360 4241 464 4322 fecit
493 4237 683 4319 felicibus
710 4239 751 4318 in
780 4243 1031 4340 crementis,
1061 4249 1104 4321 et
1131 4241 1306 4319 dicimus
1334 4240 1451 4344 quod

358 4359 487 4442 simus
515 4359 706 4441 contenti
732 4359 870 4442 dictos
911 4363 1122 4444 dominum
1164 4361 1204 4442 fl
1218 4363 1270 4442 ei
1287 4387 1312 4440 e
1328 4387 1355 4442 u
1372 4383 1450 4440 sm
