3206 5110
391 673 392 676 p
439 570 717 652 MCCCXLV.
747 574 800 651 de
829 595 973 650 manae
1000 571 1180 672 dugenti
1222 573 1300 648 nub
1341 571 1431 649 An·

332 695 472 770 drea
515 692 785 770 Danduto
815 695 936 784 duee,
977 692 1431 794 ladraseptimo

334 811 552 892 rebellavit
589 819 632 888 et
667 813 795 910 regi
825 811 862 888 H
880 837 905 888 u
922 837 946 890 n
964 835 1025 912 ga
1042 837 1063 888 r
1078 814 1088 888 i
1105 837 1127 888 a
1143 835 1167 888 e
1194 837 1240 888 ae
1267 811 1433 888 summi·

334 933 399 1012 sit.
441 931 563 1010 Anno
592 956 695 1010 vero
725 931 920 1034 sequenti
949 933 1108 1009 viribus
1136 940 1177 1008 et
1212 931 1434 1008 obsidione

335 1053 552 1157 redempta
583 1054 680 1145 tuit,
717 1056 795 1131 sub
826 1052 1092 1155 capitaneum
1136 1053 1317 1130 Marci
1358 1051 1433 1126 iu·

334 1197 353 1246 e
371 1181 382 1250 t
400 1175 410 1250 i
428 1199 453 1249 ιι
468 1173 517 1252 ia
534 1195 558 1249 ιι
575 1174 585 1250 i
627 1173 935 1273 procuratoris.

435 1293 715 1374 MCCCbVii.
744 1294 1008 1372 iohanne
1038 1291 1337 1396 Deipbino
1363 1293 1433 1369 do·

337 1415 448 1492 cetui
478 1413 757 1517 praesidente,
774 1415 824 1494 ad
844 1417 1077 1494 instantiam
1106 1439 1125 1490 r
1142 1435 1165 1490 e
1183 1413 1270 1513 gis
1300 1407 1434 1488 Hun-

336 1536 568 1629 garine,
609 1534 778 1613 ladra
808 1535 920 1612 iurto
966 1543 1160 1637 surrepta
1191 1535 1265 1611 fuit
1302 1540 1345 1611 et
1372 1553 1435 1606 ua-

214 1715 221 1725 .
337 1678 419 1754 que
448 1655 497 1730 ad
526 1652 793 1732 MCCCCIX.
829 1655 1029 1732 continue
1071 1661 1289 1756 ocetrpata.
1344 1651 1434 1749 Quo

337 1778 528 1870 tempore
566 1799 669 1852 rex
710 1775 1028 1854 badislaus
1072 1779 1282 1875 tamquam
1311 1791 1435 1846 reruu

337 1886 529 1970 dominus
585 1903 627 1972 et
680 1919 883 1996 poseasnr
936 1895 1163 1973 ladrum
1219 1896 1434 1992 totamque

338 2009 410 2084 Da
428 2011 439 2086 Ι
455 2035 493 2128 ιιιί
512 2035 533 2086 a
549 2021 563 2090 t
580 2015 591 2089 i
607 2039 629 2092 a
647 2037 686 2090 m
728 2014 915 2091 dominio
952 2016 1214 2090 Venetorum
1243 2012 1363 2089 tituto
1392 2011 1436 2086 ii·

270 2223 274 2230 Ι
338 2126 439 2206 bere
469 2140 510 2208 ot
538 2138 745 2235 perpetue
775 2132 1026 2211 retuditinnis
1056 2131 1265 2210 attenevit.

440 2248 512 2326 His
552 2254 693 2352 itaque
730 2253 991 2356 temporibus
1020 2265 1137 2330 reete
1164 2249 1436 2328 dinumeratio

338 2365 388 2444 ab
417 2391 470 2446 eo
500 2377 693 2469 tempore
723 2399 807 2474 quo
837 2375 1014 2474 primum
1054 2375 1224 2450 iadra
1252 2369 1327 2447 sub
1357 2372 1435 2444 Ve-

337 2489 750 2570 netorumditionem
779 2495 970 2595 peruenit
993 2517 1125 2597 usqtre
1156 2491 1205 2568 ad
1235 2488 1345 2570 bunc
1374 2515 1437 2565 an·

284 2605 285 2608 ‘
339 2630 447 2684 num
489 2609 832 2692 mccccxviii.
877 2617 1086 2694 durnerunt
1114 2617 1207 2692 anni
1249 2613 1436 2690 circiter.

184 2763 186 2767 ·
339 2723 638 2809 ccccxxvi.
683 2736 799 2812 cuius
840 2739 1045 2840 temporis
1088 2736 1179 2812 anni
1209 2729 1437 2812 cccxiii.

339 2846 405 2920 ret
435 2849 573 2932 cirea,
616 2839 691 2926 sub
721 2855 979 2934 Venetorum
1019 2855 1178 2932 ditione
1208 2859 1439 2931 cesserunt.

337 2964 503 3065 Reliqui
532 2991 636 3048 uero
665 2971 909 3052 uxxxnu.
947 2999 1001 3054 ex
1037 2977 1343 3054 iadratinorum
1373 2973 1439 3048 de·

339 3087 626 3164 tectionesuu
655 3093 835 3174 diversis
863 3096 1057 3174 dominiis
1085 3103 1210 3196 atqrre
1239 3093 1437 3172 fluctuati·

341 3203 488 3282 (unibus
517 3211 786 3293 transierunt.
910 3231 911 3239 ’

874 3317 1189 3384 Connuernoriate
1214 3316 1239 3379 1.
1264 3313 1319 3380 ch.
1347 3314 1395 3376 tt.

456 3393 649 3494 Diali}
681 3407 798 3498 tuaoj
821 3421 888 3500 dtu
928 3431 976 3502 ιι
1019 3419 1326 3500 Octobris.

339 3537 566 3606 Banuoeeno,
600 3556 636 3620 pa
658 3544 840 3604 Moerentia
867 3565 966 3621 rrnrup·
998 3566 1084 3606 nanu
1110 3550 1316 3616 i'uneronn,
1338 3561 1376 3612 aa
1401 3560 1438 3600 ru

340 3637 477 3678 raruarn
503 3639 539 3678 na
564 3641 616 3697 ro,
641 3643 678 3695 aa
704 3629 860 3690 iiouuruu
887 3652 987 3708 „pann
1024 3651 1114 3690 auare
1140 3648 1292 3708 npannra
1316 3631 1439 3701 'Ierunp

426 3723 551 3782 upyuy,
577 3725 649 3768 roto
673 3729 714 3788 ay
738 3717 870 3788 Xyenru
896 3734 988 3792 eppe.
1013 3716 1177 3798 (apuam,
1201 3711 1354 3793 eunoun).

404 3807 596 3886 Sribatur
611 3817 966 3896 reverendissimo
984 3820 1091 3916 patri
1107 3807 1279 3895 domino
1301 3815 1443 3890 Fran·

341 3925 484 4004 uinco
515 3925 682 4006 lurido
714 3936 966 4014 cardinali
995 3936 1294 4022 Venetiarurm
1322 3932 1441 4012 uerti·

342 4043 451 4120 tioati
481 4043 633 4124 fuimus
663 4073 740 4149 per
763 4056 913 4132 maritae
943 4055 1030 4130 vias
1060 4058 1083 4132 b
1102 4081 1123 4132 a
1141 4077 1202 4130 ro
1220 4077 1323 4130 nes
1350 4053 1441 4130 Bo·

343 4205 365 4252 e
383 4183 526 4256 miae
552 4175 718 4254 misisse
746 4177 946 4254 solennes
983 4175 1305 4261 aumbausiatores
1345 4197 1443 4249 suos
