3186 5112
336 405 404 472 m

339 611 509 691 anobis
535 607 737 688 tractandi
765 613 807 684 et
834 603 1116 684 concludendi
1162 603 1315 684 bonnm
1354 626 1422 710 ps·
1463 585 1468 618 ³

341 755 435 810 nem
462 731 571 808 inter
607 727 722 834 ipsos
752 735 794 804 et
820 749 922 814 nos,
961 745 1039 826 pro
1069 721 1183 802 bono
1213 734 1256 803 et
1283 721 1423 824 quiete

339 851 516 952 partium
544 849 866 954 praedictarum,
881 853 922 924 et
937 843 1051 945 quod
1074 852 1300 947 propterea
1328 865 1424 946 pro·

339 971 507 1050 videant
531 968 584 1047 de
612 965 791 1046 essendo
820 969 972 1056 tenum,
987 963 1052 1040 vei
1068 963 1119 1039 de
1137 963 1341 1043 mittendo
1369 961 1425 1044 do

339 1091 437 1181 suis,
463 1098 509 1169 ut
521 1088 656 1194 possis
684 1110 777 1166 eum
806 1085 867 1162 eis
884 1109 979 1163 esse
994 1089 1036 1160 et
1051 1082 1194 1166 faeere
1221 1107 1284 1169 es,
1315 1107 1424 1184 quoe

338 1209 520 1290 habeant
570 1231 720 1314 paoem
761 1213 804 1285 et
844 1205 1029 1309 quietem
1074 1204 1287 1283 inducere·
1314 1203 1425 1284 inter

339 1333 495 1530 putessft
522 1451 619 1552 quin
644 1473 785 1528 sumus
813 1447 940 1534 nenti,
980 1446 1093 1546 quod
1121 1444 1230 1524 diota
1260 1444 1425 1524 domi·

340 1593 404 1648 nn
431 1569 655 1650 Helene
694 1573 738 1645 et
772 1566 958 1660 Balsa,
987 1565 1123 1644 audite
1151 1565 1423 1667 requisitione

340 1695 425 1788 tna,
452 1685 736 1792 providebunt
763 1693 833 1765 eut
858 1686 911 1764 de
939 1686 1154 1786 loquendo
1183 1694 1325 1765 tenum
1353 1692 1423 1764 sut

342 1813 393 1890 de
420 1809 623 1889 mittendo
652 1810 818 1910 aliquos
847 1833 900 1886 ex
932 1807 1019 1885 suis
1035 1809 1158 1907 odie,
1173 1831 1253 1910 pro
1280 1807 1420 1886 viden·

341 1931 395 2008 do
414 1939 457 2009 et
482 1929 657 2010 sciendo
686 1929 957 2008 intentionem
985 1935 1172 2008 nostram
1199 1951 1329 2032 super
1355 1951 1423 2030 pe·

341 2075 393 2132 ee
420 2049 635 2130 tractanda
674 2052 785 2128 inter
809 2057 970 2152 pentes3
1004 2051 1192 2128 volumus
1230 2051 1344 2151 quod
1370 2050 1423 2126 si·

340 2172 427 2266 mul
455 2195 549 2252 oum
572 2171 685 2251 dioto
714 2195 784 2249 ser
807 2171 976 2251 Jeeobo
1003 2169 1235 2262 'Privissno
1262 2172 1421 2251 debeas

339 2293 603 2396 perquirere,
630 2291 881 2389 investigere
909 2291 1120 2370 etsentine
1148 2293 1422 2372 intentionem

340 2411 547 2492 dictorum
576 2414 769 2492 dominos
795 2411 980 2490 Helenae
1009 2420 1051 2491 et
1076 2413 1222 2511 Bane,
1252 2409 1420 2514 etquid

340 2531 496 2610 veilent
530 2555 607 2635 pon
645 2537 836 2611 nostrum
879 2531 1107 2612 dominium
1134 2533 1195 2611 eis
1222 2531 1339 2620 fleri,
1381 2539 1425 2612 et

340 2651 437 2754 quie
464 2677 547 2732 non
573 2652 830 2740 dubitemus,
869 2653 984 2756 qnod
1011 2651 1121 2733 dioto
1147 2654 1317 2732 domino
1341 2651 1421 2730 Ho-

341 2771 436 2850 lene
463 2781 506 2850 et
531 2771 656 2850 Balsa
681 2780 850 2875 petent,
891 2779 937 2850 nt
962 2769 1041 2850 sibi
1068 2773 1168 2851 dane
1196 2773 1421 2850 debeamus

339 2889 685 2972 Antibenum
718 2919 797 2998 pro
828 2919 976 2972 eorum
1002 2894 1261 2972 habitatione
1289 2898 1332 2970 ot
1358 2917 1421 2970 ne·

339 3012 482 3100 ductu,
508 3011 620 3092 sieut
645 3014 745 3092 elios
772 3014 973 3100 fecerunt,
999 3013 1191 3092 volumus
1221 3012 1334 3114 quod
1369 3009 1420 3088 ed

340 3131 425 3212 hoo
452 3133 711 3234 respondere
739 3136 908 3227 debens
936 3135 1048 3237 quod
1067 3141 1211 3211 nostre
1239 3130 1420 3210 domine·

338 3250 411 3343 tio,
437 3259 614 3356 propter
641 3257 947 3358 promissiones
982 3255 1111 3333 factas
1139 3248 1421 3333 Antibanensi·

341 3373 418 3451 bus
445 3371 529 3452 hoo
556 3373 670 3453 nullo
710 3377 839 3454 modo
880 3399 959 3479 pro
988 3375 1153 3453 honore
1189 3377 1339 3452 nostro
1368 3370 1421 3447 in·

340 3499 470 3570 neret.
509 3491 593 3570 Sed
621 3501 667 3572 ut
692 3493 858 3572 videant
885 3502 928 3572 et
955 3499 1223 3594 cognoscent,
1257 3489 1419 3570 itentio·

339 3633 435 3689 nem
461 3615 648 3690 nostram
689 3636 783 3692 esse
825 3615 977 3692 bonnm
1005 3636 1106 3712 erga
1132 3636 1240 3703 eos,
1273 3617 1317 3688 ot
1341 3633 1421 3686 nos

341 3753 436 3810 osse
465 3729 688 3834 dispositos
726 3733 837 3812 velle
877 3759 1021 3813 seeum
1056 3736 1096 3812 in
1132 3759 1238 3836 peno
1264 3732 1421 3822 vivore,

340 3854 486 3928 nostra
513 3849 838 3956 dominatioest
865 3859 1060 3933 contente
1087 3853 1166 3930 sibi
1193 3855 1292 3932 dene
1328 3851 1419 3930 nu-

340 3965 485 4050 duam
514 3993 608 4048 oum
634 3971 774 4050 salinis
802 3981 845 4051 et
866 3972 1225 4072 jurisdictionibus
1254 3975 1352 4062 suis,
1379 3979 1422 4052 et
1582 4061 1583 4064 Ν

340 4089 449 4168 uitro
474 4091 560 4170 hoo
588 4101 906 4173 oontnntem
935 4094 1254 4186 Saboienoe,
1283 4103 1326 4176 et
1352 4097 1419 4175 du·
1582 4085 1583 4090 Ν

342 4215 461 4290 cetos
490 4211 601 4292 milio
627 4214 669 4292 in
697 4237 828 4304 enno,
864 4217 975 4295 sieut
1000 4217 1183 4296 habebnt
1209 4221 1419 4321 qnondam

340 4327 534 4412 dominus
574 4331 1251 4436 GeorginsStrooimini
1281 4339 1417 4420 dein·
1529 4337 1531 4342 ’
