3234 5116
152 623 159 632 '
193 623 237 696 et
263 618 592 700 terminassem
618 621 760 701 dando
789 619 901 702 dicio
931 619 1144 725 desputo,
1188 627 1284 705 clvi·

152 807 156 819 .
192 745 323 819 ,tatem
351 747 540 836 nostram
581 740 889 842 Duloigoi‚
933 742 1044 822 sicut
1071 757 1153 848 per
1180 745 1284 825 litte·
1397 783 1401 794 ·

194 885 261 936 ras
289 865 466 953 vestras,
493 887 662 965 pervus
690 887 761 940 ser
789 865 998 944 Andream
1024 873 1067 944 et
1081 889 1152 944 ser
1179 865 1285 948 Mer·

194 1005 288 1060 cum
317 1005 367 1061 ac
394 1005 467 1060 ser
493 983 721 1064 Antonium
750 1008 773 1062 a
800 983 1005 1070 Boclrolis
1031 994 1185 1064 nostro
1214 987 1285 1066 do·

193 1101 322 1180 minio
349 1103 544 1204 scriptas,
571 1111 615 1181 et
642 1104 759 1186 datas
784 1103 854 1182 die
890 1114 1043 1184 octavo
1070 1105 1286 1194 Octobris.

194 1224 310 1306 clere
326 1235 514 1330 epparen
541 1227 595 1304 de
616 1251 695 1328 qua
712 1231 853 1306 vestre
881 1225 1188 1306 deliberatione
1215 1231 1282 1308 ad·

194 1346 420 1438 miramur,
461 1371 557 1426 cum
584 1348 741 1436 nullam
767 1372 791 1425 a
820 1347 942 1427 nobis
979 1349 1214 1430 habueritis
1242 1351 1285 1428 li·

195 1467 427 1552 bertatem,
470 1467 674 1546 alienandi
703 1477 745 1547 et
773 1475 908 1546 terres
936 1475 980 1545 et
1006 1469 1099 1546 locu
1127 1475 1286 1561 nostrvm

195 1586 299 1664 etsi
327 1583 579 1668 dubitabatis
607 1611 660 1665 ne
688 1588 786 1666 loca
825 1593 972 1666 nostra
1014 1590 1286 1690 pervenirent

193 1707 245 1785 ad
272 1731 420 1788 manus
445 1707 612 1812 despoti
641 1710 861 1809 praedicti,
888 1707 1030 1813 potius
1062 1707 1284 1788 debebatis

192 1829 263 1908 illa
289 1829 786 1923 submittererlortuuae‚
815 1855 941 1933 quam
969 1831 1059 1908 sine
1089 1832 1283 1911 mundato

193 1957 367 2036 nostro,
396 1973 490 2028 cum
519 1953 635 2029 lento
666 1973 798 2028 onere
826 1950 962 2027 nostri
988 1949 1187 2037 dominii,
1206 1951 1286 2030 *illu

193 2067 402 2158 alienare;
443 2079 487 2148 et
513 2071 707 2151 dolemus
747 2071 873 2169 etiem
916 2083 960 2148 et
997 2096 1083 2150 non
1123 2095 1285 2175 perum,

194 2191 308 2294 quod
349 2191 686 2274 deliberaveritis
726 2193 867 2296 potius
917 2195 1020 2272 dare
1072 2191 1285 2272 civitatem

195 2309 502 2410 Dulcigni,
548 2337 671 2413 quern
700 2317 859 2393 terram
887 2311 1148 2402 Budvae,
1188 2313 1284 2416 quin

173 2431 301 2511 rbene
330 2433 592 2532 cognoscitis
629 2433 909 2513 differentiam
949 2433 1203 2511 existentem
1231 2432 1271 2510 in

192 2561 274 2631 ter
295 2553 540 2656 Dulcignum
571 2561 614 2632 et
640 2553 843 2632 Budvem.
899 2552 984 2632 Sed
1023 2553 1156 2631 multo
1192 2552 1313 2654 plusx

194 2673 414 2759 dolemus,
444 2673 559 2776 quod
586 2673 928 2753 deliberaveritis
956 2674 1073 2753 dicto
1103 2673 1284 2777 desputo

193 2792 405 2872 dimittere
431 2795 644 2874 civitatem
672 2801 860 2874 nostrum
889 2794 1150 2884 Drivasti,
1192 2819 1286 2874 con-

192 2909 429 2992 siderantes
466 2913 577 3016 quod
620 2919 822 2993 castrum·
846 2923 1037 2992 tenemus
1074 2924 1188 2994 etse
1217 2915 1285 2992 de·

193 3029 367 3112 ien'dere
394 3042 560 3142 potest,
596 3036 693 3138 quie
720 3033 847 3113 habet
873 3035 1068 3116 victualis
1096 3037 1148 3116 ad
1175 3037 1288 3116 sulli-

192 3153 387 3236 oientiam
417 3163 459 3234 et
485 3157 678 3236 homines
720 3161 842 3260 nptos
884 3158 935 3234 ad
980 3157 1282 3237 defensionem.

188 3273 242 3353 lit
269 3283 498 3378 propterea
523 3303 616 3357 cum
633 3279 788 3358 nostris
818 3277 1007 3358 consiliis
1037 3257 1284 3378 rogatorum

192 3402 234 3472 et
262 3395 520 3486 addicionis‚
561 3397 751 3479 fidelitati
779 3406 945 3477 vestrae
987 3399 1215 3478 scribimus
1243 3407 1286 3477 et

192 3515 447 3607 mandamus,
490 3526 694 3620 quatenus
723 3517 759 3596 si
787 3542 873 3595 nou
901 3519 1206 3622 pervenissetis
1235 3517 1285 3595 ad

192 3637 511 3717 conclusionem
541 3663 635 3717 curn
652 3639 766 3719 dicto
791 3638 962 3717 domino
991 3637 1189 3742 desputo,
1217 3638 1285 3715 de-

191 3755 324 3836 beatis
362 3741 541 3838 omnino¹
574 3760 731 3838 instare
761 3764 803 3838 et
831 3781 1067 3862 procurare
1095 3781 1144 3834 ac
1172 3755 1284 3834 solli·

190 3879 347 3967 nitere.
389 3881 501 3984 quod
541 3882 653 3960 idem
695 3881 888 3958 dominus
930 3872 1285 3982 despotnsnobis

191 3981 382 4079 restituat
411 4001 624 4082 civilatem
653 4005 840 4079 nostrum
869 3997 1070 4085 Drivusti,
1111 3997 1208 4100 quia
1235 3997 1283 4074 si·-

189 4146 242 4197 ne
271 4119 465 4202 Drivnsto
496 4121 824 4202 civitesScutnri
854 4145 1002 4223 perum
1030 4118 1153 4205 valet
1180 4115 1285 4194 insu-

187 4266 268 4346 per
293 4242 498 4350 volumus,
529 4243 644 4346 quod
672 4243 708 4318 si
731 4265 815 4320 uon
831 4239 1094 4344 pervenistis·
1110 4239 1161 4314 ad
1190 4261 1284 4317 oon·
