3192 5112
15 621 43 680 p·
152 567 362 672 exposita,
395 590 475 670 par
516 561 699 644 nobilem
739 563 872 650 uirum
901 563 1111 644 dominum
1154 567 1238 646 Mi·

15 705 16 784 T
153 685 420 766 ohaeiem
449 685 778 773 deBuchia,
818 687 1136 766 ambaxatorem
1176 715 1237 767 se·

15 839 17 866 ν
150 801 977 908 remssimidomini·imperatoris
1018 803 1248 886 flexiae·

151 923 549 1014 ethomaniae,
590 921 805 1028 dispoti
846 923 1035 1004 hortae
1066 921 1238 1004 etnu-

15 1051 16 1106 ἑ
151 1047 323 1126 chiae
363 1043 571 1124 comiti
609 1053 688 1124 etc.

255 1225 291 1300 1.
333 1218 540 1320 Imprimis
575 1217 825 1294 salutatione
854 1221 1096 1318 praemissa,
1126 1221 1239 1322 qnod

153 1341 329 1442 placeat,
359 1337 526 1442 quando
555 1361 650 1416 esse
666 1337 812 1440 possit,
835 1339 1004 1420 domino
1021 1341 1117 1420 duoi
1131 1343 1239 1422 veile

15 1487 17 1494 ’
150 1461 432 1562 personaliter
457 1459 665 1538 interesse
681 1462 732 1539 ad
752 1460 1004 1562 colloquium
1022 1487 1117 1541 oum
1145 1463 1239 1567 ipso

150 1581 319 1658 domino
335 1581 605 1684 imperatore,
633 1581 673 1657 in
701 1580 887 1682 partibus
921 1581 1075 1684 Regu
1089 1611 1109 1662 a
1123 1583 1163 1662 ii
1197 1589 1240 1664 et

150 1701 373 1804 aRagusio
403 1703 506 1782 citra
535 1702 575 1780 iu
605 1713 789 1787 norrent,
817 1729 897 1808 pro
926 1705 1133 1808 aliquibus
1162 1730 1240 1782 ma·

150 1825 239 1923 gnis
270 1831 312 1902 et
339 1825 478 1904 arduis
507 1825 827 1930 pertractandis.

251 2005 288 2077 2.
328 1997 431 2076 item
474 1997 579 2102 petit
619 1997 1085 2102 domnusimperator,
1126 1997 1238 2100 quod

152 2119 317 2220 piaeeat
357 2116 491 2196 ducati
536 2116 812 2198 dominationi
852 2119 987 2221 ipsum
1027 2117 1239 2196 dominum

15 2261 16 2346 ξ
152 2239 452 2339 imperatorem
480 2239 641 2315 eteius
670 2235 1141 2328 thumnensium
1169 2241 1238 2318 do·

152 2358 307 2438 minum
336 2382 479 2460 regem
507 2361 671 2452 Vros,
700 2369 744 2440 et
770 2363 981 2441 dominam
1009 2359 1238 2464 imperatri-

15 2477 17 2542 ἰ
153 2506 258 2570 cern,
288 2505 383 2559 oum
412 2505 561 2558 eorum
589 2481 854 2574 haeredibus,
874 2483 1017 2562 facere
1033 2490 1075 2561 et
1091 2505 1239 2561 oreore

16 2667 17 2670 ,
153 2599 263 2676 oives
291 2601 494 2686 Venetos,
523 2601 606 2678 acsi
636 2603 775 2678 forent
794 2601 961 2680 oriundi
989 2603 1041 2680 de
1071 2602 1238 2682 civitate
1329 2625 1331 2632 ¹

152 2717 460 2798 Veneciarium.

253 2899 289 2971 3.
331 2893 435 2970 item
464 2897 577 2996 quod
619 2895 793 2996 praefati
834 2893 1065 2974 habeantur
1093 2905 1135 2975 et
1161 2897 1240 2976 sint

154 3009 286 3098 tiberi,
315 3013 454 3090 securi
470 3021 511 3090 et
527 3013 691 3095 franchi
706 3015 745 3091 in
762 3015 930 3095 civitate
944 3015 1239 3106 Veneciarum,

154 3141 194 3210 et
222 3135 335 3236 quod
377 3159 459 3210 non
501 3136 665 3236 possint
693 3137 778 3236 peti
819 3145 888 3214 aut
927 3137 1015 3214 dari
1044 3137 1144 3240 ipsi,
1175 3139 1239 3213 vei

152 3253 298 3354 aliquis
340 3253 544 3356 ipsorum,
573 3253 695 3333 alicui
737 3280 946 3360 personae
983 3259 1036 3334 de
1074 3255 1241 3346 mundo,

150 3374 215 3449 vet
246 3373 482 3476 computari
510 3381 579 3452 aut
606 3375 714 3452 tradi
752 3401 830 3478 pro
863 3377 1059 3471 civitate,
1099 3383 1239 3452 castro

151 3519 223 3570 seu
254 3495 403 3572 eastris
431 3517 505 3571 seu
533 3495 663 3581 iocis,
693 3521 797 3575 auro
836 3497 901 3572 vel
939 3496 1161 3579 thesauris,
1189 3492 1241 3571 de

152 3615 306 3692 mundo
336 3613 460 3693 alicui
487 3639 711 3718 personae,
736 3616 907 3718 etquod
933 3617 1070 3719 possit
1098 3638 1242 3693 emere

152 3737 446 3838 possessiones
483 3737 524 3814 in
554 3735 720 3818 civitate
747 3739 1019 3815 Venetiarum
1057 3743 1099 3814 et
1134 3733 1243 3828 aiibi,

153 3855 309 3934 mxaiia
347 3863 390 3936 et
426 3858 558 3946 vitias,
599 3857 638 3934 in
677 3859 783 3938 locis
821 3869 862 3937 et
900 3859 1024 3936 terris
1052 3857 1242 3936 comunis
1300 3841 1304 3850 ⁸

152 3975 316 4064 Veneti,
345 3987 387 4056 et
406 4003 464 4055 ea
493 3979 729 4056 revendere
755 3981 939 4058 adsuum
964 3979 1242 4080 benptaoitum

154 4097 501 4201 quandocunque,
530 4107 572 4178 nt
600 4099 755 4179 faciunt
785 4101 953 4178 oriundi
981 4101 1144 4177 Veneti.
