3236 5108
366 567 450 634 nm,
477 571 572 636 cum
600 548 737 626 omnia
765 550 844 627 alia
871 548 973 626 nihii
1019 551 1275 654 prodessent
1300 551 1345 628 in
1369 549 1455 628 hoc

368 667 508 758 faoto;
539 670 653 770 quod
680 671 816 748 solum
846 668 1015 748 salubre
1044 669 1278 749 remedium
1307 681 1385 761 est;
1412 678 1455 748 et

364 790 428 867 sio
462 812 659 888 rogamus
713 791 1037 889 magnitudinem
1089 817 1203 870 suam
1253 793 1453 892 precibus

366 908 637 1010 amplioribus
666 909 816 1011 quibus
842 932 1095 1012 possumus,
1138 933 1244 1012 quae
1272 935 1352 1014 pro
1383 908 1453 986 bo·

362 1049 417 1102 no
456 1026 765 1106 christianitatis
794 1039 835 1108 et
865 1030 1192 1126 conservatione
1220 1033 1282 1109 sari
1299 1039 1340 1108 et
1368 1029 1449 1105 dic·

363 1155 430 1224 tao
458 1145 637 1227 civitatis
665 1150 829 1252 placeat
857 1158 900 1227 et
927 1150 1026 1228 velit
1053 1150 1269 1230 assentire.

391 1363 393 1370 ,
466 1388 586 1488 Quod
656 1399 914 1470 castrum
968 1391 1205 1469 Duratii
1260 1387 1453 1468 fulciatur

365 1517 410 1586 et
437 1512 695 1590 custodiatur
721 1515 880 1591 nostris
907 1513 1117 1616 expensis,
1146 1515 1256 1591 sicut
1282 1509 1327 1587 fit
1353 1509 1454 1587 ilia

364 1631 575 1731 turris,
602 1633 653 1710 ad
680 1633 889 1710 honorem
931 1659 1050 1711 suum
1080 1643 1122 1712 et
1150 1642 1280 1711 status
1307 1629 1382 1721 sni,
1410 1637 1452 1706 et

364 1772 411 1826 se
445 1751 622 1830 reducat
665 1752 725 1828 ad
764 1752 1031 1832 habitandum
1073 1752 1311 1832 incivitate
1355 1773 1450 1828 cum

366 1871 518 1950 familia
543 1897 637 1963 stra,
663 1873 861 1952 habendo
901 1875 1088 1975 regimen
1118 1883 1161 1952 et
1186 1871 1452 1974 gubernatio·

364 2017 461 2072 nom
489 2019 539 2074 ao
580 1995 798 2088 introi-tos,
827 2003 869 2075 et
903 1997 1027 2075 iaciat
1062 1997 1290 2096 justitiam,
1331 2003 1374 2072 et
1401 1994 1453 2071 sit

364 2117 557 2194 (iominus
598 2126 644 2194 ut
684 2127 749 2196 est
785 2119 844 2196 ad·
875 2143 1102 2222 praesens,
1158 2117 1452 2196 concludendo

365 2236 479 2339 quod
533 2237 727 2316 faciendo
781 2239 1130 2340 magnificentiam
1183 2261 1313 2316 suam*
1353 2237 1452 2326 hoc,

238 2449 239 2452 p
364 2383 476 2436 nunc
505 2365 791 2456 cognoscetur
817 2384 896 2462 per
922 2359 1116 2439 effectum
1145 2358 1256 2437 bona
1274 2357 1452 2436 intentio

363 2501 456 2569 sua,
480 2501 602 2579 quam
630 2503 800 2583 semper
828 2481 1007 2559 asseruit
1036 2489 1078 2558 et
1105 2479 1286 2558 ostendit
1313 2503 1360 2555 se
1383 2479 1451 2554 ha·

363 2600 492 2692 bere,
533 2623 632 2697 erga
674 2603 1019 2683 christianitatem
1062 2613 1103 2681 et
1130 2601 1370 2703 specialiter
1399 2601 1450 2677 ad

362 2729 555 2800 nostrum
593 2723 835 2801 dominium.
861 2723 915 2802 Et
943 2705 1036 2802 cum
1066 2723 1119 2801 de
1147 2722 1212 2800 his
1237 2721 1384 2798 verbis
1410 2729 1453 2798 et

364 2841 595 2922 rationibus
623 2845 769 2921 etaiiis
797 2869 904 2947 quae
932 2843 1045 2923 dicto
1076 2847 1299 2946 capitaneo
1330 2863 1451 2944 appa

363 2960 515 3041 rebunt
544 2963 655 3041 circa
684 2966 783 3052 hoo,
811 2966 1012 3041 inducere
1040 2963 1197 3041 dictum
1238 2962 1452 3040 dominum

363 3081 412 3160 ad
441 3084 668 3186 praedicta,
697 3109 779 3187 pro
805 3082 1039 3162 obtinendo
1083 3083 1235 3162 dictam
1263 3083 1453 3162 intentio·

361 3226 457 3282 nem
486 3213 684 3293 nostram3
714 3229 836 3306 quam
864 3206 902 3281 si
924 3203 1116 3282 obtinere
1143 3205 1314 3306 poterit,
1343 3202 1452 3279 sunia

361 3329 406 3402 to
435 3334 477 3404 et
517 3327 607 3402 sine
635 3349 755 3404 mora
795 3325 948 3404 debeat
977 3325 1127 3403 fulcire
1169 3321 1322 3402 dictum
1365 3346 1451 3400 cas·

362 3453 471 3524 trum
506 3447 747 3526 baiisstariis
789 3459 832 3527 et
859 3448 1051 3525 omnibus
1092 3447 1181 3524 aliis
1222 3445 1451 3522 necessari·

361 3569 411 3660 is,
437 3579 483 3648 ut
510 3571 660 3646 melius
673 3572 832 3672 poterit
860 3578 902 3647 et
922 3568 1004 3647 sibi
1031 3567 1252 3652 videbitur,
1281 3576 1324 3643 et
1340 3587 1452 3643 com·

223 3699 227 3704 '
362 3687 529 3766 mittere
558 3687 651 3780 iuis,
680 3713 786 3790 quos
816 3689 1032 3791 deputabit
1060 3685 1284 3764 addictam
1314 3690 1452 3761 cuato-

247 3822 254 3835 “
361 3809 492 3906 diam,
526 3813 642 3913 quod
668 3812 906 3890 custodiant
946 3813 1103 3913 dictum
1145 3817 1326 3885 castrum
1372 3803 1453 3880 tati·

260 4031 268 4040 ·
362 3938 440 4025 ter,
469 3933 583 4033 quod
622 3933 732 4009 nulla
774 3933 850 4010 aiia
878 3955 1064 4035 persona
1108 3929 1262 4006 habeat
1302 3931 1448 4029 poten·

360 4055 459 4130 fiam
486 4055 527 4131 in
555 4055 661 4158 ipso,
689 4053 771 4130 nisi
798 4063 987 4132 nostrum
1016 4051 1265 4145 dominium,
1293 4045 1446 4124 iacien-

363 4175 418 4254 do
449 4181 586 4256 nmen
615 4175 654 4252 in
683 4182 808 4256 nocto
846 4181 889 4252 et
915 4174 955 4251 in
976 4172 1051 4251 dic
1080 4178 1123 4247 et
1149 4171 1339 4272 quolibet
1368 4189 1451 4246 sor·
