3192 5112
1195 347 1260 414 iffi

6 631 7 636 Ν
163 507 301 626 bani
326 547 646 680 Bos'since,
674 573 848 652 quarum
892 553 1109 656 exemptor
1138 561 1262 636 trane

6 695 8 752 t
162 671 349 750 mittatur
375 671 526 759 eidem,
554 671 787 753 mandando
819 675 871 768 ei,
888 674 1002 776 quod
1023 699 1261 754 unumnun·

164 795 276 870 cium
304 791 412 873 bene
451 793 721 872 informatum
749 796 801 872 de
847 793 1004 872 damnis
1043 795 1123 873 sibi
1151 795 1260 874 itatis

163 916 215 992 cd
243 913 382 1016 ipsum
409 914 627 993 dominum
656 915 811 993 benum
838 915 994 994 debeat
1033 914 1258 1010 destinare,

163 1034 393 1138 petiturum
421 1037 736 1115 restitutionem
765 1035 1014 1116 damnorum
1053 1039 1254 1141 praemis·

164 1179 322 1233 sorum.
349 1157 402 1236 ut
430 1157 585 1260 quode
608 1181 818 1237 converso
847 1156 939 1258 ipse
968 1181 1113 1264 comen
1140 1159 1256 1238 resti·

163 1285 285 1354 tuere
312 1277 464 1356 debent
492 1278 629 1356 eidem
656 1279 829 1357 domino
868 1278 976 1358 bane
1018 1303 1166 1357 servos
1192 1303 1255 1356 eu·

165 1421 226 1487 os,
253 1396 289 1474 si
327 1399 368 1476 in
396 1423 475 1476 suo
504 1396 696 1478 districtu
738 1399 1025 1500 contingerint
1064 1399 1257 1502 reperiri;

164 1516 350 1596 narcndc
388 1518 527 1598 eidem
565 1517 709 1598 obmiti
749 1520 803 1597 de
836 1543 983 1598 amore
1023 1517 1170 1599 intimo
1199 1519 1254 1596 in·

165 1649 229 1718 ter
270 1665 349 1718 nos
377 1647 419 1718 et
446 1641 582 1744 ipsum
623 1639 837 1719 dominum
880 1643 1032 1719 benum
1073 1647 1256 1732 servato,

163 1769 207 1840 et
248 1763 361 1864 quod
403 1759 556 1840 debent
596 1784 740 1840 secum
780 1759 956 1866 pacifice
998 1760 1255 1866 pertransire

163 1880 258 1982 quia
288 1885 452 1984 tempus
479 1905 562 1959 non
605 1889 669 1960 est
696 1877 747 1958 nd
786 1905 988 1984 praesens
1026 1879 1256 1961 discordias
1400 1893 1405 1912 “

161 2001 381 2080 suscitare.

267 2119 410 2224 Capta:
435 2119 488 2198 ut
515 2119 715 2200 scribitur
740 2119 820 2226 ipsi
847 2121 915 2200 do
931 2123 1032 2202 min
1048 2149 1074 2202 ο
1116 2121 1256 2202 bano

163 2245 216 2320 de
245 2242 490 2345 receptione
518 2242 749 2322 litterarum
777 2267 948 2320 suarum
987 2245 1256 2346 regratiando
1287 2319 1290 2334 ,

163 2365 242 2444 sibi
270 2365 322 2441 de
352 2364 464 2441 bona
490 2363 733 2462 voluntate,
776 2389 899 2465 quarn
938 2365 1118 2444 vidimus
1161 2389 1257 2442 eum

6 2525 7 2572 r
161 2485 324 2564 habere
365 2491 407 2564 et
435 2482 572 2562 eidem
612 2483 846 2578 narrando,
888 2487 1069 2588 qualiter
1108 2493 1255 2566 nostro

164 2607 310 2685 comiti
363 2603 550 2686 Sibenici
592 2605 781 2686 dedimus
810 2610 850 2686 in
878 2607 1098 2696 mandatis,
1127 2617 1171 2688 ut
1197 2633 1258 2688 se·

125 2765 131 2772 ·
164 2754 260 2809 cum
302 2738 345 2810 ct
385 2753 481 2808 cum
522 2725 717 2829 gentibus
756 2729 841 2808 suis
881 2729 1057 2834 pacifice
1104 2733 1260 2810 debent

163 2879 211 2931 se
239 2850 412 2942 habere,
440 2849 686 2928 abstinendo
715 2875 762 2928 se
791 2875 814 2928 a
843 2851 1031 2956 qualibet
1071 2853 1257 2931 novitate

164 2971 300 3052 fienda
340 2968 515 3051 subditis
541 2969 674 3074 ipsius
714 2967 867 3048 domini
906 2971 1027 3059 huni,
1068 2973 1256 3072 rogando

166 3119 265 3174 eum
293 3092 409 3196 quod
437 3115 536 3192 erga
564 3090 755 3170 subditos
784 3097 955 3171 nostros
983 3094 1176 3173 similiter
1190 3095 1257 3173 de·

8 3235 10 3258 ⁸
166 3215 264 3294 beat
290 3239 338 3292 se
365 3211 539 3292 habere.
636 3247 640 3254 ·

711 3315 807 3380 Misti
830 3315 890 3381 dei
912 3316 1062 3384 Secuto.
1086 3315 1212 3382 XXVI.

194 3469 313 3572 (tv.
342 3493 452 3568 nnn.
479 3490 674 3570 intret.
701 3491 796 3568 vu.
823 3495 886 3568 cn.
916 3489 1234 3576 retruarn.

167 3615 337 3675 Uestorio
359 3617 509 3675 munuca
533 3619 692 3676 ilonea-to
729 3631 922 3675 nociturna
954 3631 1040 3687 rog-r.
1065 3629 1148 3688 napa
1173 3615 1260 3690 cpu-

167 3737 296 3792 crorr»,
331 3737 465 3782 orons
502 3739 576 3780 mre
600 3740 618 3781 c
644 3719 777 3797 enpruic
801 3739 838 3781 aa
862 3737 1008 3797 aarum
1038 3735 1121 3778 nen
1144 3735 1259 3780 curere

617 3825 803 3884 Maercrrr.

166 3941 308 4012 Relatio
344 3939 474 4008 chini
509 3941 685 4027 Novello,
719 3941 818 4008 missi
853 3938 1001 4006 domino
1034 3938 1254 4028 Imperatori

596 4043 828 4110 sclavonice.

271 4183 377 4268 Cum
405 4185 518 4268 zosia
545 4186 626 4266 che
652 4210 733 4292 per
760 4187 798 4263 ta
828 4183 1022 4290 Signoria
1050 4191 1191 4302 vostre
1214 4183 1256 4261 in
