<?xml version="1.0" encoding="UTF-8"?>
<!DOCTYPE html PUBLIC "-//W3C//DTD XHTML 1.0 Transitional//EN"
    "http://www.w3.org/TR/xhtml1/DTD/xhtml1-transitional.dtd">
<html xmlns="http://www.w3.org/1999/xhtml" xml:lang="en" lang="en">
 <head>
  <title>
</title>
<meta http-equiv="Content-Type" content="text/html;charset=utf-8" />
  <meta name='ocr-system' content='tesseract 3.04.00' />
  <meta name='ocr-capabilities' content='ocr_page ocr_carea ocr_par ocr_line ocrx_word'/>
</head>
<body>
  <div class='ocr_page' id='page_1' title='image "./actaarchivivene00sergoog_0365.png"; bbox 0 0 3228 5108; ppageno 0'>
   <div class='ocr_carea' id='block_1_1' title="bbox 1170 361 1299 476">
    <p class='ocr_par' dir='ltr' id='par_1_1' title="bbox 1170 361 1299 476">
     <span class='ocr_line' id='line_1_1' title="bbox 1170 361 1299 476; baseline 0 0"><span class='ocrx_word' id='word_1_1' title='bbox 1170 361 1174 367; x_wconf 69' lang='grc'>’</span> <span class='ocrx_word' id='word_1_2' title='bbox 1234 407 1299 476; x_wconf 81' lang='lat' dir='ltr'>aaa</span> 
     </span>
    </p>
   </div>
   <div class='ocr_carea' id='block_1_2' title="bbox 201 616 1296 960">
    <p class='ocr_par' dir='ltr' id='par_1_2' title="bbox 201 616 1296 960">
     <span class='ocr_line' id='line_1_2' title="bbox 203 616 1296 722; baseline 0 -30"><span class='ocrx_word' id='word_1_3' title='bbox 203 639 393 694; x_wconf 77' lang='lat' dir='ltr'>essemus</span> <span class='ocrx_word' id='word_1_4' title='bbox 423 616 461 693; x_wconf 94' lang='lat' dir='ltr'>in</span> <span class='ocrx_word' id='word_1_5' title='bbox 489 643 624 722; x_wconf 86' lang='lat' dir='ltr'>pace,</span> <span class='ocrx_word' id='word_1_6' title='bbox 653 625 695 694; x_wconf 89' lang='lat' dir='ltr'>et</span> <span class='ocrx_word' id='word_1_7' title='bbox 723 617 903 696; x_wconf 90' lang='lat' dir='ltr'>essendo</span> <span class='ocrx_word' id='word_1_8' title='bbox 934 618 975 694; x_wconf 93' lang='lat' dir='ltr'>in</span> <span class='ocrx_word' id='word_1_9' title='bbox 1004 641 1109 718; x_wconf 90' lang='lat' dir='ltr'>pace</span> <span class='ocrx_word' id='word_1_10' title='bbox 1137 639 1296 703; x_wconf 88' lang='lat' dir='ltr'>secum,</span> 
     </span>
     <span class='ocr_line' id='line_1_3' title="bbox 201 737 1296 841; baseline 0.002 -29"><span class='ocrx_word' id='word_1_11' title='bbox 201 737 410 818; x_wconf 84' lang='lat' dir='ltr'>nollemus</span> <span class='ocrx_word' id='word_1_12' title='bbox 438 740 593 818; x_wconf 86' lang='lat' dir='ltr'>intrare</span> <span class='ocrx_word' id='word_1_13' title='bbox 624 764 719 818; x_wconf 88' lang='lat' dir='ltr'>cum</span> <span class='ocrx_word' id='word_1_14' title='bbox 748 739 889 841; x_wconf 85' lang='lat' dir='ltr'>atiquo</span> <span class='ocrx_word' id='word_1_15' title='bbox 907 739 945 816; x_wconf 92' lang='lat' dir='ltr'>in</span> <span class='ocrx_word' id='word_1_16' title='bbox 961 761 1172 838; x_wconf 84' lang='lat' dir='ltr'>guerram,</span> <span class='ocrx_word' id='word_1_17' title='bbox 1200 739 1296 840; x_wconf 89' lang='lat' dir='ltr'>quia</span> 
     </span>
     <span class='ocr_line' id='line_1_4' title="bbox 201 857 1295 960; baseline -0.002 -26"><span class='ocrx_word' id='word_1_18' title='bbox 201 857 287 937; x_wconf 88' lang='lat' dir='ltr'>hoc</span> <span class='ocrx_word' id='word_1_19' title='bbox 316 863 411 937; x_wconf 82' lang='lat' dir='ltr'>cum</span> <span class='ocrx_word' id='word_1_20' title='bbox 442 859 607 937; x_wconf 87' lang='lat' dir='ltr'>honore</span> <span class='ocrx_word' id='word_1_21' title='bbox 624 867 771 938; x_wconf 89' lang='lat' dir='ltr'>nostro</span> <span class='ocrx_word' id='word_1_22' title='bbox 788 857 932 936; x_wconf 87' lang='lat' dir='ltr'>iacere</span> <span class='ocrx_word' id='word_1_23' title='bbox 960 884 1044 936; x_wconf 93' lang='lat' dir='ltr'>non</span> <span class='ocrx_word' id='word_1_24' title='bbox 1061 881 1295 960; x_wconf 83' lang='lat' dir='ltr'>possemus.</span> 
     </span>
    </p>
   </div>
   <div class='ocr_carea' id='block_1_3' title="bbox 508 1010 1376 1122">
    <p class='ocr_par' dir='ltr' id='par_1_3' title="bbox 508 1010 1376 1122">
     <span class='ocr_line' id='line_1_5' title="bbox 508 1010 1376 1122; baseline 0 -42"><span class='ocrx_word' id='word_1_25' title='bbox 508 1016 611 1080; x_wconf 76' lang='lat' dir='ltr'>Secu.</span> <span class='ocrx_word' id='word_1_26' title='bbox 638 1013 751 1080; x_wconf 87' lang='lat' dir='ltr'>Cous.</span> <span class='ocrx_word' id='word_1_27' title='bbox 775 1015 950 1102; x_wconf 77' lang='lat' dir='ltr'>Rogator.</span> <span class='ocrx_word' id='word_1_28' title='bbox 974 1010 1048 1078; x_wconf 85' lang='lat' dir='ltr'>Lib.</span> <span class='ocrx_word' id='word_1_29' title='bbox 1072 1013 1097 1078; x_wconf 89' lang='lat'>1.</span> <span class='ocrx_word' id='word_1_30' title='bbox 1122 1015 1178 1078; x_wconf 89' lang='lat' dir='ltr'>ch.</span> <span class='ocrx_word' id='word_1_31' title='bbox 1200 1015 1253 1080; x_wconf 78' lang='grc'>57.</span> <span class='ocrx_word' id='word_1_32' title='bbox 1374 1112 1376 1122; x_wconf 33' lang='grc' dir='ltr'>Ι</span> 
     </span>
    </p>
   </div>
   <div class='ocr_carea' id='block_1_4' title="bbox 251 1155 1228 1320">
    <p class='ocr_par' dir='ltr' id='par_1_4' title="bbox 251 1155 1228 1320">
     <span class='ocr_line' id='line_1_6' title="bbox 251 1155 1228 1320; baseline 0.001 -22"><span class='ocrx_word' id='word_1_33' title='bbox 251 1155 1228 1320; x_wconf 13' lang='lat' dir='ltr'>,CCXIXnoe.1nmot.rr.ao.ruru.</span> 
     </span>
    </p>
   </div>
   <div class='ocr_carea' id='block_1_5' title="bbox 125 1379 1294 1978">
    <p class='ocr_par' dir='ltr' id='par_1_5' title="bbox 125 1379 1294 1978">
     <span class='ocr_line' id='line_1_7' title="bbox 200 1379 1294 1456; baseline 0.004 -20"><span class='ocrx_word' id='word_1_34' title='bbox 200 1379 398 1437; x_wconf 78' lang='lat' dir='ltr'>3au.noueno</span> <span class='ocrx_word' id='word_1_35' title='bbox 422 1396 442 1436; x_wconf 90' lang='lat' dir='ltr'>o</span> <span class='ocrx_word' id='word_1_36' title='bbox 460 1397 599 1456; x_wconf 73' lang='lat' dir='ltr'>&#39;rpornny</span> <span class='ocrx_word' id='word_1_37' title='bbox 623 1397 767 1453; x_wconf 66' lang='lat' dir='ltr'>rocnope</span> <span class='ocrx_word' id='word_1_38' title='bbox 790 1381 983 1455; x_wconf 77' lang='lat' dir='ltr'>Kourapeno</span> <span class='ocrx_word' id='word_1_39' title='bbox 1006 1398 1148 1440; x_wconf 75' lang='lat' dir='ltr'>nooaarn</span> <span class='ocrx_word' id='word_1_40' title='bbox 1173 1399 1294 1454; x_wconf 70' lang='lat' dir='ltr'>opnors</span> 
     </span>
     <span class='ocr_line' id='line_1_8' title="bbox 201 1463 1293 1560; baseline 0.002 -22"><span class='ocrx_word' id='word_1_41' title='bbox 201 1499 383 1540; x_wconf 74' lang='lat' dir='ltr'>nocuannua</span> <span class='ocrx_word' id='word_1_42' title='bbox 397 1483 646 1558; x_wconf 69' lang='lat' dir='ltr'>ydydpoannua</span> <span class='ocrx_word' id='word_1_43' title='bbox 662 1503 679 1540; x_wconf 84' lang='lat' dir='ltr'>n</span> <span class='ocrx_word' id='word_1_44' title='bbox 696 1463 794 1558; x_wconf 78' lang='lat' dir='ltr'>uricay</span> <span class='ocrx_word' id='word_1_45' title='bbox 809 1483 1162 1560; x_wconf 64' lang='lat' dir='ltr'>Creoany,rornopapy</span> <span class='ocrx_word' id='word_1_46' title='bbox 1175 1485 1293 1542; x_wconf 73' lang='lat' dir='ltr'>Parmae</span> 
     </span>
     <span class='ocr_line' id='line_1_9' title="bbox 125 1587 1293 1665; baseline 0.006 -25"><span class='ocrx_word' id='word_1_47' title='bbox 125 1617 131 1639; x_wconf 56' lang='grc' dir='ltr'><em>ι</em></span> <span class='ocrx_word' id='word_1_48' title='bbox 206 1589 319 1658; x_wconf 51' lang='lat' dir='ltr'>aenum</span> <span class='ocrx_word' id='word_1_49' title='bbox 347 1607 364 1645; x_wconf 90' lang='lat' dir='ltr'>n</span> <span class='ocrx_word' id='word_1_50' title='bbox 390 1605 432 1645; x_wconf 71' lang='lat' dir='ltr'>un</span> <span class='ocrx_word' id='word_1_51' title='bbox 455 1587 600 1646; x_wconf 63' lang='lat' dir='ltr'>nivosos</span> <span class='ocrx_word' id='word_1_52' title='bbox 623 1605 746 1663; x_wconf 81' lang='lat' dir='ltr'>narepn</span> <span class='ocrx_word' id='word_1_53' title='bbox 772 1605 942 1657; x_wconf 77' lang='lat' dir='ltr'>snernnss,</span> <span class='ocrx_word' id='word_1_54' title='bbox 965 1605 1002 1661; x_wconf 61' lang='lat' dir='ltr'>aa</span> <span class='ocrx_word' id='word_1_55' title='bbox 1027 1607 1147 1646; x_wconf 84' lang='lat' dir='ltr'>nannra</span> <span class='ocrx_word' id='word_1_56' title='bbox 1172 1605 1293 1665; x_wconf 63' lang='lat' dir='ltr'>acuns]</span> 
     </span>
     <span class='ocr_line' id='line_1_10' title="bbox 200 1705 1292 1768; baseline 0.004 -22"><span class='ocrx_word' id='word_1_57' title='bbox 200 1707 326 1768; x_wconf 72' lang='lat' dir='ltr'>rurery,</span> <span class='ocrx_word' id='word_1_58' title='bbox 351 1709 420 1749; x_wconf 82' lang='lat' dir='ltr'>soro</span> <span class='ocrx_word' id='word_1_59' title='bbox 434 1709 472 1766; x_wconf 81' lang='lat' dir='ltr'>oy</span> <span class='ocrx_word' id='word_1_60' title='bbox 488 1705 683 1764; x_wconf 65' lang='lat' dir='ltr'>rannonopa</span> <span class='ocrx_word' id='word_1_61' title='bbox 704 1709 895 1766; x_wconf 74' lang='lat' dir='ltr'>nparpnnaa</span> <span class='ocrx_word' id='word_1_62' title='bbox 920 1709 984 1764; x_wconf 70' lang='lat' dir='ltr'>opu</span> <span class='ocrx_word' id='word_1_63' title='bbox 1008 1709 1173 1768; x_wconf 80' lang='lat' dir='ltr'>peuenors</span> <span class='ocrx_word' id='word_1_64' title='bbox 1197 1709 1292 1752; x_wconf 75' lang='lat' dir='ltr'>anona</span> 
     </span>
     <span class='ocr_line' id='line_1_11' title="bbox 200 1795 1292 1874; baseline 0.003 -23"><span class='ocrx_word' id='word_1_65' title='bbox 200 1795 362 1864; x_wconf 54' lang='lat' dir='ltr'>mesano,</span> <span class='ocrx_word' id='word_1_66' title='bbox 385 1813 427 1854; x_wconf 88' lang='lat' dir='ltr'>no</span> <span class='ocrx_word' id='word_1_67' title='bbox 450 1813 612 1874; x_wconf 79' lang='lat' dir='ltr'>neronopy</span> <span class='ocrx_word' id='word_1_68' title='bbox 635 1799 768 1872; x_wconf 74' lang='lat' dir='ltr'>diapana</span> <span class='ocrx_word' id='word_1_69' title='bbox 793 1799 962 1872; x_wconf 61' lang='lat' dir='ltr'>Ppapnha,</span> <span class='ocrx_word' id='word_1_70' title='bbox 986 1815 1146 1856; x_wconf 75' lang='lat' dir='ltr'>naucreaa</span> <span class='ocrx_word' id='word_1_71' title='bbox 1169 1799 1292 1874; x_wconf 66' lang='grc' dir='ltr'><strong>Μύρο-</strong></span> 
     </span>
     <span class='ocr_line' id='line_1_12' title="bbox 270 1903 1238 1978; baseline 0.004 -20"><span class='ocrx_word' id='word_1_72' title='bbox 270 1917 422 1977; x_wconf 72' lang='lat' dir='ltr'>aaaron,</span> <span class='ocrx_word' id='word_1_73' title='bbox 448 1904 620 1960; x_wconf 69' lang='lat' dir='ltr'>senonem</span> <span class='ocrx_word' id='word_1_74' title='bbox 642 1920 662 1976; x_wconf 77' lang='lat' dir='ltr'>y</span> <span class='ocrx_word' id='word_1_75' title='bbox 686 1919 788 1978; x_wconf 62' lang='grc' dir='ltr'>μορ]</span> <span class='ocrx_word' id='word_1_76' title='bbox 812 1917 936 1960; x_wconf 71' lang='lat' dir='ltr'>norom.</span> <span class='ocrx_word' id='word_1_77' title='bbox 959 1919 1055 1962; x_wconf 72' lang='lat' dir='ltr'>uaeas</span> <span class='ocrx_word' id='word_1_78' title='bbox 1080 1903 1238 1964; x_wconf 62' lang='lat' dir='ltr'>Caesena.</span> 
     </span>
    </p>
   </div>
   <div class='ocr_carea' id='block_1_6' title="bbox 198 2049 1293 2884">
    <p class='ocr_par' dir='ltr' id='par_1_6' title="bbox 198 2049 1293 2884">
     <span class='ocr_line' id='line_1_13' title="bbox 302 2049 1293 2154; baseline 0.001 -24"><span class='ocrx_word' id='word_1_79' title='bbox 302 2049 444 2154; x_wconf 84' lang='lat' dir='ltr'>Capta:</span> <span class='ocrx_word' id='word_1_80' title='bbox 477 2053 577 2130; x_wconf 85' lang='lat' dir='ltr'>Cam</span> <span class='ocrx_word' id='word_1_81' title='bbox 593 2051 755 2133; x_wconf 85' lang='lat' dir='ltr'>nobiles</span> <span class='ocrx_word' id='word_1_82' title='bbox 769 2055 847 2131; x_wconf 91' lang='lat' dir='ltr'>viri</span> <span class='ocrx_word' id='word_1_83' title='bbox 862 2079 934 2132; x_wconf 89' lang='lat' dir='ltr'>ser</span> <span class='ocrx_word' id='word_1_84' title='bbox 951 2052 1148 2132; x_wconf 68' lang='lat' dir='ltr'>stefanus</span> <span class='ocrx_word' id='word_1_85' title='bbox 1165 2060 1207 2132; x_wconf 90' lang='lat' dir='ltr'>et</span> <span class='ocrx_word' id='word_1_86' title='bbox 1221 2060 1293 2132; x_wconf 84' lang='lat' dir='ltr'>se&#39;r</span> 
     </span>
     <span class='ocr_line' id='line_1_14' title="bbox 198 2171 1292 2279; baseline 0.004 -31"><span class='ocrx_word' id='word_1_87' title='bbox 198 2171 450 2253; x_wconf 79' lang='lat' dir='ltr'>Benedictus</span> <span class='ocrx_word' id='word_1_88' title='bbox 481 2171 725 2252; x_wconf 86' lang='lat' dir='ltr'>Contareno</span> <span class='ocrx_word' id='word_1_89' title='bbox 771 2175 944 2262; x_wconf 83' lang='lat' dir='ltr'>fratres,</span> <span class='ocrx_word' id='word_1_90' title='bbox 974 2177 1292 2279; x_wconf 68' lang='lat' dir='ltr'>comparuerint</span> 
     </span>
     <span class='ocr_line' id='line_1_15' title="bbox 201 2291 1292 2398; baseline 0.003 -29"><span class='ocrx_word' id='word_1_91' title='bbox 201 2316 346 2371; x_wconf 86' lang='lat' dir='ltr'>coram</span> <span class='ocrx_word' id='word_1_92' title='bbox 375 2291 589 2384; x_wconf 91' lang='lat' dir='ltr'>dominio,</span> <span class='ocrx_word' id='word_1_93' title='bbox 619 2300 944 2396; x_wconf 78' lang='lat' dir='ltr'>conquerentes,</span> <span class='ocrx_word' id='word_1_94' title='bbox 974 2295 1292 2398; x_wconf 85' lang='lat' dir='ltr'>quodpropter</span> 
     </span>
     <span class='ocr_line' id='line_1_16' title="bbox 199 2411 1289 2513; baseline 0.005 -25"><span class='ocrx_word' id='word_1_95' title='bbox 199 2413 545 2513; x_wconf 79' lang='lat' dir='ltr'>procurationem</span> <span class='ocrx_word' id='word_1_96' title='bbox 575 2412 789 2494; x_wconf 86' lang='lat' dir='ltr'>cuiusdam</span> <span class='ocrx_word' id='word_1_97' title='bbox 822 2411 1024 2492; x_wconf 82' lang='lat' dir='ltr'>Marini</span> <span class='ocrx_word' id='word_1_98' title='bbox 1052 2415 1110 2491; x_wconf 88' lang='lat' dir='ltr'>de</span> <span class='ocrx_word' id='word_1_99' title='bbox 1139 2413 1289 2493; x_wconf 83' lang='lat' dir='ltr'>Gradi</span> 
     </span>
     <span class='ocr_line' id='line_1_17' title="bbox 199 2525 1292 2636; baseline 0.005 -30"><span class='ocrx_word' id='word_1_100' title='bbox 199 2525 463 2630; x_wconf 81' lang='lat' dir='ltr'>Rugusci,</span> <span class='ocrx_word' id='word_1_101' title='bbox 492 2534 561 2636; x_wconf 88' lang='lat' dir='ltr'>qui</span> <span class='ocrx_word' id='word_1_102' title='bbox 589 2543 668 2613; x_wconf 85' lang='lat' dir='ltr'>stat</span> <span class='ocrx_word' id='word_1_103' title='bbox 695 2534 735 2612; x_wconf 90' lang='lat' dir='ltr'>in</span> <span class='ocrx_word' id='word_1_104' title='bbox 764 2535 880 2612; x_wconf 87' lang='lat' dir='ltr'>curia</span> <span class='ocrx_word' id='word_1_105' title='bbox 908 2532 1152 2614; x_wconf 87' lang='lat' dir='ltr'>comitis</span> <span class='ocrx_word' id='word_1_106' title='bbox 1183 2533 1292 2612; x_wconf 84' lang='lat' dir='ltr'>Ste-</span> 
     </span>
     <span class='ocr_line' id='line_1_18' title="bbox 200 2651 1291 2758; baseline 0.006 -31"><span class='ocrx_word' id='word_1_107' title='bbox 200 2651 335 2740; x_wconf 81' lang='lat' dir='ltr'>fani,</span> <span class='ocrx_word' id='word_1_108' title='bbox 365 2653 588 2734; x_wconf 89' lang='lat' dir='ltr'>domini</span> <span class='ocrx_word' id='word_1_109' title='bbox 617 2653 866 2747; x_wconf 81' lang='lat' dir='ltr'>Rosciae,</span> <span class='ocrx_word' id='word_1_110' title='bbox 894 2655 1122 2736; x_wconf 85' lang='lat' dir='ltr'>etmuitum</span> <span class='ocrx_word' id='word_1_111' title='bbox 1149 2663 1291 2758; x_wconf 88' lang='lat' dir='ltr'>potest</span> 
     </span>
     <span class='ocr_line' id='line_1_19' title="bbox 200 2774 1289 2884; baseline 0.005 -34"><span class='ocrx_word' id='word_1_112' title='bbox 200 2775 308 2880; x_wconf 87' lang='lat' dir='ltr'>apud</span> <span class='ocrx_word' id='word_1_113' title='bbox 337 2799 444 2866; x_wconf 88' lang='lat' dir='ltr'>eum,</span> <span class='ocrx_word' id='word_1_114' title='bbox 471 2774 552 2880; x_wconf 89' lang='lat' dir='ltr'>ipsi</span> <span class='ocrx_word' id='word_1_115' title='bbox 577 2775 830 2856; x_wconf 84' lang='lat' dir='ltr'>damnificati</span> <span class='ocrx_word' id='word_1_116' title='bbox 858 2777 1289 2884; x_wconf 82' lang='lat' dir='ltr'>fueruntperdictum</span> 
     </span>
    </p>
   </div>
   <div class='ocr_carea' id='block_1_7' title="bbox 7 2883 1291 3002">
    <p class='ocr_par' dir='ltr' id='par_1_7' title="bbox 7 2883 1291 3002">
     <span class='ocr_line' id='line_1_20' title="bbox 7 2883 1291 3002; baseline 0.005 -31"><span class='ocrx_word' id='word_1_117' title='bbox 7 2883 8 2930; x_wconf 75' lang='lat'>³</span> <span class='ocrx_word' id='word_1_118' title='bbox 63 2955 69 2969; x_wconf 84' lang='lat'>.</span> <span class='ocrx_word' id='word_1_119' title='bbox 199 2893 397 2972; x_wconf 89' lang='lat' dir='ltr'>comitem</span> <span class='ocrx_word' id='word_1_120' title='bbox 425 2893 644 2974; x_wconf 86' lang='lat' dir='ltr'>Steianum</span> <span class='ocrx_word' id='word_1_121' title='bbox 673 2897 876 2998; x_wconf 83' lang='lat' dir='ltr'>inmagna</span> <span class='ocrx_word' id='word_1_122' title='bbox 899 2924 1059 2976; x_wconf 86' lang='lat' dir='ltr'>summa</span> <span class='ocrx_word' id='word_1_123' title='bbox 1085 2923 1291 3002; x_wconf 88' lang='lat' dir='ltr'>pecunae,</span> 
     </span>
    </p>
   </div>
   <div class='ocr_carea' id='block_1_8' title="bbox 193 3015 1290 4442">
    <p class='ocr_par' dir='ltr' id='par_1_8' title="bbox 193 3015 1290 4442">
     <span class='ocr_line' id='line_1_21' title="bbox 197 3015 1290 3118; baseline 0.005 -30"><span class='ocrx_word' id='word_1_124' title='bbox 197 3029 276 3114; x_wconf 89' lang='lat' dir='ltr'>pro</span> <span class='ocrx_word' id='word_1_125' title='bbox 320 3038 400 3115; x_wconf 86' lang='lat' dir='ltr'>qua</span> <span class='ocrx_word' id='word_1_126' title='bbox 441 3015 729 3118; x_wconf 85' lang='lat' dir='ltr'>recuperanda</span> <span class='ocrx_word' id='word_1_127' title='bbox 772 3019 898 3096; x_wconf 86' lang='lat' dir='ltr'>etiam</span> <span class='ocrx_word' id='word_1_128' title='bbox 939 3015 1215 3118; x_wconf 86' lang='lat' dir='ltr'>perdiderunt</span> <span class='ocrx_word' id='word_1_129' title='bbox 1247 3025 1290 3094; x_wconf 89' lang='lat' dir='ltr'>et</span> 
     </span>
     <span class='ocr_line' id='line_1_22' title="bbox 195 3132 1290 3239; baseline 0.008 -33"><span class='ocrx_word' id='word_1_130' title='bbox 195 3132 495 3234; x_wconf 85' lang='lat' dir='ltr'>spendiderunt</span> <span class='ocrx_word' id='word_1_131' title='bbox 522 3137 630 3212; x_wconf 87' lang='lat' dir='ltr'>ultra</span> <span class='ocrx_word' id='word_1_132' title='bbox 660 3135 834 3214; x_wconf 85' lang='lat' dir='ltr'>ducatos</span> <span class='ocrx_word' id='word_1_133' title='bbox 863 3145 1125 3222; x_wconf 86' lang='lat' dir='ltr'>sexcentos,</span> <span class='ocrx_word' id='word_1_134' title='bbox 1164 3161 1290 3239; x_wconf 89' lang='lat' dir='ltr'>super</span> 
     </span>
     <span class='ocr_line' id='line_1_23' title="bbox 196 3253 1290 3357; baseline 0.004 -29"><span class='ocrx_word' id='word_1_135' title='bbox 196 3253 347 3352; x_wconf 87' lang='lat' dir='ltr'>quibus</span> <span class='ocrx_word' id='word_1_136' title='bbox 375 3253 452 3330; x_wconf 86' lang='lat' dir='ltr'>fuit</span> <span class='ocrx_word' id='word_1_137' title='bbox 478 3255 681 3357; x_wconf 88' lang='lat' dir='ltr'>scriptum</span> <span class='ocrx_word' id='word_1_138' title='bbox 710 3253 811 3334; x_wconf 84' lang='lat' dir='ltr'>atius</span> <span class='ocrx_word' id='word_1_139' title='bbox 834 3255 1082 3335; x_wconf 89' lang='lat' dir='ltr'>comunitati</span> <span class='ocrx_word' id='word_1_140' title='bbox 1110 3253 1290 3354; x_wconf 82' lang='lat' dir='ltr'>Ragusii,</span> 
     </span>
     <span class='ocr_line' id='line_1_24' title="bbox 195 3373 1289 3480; baseline 0 -28"><span class='ocrx_word' id='word_1_141' title='bbox 195 3395 291 3452; x_wconf 87' lang='lat' dir='ltr'>cum</span> <span class='ocrx_word' id='word_1_142' title='bbox 320 3373 534 3453; x_wconf 88' lang='lat' dir='ltr'>civissuus</span> <span class='ocrx_word' id='word_1_143' title='bbox 564 3376 709 3454; x_wconf 85' lang='lat' dir='ltr'>fuisset</span> <span class='ocrx_word' id='word_1_144' title='bbox 736 3375 977 3480; x_wconf 82' lang='lat' dir='ltr'>principalis</span> <span class='ocrx_word' id='word_1_145' title='bbox 996 3395 1133 3472; x_wconf 86' lang='lat' dir='ltr'>cansa,</span> <span class='ocrx_word' id='word_1_146' title='bbox 1164 3399 1289 3478; x_wconf 90' lang='lat' dir='ltr'>prop·</span> 
     </span>
     <span class='ocr_line' id='line_1_25' title="bbox 193 3493 1288 3598; baseline 0.004 -28"><span class='ocrx_word' id='word_1_147' title='bbox 193 3501 258 3571; x_wconf 91' lang='lat' dir='ltr'>ter</span> <span class='ocrx_word' id='word_1_148' title='bbox 286 3517 411 3598; x_wconf 87' lang='lat' dir='ltr'>quam</span> <span class='ocrx_word' id='word_1_149' title='bbox 439 3495 647 3575; x_wconf 81' lang='lat' dir='ltr'>haberant</span> <span class='ocrx_word' id='word_1_150' title='bbox 675 3497 832 3575; x_wconf 87' lang='lat' dir='ltr'>dictum</span> <span class='ocrx_word' id='word_1_151' title='bbox 863 3493 1070 3580; x_wconf 88' lang='lat' dir='ltr'>damnum,</span> <span class='ocrx_word' id='word_1_152' title='bbox 1102 3503 1145 3574; x_wconf 85' lang='lat' dir='ltr'>et</span> <span class='ocrx_word' id='word_1_153' title='bbox 1164 3497 1288 3574; x_wconf 89' lang='lat' dir='ltr'>etiam</span> 
     </span>
     <span class='ocr_line' id='line_1_26' title="bbox 193 3615 1289 3718; baseline 0.005 -28"><span class='ocrx_word' id='word_1_154' title='bbox 193 3615 341 3694; x_wconf 83' lang='lat' dir='ltr'>missus</span> <span class='ocrx_word' id='word_1_155' title='bbox 368 3617 569 3718; x_wconf 90' lang='lat' dir='ltr'>providus</span> <span class='ocrx_word' id='word_1_156' title='bbox 595 3619 658 3696; x_wconf 89' lang='lat' dir='ltr'>vir</span> <span class='ocrx_word' id='word_1_157' title='bbox 686 3617 908 3696; x_wconf 86' lang='lat' dir='ltr'>dohannes</span> <span class='ocrx_word' id='word_1_158' title='bbox 937 3615 1217 3716; x_wconf 83' lang='lat' dir='ltr'>Ravagnano,</span> <span class='ocrx_word' id='word_1_159' title='bbox 1246 3623 1289 3695; x_wconf 87' lang='lat' dir='ltr'>et</span> 
     </span>
     <span class='ocr_line' id='line_1_27' title="bbox 195 3735 1288 3840; baseline 0.003 -28"><span class='ocrx_word' id='word_1_160' title='bbox 195 3737 431 3814; x_wconf 86' lang='lat' dir='ltr'>examinato</span> <span class='ocrx_word' id='word_1_161' title='bbox 474 3741 648 3838; x_wconf 87' lang='lat' dir='ltr'>negotio</span> <span class='ocrx_word' id='word_1_162' title='bbox 705 3739 813 3816; x_wconf 88' lang='lat' dir='ltr'>mate</span> <span class='ocrx_word' id='word_1_163' title='bbox 856 3737 993 3840; x_wconf 82' lang='lat' dir='ltr'>possit</span> <span class='ocrx_word' id='word_1_164' title='bbox 1033 3738 1102 3815; x_wconf 91' lang='lat' dir='ltr'>hic</span> <span class='ocrx_word' id='word_1_165' title='bbox 1142 3735 1288 3816; x_wconf 76' lang='lat' dir='ltr'>liaberi</span> 
     </span>
     <span class='ocr_line' id='line_1_28' title="bbox 194 3855 1287 3960; baseline 0.004 -28"><span class='ocrx_word' id='word_1_166' title='bbox 194 3863 306 3932; x_wconf 85' lang='lat' dir='ltr'>tanta</span> <span class='ocrx_word' id='word_1_167' title='bbox 347 3855 511 3934; x_wconf 77' lang='lat' dir='ltr'>claritas</span> <span class='ocrx_word' id='word_1_168' title='bbox 553 3857 669 3937; x_wconf 82' lang='lat' dir='ltr'>istius</span> <span class='ocrx_word' id='word_1_169' title='bbox 700 3858 822 3942; x_wconf 85' lang='lat' dir='ltr'>tacti,</span> <span class='ocrx_word' id='word_1_170' title='bbox 860 3855 973 3958; x_wconf 88' lang='lat' dir='ltr'>quod</span> <span class='ocrx_word' id='word_1_171' title='bbox 1000 3858 1136 3960; x_wconf 85' lang='lat' dir='ltr'>possit</span> <span class='ocrx_word' id='word_1_172' title='bbox 1161 3859 1203 3936; x_wconf 93' lang='lat' dir='ltr'>in</span> <span class='ocrx_word' id='word_1_173' title='bbox 1232 3881 1287 3936; x_wconf 92' lang='lat' dir='ltr'>eo</span> 
     </span>
     <span class='ocr_line' id='line_1_29' title="bbox 193 3969 1286 4080; baseline 0.003 -29"><span class='ocrx_word' id='word_1_174' title='bbox 193 3969 383 4078; x_wconf 83' lang='lat' dir='ltr'>procedi.</span> <span class='ocrx_word' id='word_1_175' title='bbox 436 3978 561 4054; x_wconf 86' lang='lat' dir='ltr'>Vadit</span> <span class='ocrx_word' id='word_1_176' title='bbox 586 4001 702 4080; x_wconf 88' lang='lat' dir='ltr'>pars:</span> <span class='ocrx_word' id='word_1_177' title='bbox 745 4001 839 4057; x_wconf 90' lang='lat' dir='ltr'>cum</span> <span class='ocrx_word' id='word_1_178' title='bbox 868 3974 967 4054; x_wconf 90' lang='lat' dir='ltr'>dicti</span> <span class='ocrx_word' id='word_1_179' title='bbox 993 3974 1161 4055; x_wconf 89' lang='lat' dir='ltr'>nobiles</span> <span class='ocrx_word' id='word_1_180' title='bbox 1188 4001 1286 4056; x_wconf 88' lang='lat' dir='ltr'>con·</span> 
     </span>
     <span class='ocr_line' id='line_1_30' title="bbox 194 4096 1286 4199; baseline 0.004 -26"><span class='ocrx_word' id='word_1_181' title='bbox 194 4096 298 4174; x_wconf 89' lang='lat' dir='ltr'>tenti</span> <span class='ocrx_word' id='word_1_182' title='bbox 337 4099 442 4187; x_wconf 88' lang='lat' dir='ltr'>sint,</span> <span class='ocrx_word' id='word_1_183' title='bbox 485 4097 601 4199; x_wconf 90' lang='lat' dir='ltr'>quod</span> <span class='ocrx_word' id='word_1_184' title='bbox 630 4101 680 4176; x_wconf 88' lang='lat' dir='ltr'>ad</span> <span class='ocrx_word' id='word_1_185' title='bbox 709 4121 805 4174; x_wconf 89' lang='lat' dir='ltr'>suas</span> <span class='ocrx_word' id='word_1_186' title='bbox 850 4117 1058 4196; x_wconf 85' lang='lat' dir='ltr'>expensas</span> <span class='ocrx_word' id='word_1_187' title='bbox 1099 4099 1286 4177; x_wconf 86' lang='lat' dir='ltr'>mittatur</span> 
     </span>
     <span class='ocr_line' id='line_1_31' title="bbox 193 4215 1285 4318; baseline 0.003 -25"><span class='ocrx_word' id='word_1_188' title='bbox 193 4241 298 4294; x_wconf 84' lang='lat' dir='ltr'>unua</span> <span class='ocrx_word' id='word_1_189' title='bbox 341 4217 540 4309; x_wconf 85' lang='lat' dir='ltr'>nuncius,</span> <span class='ocrx_word' id='word_1_190' title='bbox 582 4215 733 4295; x_wconf 80' lang='lat' dir='ltr'>ettam</span> <span class='ocrx_word' id='word_1_191' title='bbox 769 4217 821 4294; x_wconf 90' lang='lat' dir='ltr'>ad</span> <span class='ocrx_word' id='word_1_192' title='bbox 850 4217 1062 4295; x_wconf 84' lang='lat' dir='ltr'>civitatem</span> <span class='ocrx_word' id='word_1_193' title='bbox 1103 4218 1285 4318; x_wconf 75' lang='lat' dir='ltr'>Raguaii,</span> 
     </span>
     <span class='ocr_line' id='line_1_32' title="bbox 193 4333 1286 4442; baseline 0.004 -28"><span class='ocrx_word' id='word_1_194' title='bbox 193 4362 316 4440; x_wconf 86' lang='lat' dir='ltr'>quam</span> <span class='ocrx_word' id='word_1_195' title='bbox 344 4337 559 4442; x_wconf 87' lang='lat' dir='ltr'>adipsum</span> <span class='ocrx_word' id='word_1_196' title='bbox 588 4337 788 4418; x_wconf 89' lang='lat' dir='ltr'>comitem</span> <span class='ocrx_word' id='word_1_197' title='bbox 816 4333 1061 4440; x_wconf 69' lang='lat' dir='ltr'>stefanum,</span> <span class='ocrx_word' id='word_1_198' title='bbox 1091 4365 1195 4420; x_wconf 82' lang='lat' dir='ltr'>cum·</span> <span class='ocrx_word' id='word_1_199' title='bbox 1215 4339 1286 4419; x_wconf 86' lang='lat' dir='ltr'>iila</span> 
     </span>
    </p>
   </div>
   <div class='ocr_carea' id='block_1_9' title="bbox 0 0 1618 5108">
    <p class='ocr_par' dir='ltr' id='par_1_9' title="bbox 0 0 1618 5108">
     <span class='ocr_line' id='line_1_33' title="bbox 0 0 1618 5108; baseline 0 3"><span class='ocrx_word' id='word_1_200' title='bbox 0 0 1618 5108; x_wconf 95' lang='lat' dir='ltr'> </span> 
     </span>
    </p>
   </div>
  </div>
 </body>
</html>
