3154 5102
431 545 558 644 xll.
595 567 1320 650 rau.rnurct.-v11.1ouau.
1410 583 1415 594 ·

329 731 447 788 {laeuo
482 727 660 802 cpdcuous
695 743 809 800 spano
843 729 999 802 ypoury,
1036 743 1149 788 nonus
1181 749 1223 805 sy
1256 749 1420 792 ssorum

328 849 428 903 asana
462 829 964 904 saxaaume,1uroeaapeaio
1000 847 1037 902 μ
1074 846 1114 889 ce
1149 848 1254 908 spara
1290 851 1420 896 aaran:

393 936 609 992 caerretanus
632 932 740 1006 scopa
763 929 903 1003 aniona,
925 947 1026 1009 yaera
1050 949 1089 992 ca
1112 933 1296 1008 pauonem·
1318 951 1358 996 ce
1400 973 1418 990 ..

752 1033 872 1094 ssione
894 1039 985 1110 saie.

428 1169 640 1250 Urosio
679 1168 867 1260 Serviac,
895 1171 1129 1265 Chetmiae,
1154 1173 1345 1256 Dioctiae
1372 1196 1421 1254 ac

330 1293 529 1376 Albaniae
557 1291 647 1392 regi
673 1292 833 1372 illustri.

431 1431 549 1510 Sicut
587 1436 828 1509 nostrorum
870 1431 1052 1509 fidelium
1102 1433 1153 1510 de
1191 1457 1239 1512 ca
1276 1433 1422 1542 Conta-

327 1579 434 1633 reno
465 1555 507 1629 et
534 1551 739 1630 anarbo
768 1553 1016 1633 relationem
1045 1552 1273 1642 didicimus,
1302 1579 1418 1658 prae·

327 1699 398 1753 ces
439 1677 604 1750 nostras
643 1671 721 1772 sibi
761 1673 917 1750 nostris
956 1673 1085 1750 iactas
1124 1671 1272 1751 titteris
1300 1697 1420 1751 exau·

326 1799 456 1886 diens,
484 1817 612 1896 super
647 1795 911 1874 restitutione
952 1794 1160 1873 bonorum
1201 1819 1419 1899 recupera·

325 1923 463 1993 torum
490 1914 740 2014 anautragio
769 1917 889 2015 galee
917 1914 1232 2018 praedictorum
1258 1919 1418 1994 nostro·

325 2063 417 2116 rum
446 2036 641 2124 fidetium,
668 2061 748 2141 per
773 2037 971 2142 proprios
1008 2036 1214 2115 mandavit
1244 2038 1420 2117 nuncios

327 2160 597 2264 episcopo
628 2157 811 2254 Sancti
838 2159 1123 2237 Michaelis
1149 2183 1419 2263 penesquem

327 2281 516 2370 fueraut,
557 2304 626 2357 res
654 2283 697 2357 et
723 2278 888 2357 merces
927 2283 1203 2382 recuperatae
1242 2279 1294 2358 de
1326 2303 1420 2358 nau·

329 2399 462 2498 fregio
492 2403 752 2486 memorato,
781 2399 893 2500 quod
921 2396 1042 2475 fieret
1070 2397 1275 2475 restitutio
1303 2421 1419 2501 prae·

325 2521 536 2600 dictorum
565 2518 785 2606 bonorum,
812 2517 963 2594 nuncio
979 2517 1419 2598 nostrorumfideiium

326 2640 658 2745 praedictorum
696 2663 874 2741 quorum
903 2640 1146 2718 nunciorum
1175 2644 1350 2718 tractatu
1378 2654 1421 2719 et

326 2761 504 2838 maxime
527 2760 695 2836 illustris
723 2761 748 2837 d
765 2785 790 2838 o
806 2761 915 2836 min
933 2762 945 2836 i
982 2762 1002 2838 f
1010 2761 1022 2837 i
1039 2763 1049 2838 Ι
1064 2763 1105 2839 ii
1132 2761 1273 2850 vestri,
1286 2762 1420 2839 dictus

327 2882 501 2960 nuncius
528 2880 734 2957 dictorum
762 2887 1003 2960 nostrorum
1032 2880 1213 2960 tideiium
1242 2879 1420 2959 adcom-

325 3003 579 3108 positionem
621 3001 790 3078 devenit
831 3027 925 3080 cum
972 3003 1163 3106 praefato
1214 3002 1419 3106 episcopo

326 3147 404 3225 pro
431 3121 561 3201 soidis
574 3123 734 3200 venetis
761 3147 1004 3222 grossorum
1019 3123 1100 3201 1111
1118 3123 1246 3208 mitte,
1275 3121 1419 3200 dandis

325 3265 404 3348 per
418 3242 572 3319 dictum
590 3242 834 3345 episcopum
864 3243 975 3320 dicto
1004 3241 1170 3329 nuncio,
1198 3265 1276 3344 pro
1299 3241 1418 3319 totali

324 3387 483 3442 summa
512 3387 652 3441 rerum
680 3369 1021 3464 recuperatarum
1041 3365 1235 3467 ipsarum;
1260 3364 1312 3442 de
1334 3389 1416 3466 quo

324 3485 478 3586 Regiae
507 3485 731 3564 Serenitati
772 3485 993 3583 gratiarum
1025 3485 1246 3563 referimus
1288 3485 1420 3562 mutti-

324 3605 471 3684 modas
499 3605 699 3684 actiones.
741 3605 895 3682 Verum
939 3612 1076 3683 tamen
1106 3631 1199 3682 cum
1229 3609 1272 3681 ut
1298 3605 1419 3682 nobis

324 3727 524 3804 asseritur
551 3751 628 3828 per
654 3726 789 3805 dictos
830 3733 997 3804 nostros
1037 3729 1254 3818 Venetos,
1285 3723 1419 3802 dictus
1465 3747 1469 3758 ·

271 3841 274 3852 '
325 3847 550 3952 episcopus
586 3847 697 3926 dioto
726 3847 1105 3947 nuncio,assignari
1134 3843 1309 3933 fecerit,
1339 3867 1415 3949 pro

322 3973 443 4072 parte
470 3969 763 4048 satisfactionis
790 3969 944 4048 bestias
958 3971 1031 4059 tot,
1059 3991 1164 4070 quae
1193 3969 1416 4046 extimatae

327 4089 491 4169 fuerunt
518 4091 615 4168 iicet
629 4090 852 4195 superflue,
868 4089 996 4169 soidis
1011 4113 1268 4188 grossorum:
1283 4085 1415 4168 MCC.

323 4208 374 4287 da
416 4234 594 4314 quorum
637 4209 870 4286 animalium
904 4213 1016 4310 J’usta
1055 4207 1294 4286 venditione
1334 4231 1417 4286 non
