3186 5112
174 617 456 705 Novembris,
497 617 537 692 in
566 615 702 694 forma
730 613 851 692 litere
880 614 1006 692 misse
1048 615 1271 714 magnifico

20 814 22 848 ³
176 738 239 819 do
251 763 290 814 m
303 741 314 817 i
326 765 353 816 u
365 765 390 815 o
405 736 681 827 sandalio,
709 735 931 814 mediatori
946 736 1138 838 predicta
1154 761 1270 840 pace.

22 930 26 953 ,
278 859 542 938 Michael
584 857 766 937 Steno
807 859 875 934 dei
903 859 1034 958 gratia
1077 859 1161 936 dux
1190 845 1270 936 Ve‘·

22 982 26 997 '
175 980 381 1058 netiarum
410 983 539 1058 etcet.
568 978 794 1077 magnifico
839 986 881 1054 et
906 977 1071 1080 potenti
1101 977 1269 1054 domino

176 1097 461 1180 Sandalio
501 1106 716 1198 megno‘
747 1099 1000 1174 vaivode
1038 1098 1270 1188 Rosius,

176 1222 314 1298 amico
341 1219 489 1298 diletto
517 1220 720 1312 salutem,
762 1227 805 1294 et
833 1218 1003 1296 sincere
1031 1219 1270 1297 dilectionis

176 1340 384 1417 affectum.
437 1337 500 1416 Ex
548 1363 601 1420 eo
642 1336 861 1439 potissime
884 1332 1043 1416 ‚rerum
1087 1343 1270 1419 omnium

23 1439 24 1478 ³
177 1460 364 1540 creatori
387 1460 478 1558 jugi
505 1459 777 1536 devotionem
819 1460 953 1535 teneri
991 1483 1070 1535 nos
1099 1459 1270 1539 arbitra·

177 1607 285 1668 mur,
315 1581 431 1685 quod
459 1582 577 1682 quasi
600 1578 902 1682 patrimonium
932 1581 1053 1658 nobis
1082 1603 1267 1684 aproge·

176 1702 383 1781 nitoribus
410 1703 569 1781 nostris
597 1702 817 1796 relictum,
857 1701 1123 1780 affectionem
1153 1701 1272 1804 pacis

177 1829 219 1899 et
248 1821 479 1902 concordie
521 1822 702 1924 quodam
742 1822 882 1900 innato
921 1821 1135 1900 desiderio
1175 1847 1271 1924 pos·

177 1943 428 2032 sederimus,
456 1945 602 2021 etillas
630 1943 727 2022 totis
743 1941 961 2020 conatibus
989 1963 1160 2045 semper
1188 1941 1272 2019 iue-

178 2067 308 2144 rimus
336 2065 567 2168 amplexati.
620 2065 729 2144 Hinc
759 2071 837 2162 est,
867 2065 979 2165 quod
1009 2087 1102 2142 cum
1130 2069 1272 2141 vestro

82 2203 83 2207 ‘
178 2183 483 2284 magnificentia
510 2193 623 2264 mota
651 2185 719 2287 pie
758 2187 944 2271 caritatis
973 2185 1202 2263 affectione
1231 2193 1272 2260 et

176 2306 294 2408 pacis
310 2305 547 2403 amenitate,
566 2329 647 2408 qua
674 2305 727 2383 nil
756 2308 926 2384 suauius
957 2312 1027 2382 aut
1047 2305 1272 2404 jocundius

177 2429 288 2506 inter
315 2427 516 2506 mortales
545 2427 696 2508 baberi
724 2435 880 2529 potest,
911 2426 1074 2504 miserit
1101 2430 1151 2506 ad
1179 2453 1270 2532 pre·
1401 2439 1405 2452 '

22 2565 23 2597 ³
178 2549 351 2627 sentiam
380 2553 567 2626 nostram
595 2544 871 2649 spectabilem
899 2549 1032 2625 virum
1058 2551 1272 2629 dominum

179 2667 502 2749 Grubacium
521 2668 1272 2767 Debreavigbonorabilemsuum

180 2791 538 2876 ambassiatorem,
568 2815 646 2892 pro
675 2791 893 2868 tractando
922 2797 963 2868 et
979 2787 1273 2870 concludendo

20 2898 24 2975 ἶ
178 2935 319 2988 veram
346 2933 496 3012 pacem
525 2915 652 3012 atque
678 2912 967 3007 concordiam,
999 2913 1108 2990 inter
1134 2937 1214 2991 nos
1231 2921 1273 2991 et

179 3043 369 3112 nostrum
399 3054 578 3114 comune
594 3057 646 3109 ex
662 3057 742 3110 una
770 3039 905 3134 parte,
937 3039 979 3109 et
1006 3033 1272 3134 magnificum

180 3159 223 3231 et
261 3160 481 3257 potentem
523 3153 735 3230 dominum
776 3152 1004 3232 Balsam
1047 3151 1272 3234 Straci·
1384 3203 1392 3220 =

179 3273 299 3351 miri
327 3273 534 3374 quondam
564 3273 721 3351 domini
749 3273 948 3372 Georgi
984 3273 1274 3351 Stracimir
1367 3309 1370 3320 ·

179 3393 442 3472 de‘Balsis
471 3399 599 3470 etcet.
618 3391 834 3471 dominum
849 3391 982 3471 Zenle
999 3415 1051 3468 ex
1068 3392 1159 3483 ulia,
1177 3417 1272 3470 cum

177 3511 291 3589 inter
317 3520 459 3614 partes
486 3512 595 3615 ipsas
623 3511 1103 3611 guerrarum-disturbia
1131 3519 1173 3589 el
1193 3511 1272 3588 dis-

178 3629 384 3710 sidiorum
419 3632 664 3732 vigeretur,
705 3657 786 3737 pro
817 3633 968 3733 quibus
1004 3630 1198 3709 sedandis
1228 3638 1273 3710 et

178 3753 446 3831 removendis
499 3753 740 3854 magnitudo
794 3761 934 3832 restra
988 3751 1180 3831 studiose
1230 3762 1273 3831 et

180 3875 443 3954 laudabiliter
471 3869 729 3978 interposuit
757 3875 872 3951 vices
901 3894 1007 3960 suas,
1033 3896 1111 3948 nos
1141 3874 1210 3975 qui
1227 3880 1274 3951 ut

180 4017 306 4101 supra
344 3994 548 4085 diximus,
588 4019 739 4098 pacem
769 3999 811 4070 et
840 3994 1116 4073 concordiam
1155 3994 1291 4097 quasi,

180 4118 303 4196 nobis
331 4115 627 4194 hereditariam
654 4115 910 4202 affectamus,
940 4123 983 4193 et
1006 4117 1057 4194 ad
1085 4136 1273 4194 cassem·

179 4263 258 4342 per
285 4261 381 4316 cum
409 4237 728 4339 quibuscunque
758 4237 914 4316 Christi
941 4237 1146 4325 fidelibus,
1173 4237 1273 4316 totis

177 4356 394 4463 spiritibus
420 4355 687 4445 hanelamus,
733 4359 836 4435 moti
863 4359 989 4437 ctiam
1031 4347 1282 4459 requisitio?
