3236 5108
388 677 471 755 que
499 659 646 732 nostro
674 650 879 738 dominio,
907 645 1132 756 acceptare
1149 652 1261 732 dicta
1279 654 1387 739 loca,
1414 649 1481 726 ra·
1588 689 1590 692 ·

386 775 446 852 dit
472 798 591 876 pars:
632 773 745 875 quod
774 797 870 852 cum
896 771 978 852 illis
1017 772 1137 851 bonis
1165 771 1331 865 uerbis4
1370 796 1481 873 quae

387 893 575 972 dominio
603 892 868 990 videbuntur,
897 893 1149 996 responderi
1177 893 1330 972 debeat
1356 893 1480 972 dictis

387 1013 768 1104 ambassiatoribus,
796 1019 911 1119 qarod
928 1041 1022 1096 cum
1053 1015 1367 1096 conditionibus
1384 1039 1481 1094 cum

388 1134 539 1237 quibus
570 1135 637 1214 illa
665 1137 810 1216 dicunt
836 1138 958 1216 nobis
986 1136 1087 1214 dara
1114 1161 1244 1242 posse
1261 1195 1278 1229 „
1312 1159 1398 1214 non
1424 1135 1481 1212 vi·

205 1235 207 1253 '
313 1280 317 1289 ·
388 1255 511 1332 detur
536 1257 661 1336 nobis
690 1259 742 1336 de
769 1257 1034 1362 acceptando
1063 1257 1159 1338 loca
1187 1256 1415 1360 praedicta.
1435 1302 1480 1314 -

386 1376 439 1456 de
467 1381 586 1480 parte
614 1382 677 1456 36.

493 1583 575 1663 Ser
601 1585 799 1664 Nicolaus
842 1564 1110 1664 bauredanus'
1135 1585 1327 1664 volebat:
1369 1585 1485 1688 quod

392 1705 731 1809 responderetur
777 1705 900 1783 dictis
954 1704 1338 1802 ambassiatoribus,
1367 1703 1483 1806 quod

391 1849 578 1902 essemus
605 1849 763 1902 summe
794 1827 995 1927 contenti,
1027 1827 1140 1930 quod
1168 1823 1362 1904 dominus
1383 1847 1485 1900 suus

389 1945 527 2048 possit
553 1951 751 2049 potenter
780 1953 823 2024 et
851 1943 957 2024 bene
992 1952 1249 2024 conservare
1278 1942 1359 2020 sibi
1386 1943 1485 2019 loca

390 2088 478 2150 sua;
507 2065 582 2142 sed
609 2071 835 2168 postquam
862 2093 908 2144 se
935 2068 1102 2170 reperit
1129 2069 1168 2146 in
1198 2067 1311 2145 dicto
1345 2063 1484 2168 termi-

391 2212 469 2276 no,
508 2183 560 2262 de
603 2210 688 2288 quo
717 2187 922 2274 dolemus,
965 2187 1256 2266 consideratis·
1285 2187 1486 2290 expensis

392 2328 499 2410 quae
527 2309 770 2408 pateremur
797 2308 836 2384 in
866 2307 1114 2410 accipiendo
1144 2307 1255 2384 dicta
1285 2307 1398 2391 loca,
1425 2305 1484 2382 vi·

391 2425 564 2502 deretur
592 2424 714 2502 nobis
731 2451 825 2503 esse
840 2427 1006 2520 iustum,
1035 2427 1148 2530 quod
1177 2426 1369 2505 dominus
1382 2450 1485 2502 suus

227 2557 237 2573 ⁸
390 2546 663 2649 pertransiret
688 2545 912 2627 nobiscum
929 2573 1024 2627 cum
1049 2539 1359 2626 liberalioribus
1387 2571 1485 2650 pac·

391 2667 442 2744 tis
470 2665 555 2743 illis
583 2691 689 2770 quae
717 2673 882 2770 petunt,
911 2676 954 2746 et
980 2667 1160 2747 maxime
1200 2664 1487 2758 considerato,

352 2807 360 2824 ·
394 2787 508 2889 quod
538 2787 779 2888 capitaneus
808 2799 958 2866 noster
986 2787 1152 2893 Culphy
1178 2789 1324 2865 retulit
1348 2785 1486 2880 nobis,

392 2909 547 2986 dictum
576 2906 789 2986 dominnm
831 2909 1058 3009 Georgium
1096 2909 1256 2986 habere
1284 2909 1413 3008 magis
1441 2909 1487 2986 li·

244 3015 253 3033 ¹
386 3027 579 3106 beralem
606 3027 929 3130 dispositionem
959 3031 1179 3132 illaquam
1210 3031 1419 3118 dixerunt,
1440 3035 1488 3106 et

390 3149 489 3226 ideo
520 3149 560 3224 in
591 3171 689 3228 casu
720 3176 803 3252 quo
831 3177 916 3228 non
945 3153 1074 3230 velint
1100 3151 1168 3229 vel
1190 3175 1272 3228 non
1289 3148 1487 3228 ¹babeant

391 3269 594 3346 maiorem
624 3271 860 3351 libertatem
890 3273 1095 3376 illaquam
1125 3271 1334 3360 dixerunt,
1364 3291 1485 3369 roga·

392 3415 483 3468 mus
511 3417 599 3480 eos,
615 3393 726 3495 quod
742 3417 825 3471 non
852 3375 1165 3478 tedeatrererti
1191 3393 1485 3471 ed‘dominum

268 3500 272 3508 ’
391 3537 524 3599 sarum,
553 3521 595 3591 et
624 3514 761 3591 eidem
803 3516 965 3594 referre
1007 3521 1188 3594 nostram
1233 3515 1384 3592 bonam
1412 3539 1486 3591 vo·

392 3635 591 3711 luntatem
621 3643 662 3714 et
690 3636 1018 3737 dispositionem,
1047 3661 1153 3740 quae
1171 3642 1355 3714 estteste
1384 3635 1485 3724 deo,

393 3755 684 3856 complacendi
723 3755 946 3835 desideriis
973 3757 1058 3834 suis
1086 3759 1125 3862 in
1155 3757 1318 3836 cunctis
1359 3757 1486 3833 nobis

294 3892 299 3904 “
392 3874 666 3976 possibilibus
694 3886 735 3955 et
762 3878 968 3965 honestis,
999 3903 1094 3958 cum
1134 3880 1263 3956 simus
1290 3877 1486 3979 dispositi

392 3997 568 4073 mittere
596 3999 649 4074 de
679 3996 796 4074 brevi
832 3997 1174 4077 ambassiatorem
1215 4005 1401 4076 nostrum
1431 3999 1487 4076 ad

391 4119 670 4218 praesentiam
700 4141 830 4205 suam,
857 4116 909 4196 de
925 4117 1157 4198 intentione
1171 4127 1314 4197 nostra
1344 4119 1488 4222 plena·

393 4235 455 4312 rie
484 4238 766 4316 informatum.
795 4239 915 4318 Etex
944 4261 1053 4318 nunc
1080 4239 1133 4318 sit
1162 4248 1339 4343 captum,
1368 4244 1489 4342 quod

397 4359 580 4435 mittatur
620 4382 726 4434 arnus
768 4357 1062 4448 ambassiator,
1104 4359 1174 4461 qui
1216 4385 1311 4439 ctam
1353 4361 1491 4459 galeis
