3212 5116
340 369 405 438 Μ

342 579 547 660 rationem
575 580 786 662 dictorum
814 583 1077 684 navigiorum
1106 611 1200 666 cum
1239 587 1430 667 omnibus

342 703 421 780 iliis
448 703 584 781 modis
601 711 644 782 et
660 705 974 807 experimentis
1002 712 1207 809 quaesibi
1234 711 1428 789 videbun-

341 831 419 910 tur,
448 848 527 927 pro
558 827 672 904 bono
702 826 789 905 fatti
817 827 1034 936 praedicti.

703 1045 795 1112 Misti
819 1047 878 1112 del
900 1048 1040 1114 Senato
1065 1048 1230 1115 XXXIV.
1257 1053 1311 1116 cb.
1334 1055 1387 1120 bt).

419 1253 723 1353 cxxxiv.
744 1277 863 1468 §aas
891 1274 1102 1414 rnutct.
1130 1275 1263 1357 xuu.
1290 1283 1353 1358 ao.

787 1397 1034 1473 anuarss.

342 1605 539 1678 bosoounaa
577 1607 616 1660 c'e
661 1603 773 1678 Itapay
818 1605 952 1674 Tonin,
985 1623 1023 1678 aa
1067 1625 1220 1666 uoneca
1265 1619 1326 1677 nae
1371 1623 1430 1662 na-

345 1721 501 1781 opynane
547 1703 635 1764 raaia
671 1723 824 1764 nuoannn
858 1725 1015 1783 nopeun,
1037 1728 1075 1782 aa
1100 1727 1231 1784 oonynn
1268 1722 1353 1768 enos
1377 1725 1429 1766 aa·

341 1825 438 1890 aere3
461 1827 504 1866 no
528 1823 634 1884 ωηο
659 1827 739 1868 naun
764 1827 948 1870 aaxreaarc
974 1829 1038 1885 oue
1054 1815 1147 1883 ubre,
1169 1830 1208 1883 aa
1233 1831 1273 1872 ca
1298 1827 1427 1887 uanapa

384 1933 421 1973 oa
436 1930 565 1974 nonnus
591 1917 816 1974 Macrianus
839 1931 1010 1978 carnaeae
1034 1935 1147 1976 onnus
1172 1919 1385 1993 npauunbne.

445 2103 588 2208 Capta:
616 2104 737 2204 Quod
761 2132 840 2209 pro
871 2106 1007 2186 multis
1034 2103 1301 2211 respectibus
1330 2129 1427 2184 oon·

341 2227 516 2306 cedatur
554 2226 621 2306 isti
661 2217 830 2305 domino
872 2225 1091 2306 iiarulo
1145 2227 1471 2329 Thopiae,;

339 2348 538 2454 possendi
566 2349 628 2426 ire
658 2375 752 2427 curn
781 2373 861 2426 una
889 2374 961 2426 sua
989 2351 1107 2452 galea
1134 2355 1290 2428 armata
1328 2351 1428 2451 dup-

338 2471 408 2576 pla
436 2476 478 2548 et
518 2495 612 2548 oum
653 2494 736 2548 uno
767 2470 847 2547 alio
889 2495 965 2547 suo
990 2471 1116 2569 *ligno
1160 2477 1348 2554 armato.
1377 2471 1428 2547 ad

338 2591 718 2697 percomplendum
745 2598 845 2668 vota
871 2613 957 2677 sua,
972 2617 1058 2668 non
1087 2589 1226 2669 eundo
1243 2591 1293 2667 ad
1321 2591 1429 2668 darn·

339 2739 440 2791 num
469 2713 642 2812 aiicujus
671 2737 751 2790 neo
778 2736 858 2816 pro
887 2711 1077 2798 faciendo
1132 2713 1427 2800 mercationes,

340 2835 449 2911 sicut
476 2833 592 2936 petit,
621 2831 920 2912 concordando
950 2858 998 2909 se
1025 2832 1161 2934 primo
1192 2856 1286 2910 cum
1315 2831 1427 2909 nobi-

340 2953 447 3030 libus
484 2953 583 3032 viris
624 2953 794 3033 Andrea
822 2961 864 3031 et
903 2953 1090 3033 Gratono
1131 2951 1321 3029 Dandulo
1350 2949 1429 3026 fra·

341 3071 473 3151 tribus
501 3080 544 3151 et
571 3072 737 3178 Philipo
768 3071 940 3164 Sanuto,
968 3070 1127 3151 civibus
1154 3073 1332 3156 nostris,
1359 3071 1427 3148 vel

338 3218 612 3272 cumeorum
653 3195 836 3285 nuncio,
865 3219 988 3295 quem
1031 3218 1126 3272 curn
1165 3191 1421 3272 comissione

335 3339 409 3391 sua
425 3313 659 3416 adplenum
686 3316 853 3394 mittunt
873 3314 1092 3392 addictum
1120 3315 1334 3393 dominum
1350 3310 1423 3388 iia·

335 3439 496 3524 mlum,
524 3439 576 3515 de
604 3437 682 3516 hiis
710 3462 816 3540 quae
846 3440 896 3515 ab
926 3462 978 3515 eo
1015 3442 1186 3540 petunt,
1214 3434 1281 3511 vel
1310 3430 1423 3534 qnod

331 3561 445 3657 juste
473 3559 679 3636 deberent
705 3559 864 3638 habere
892 3561 947 3637 ita
976 3559 1086 3661 quod
1113 3557 1193 3636 sint
1222 3549 1423 3644 contenti,

336 3679 518 3782 alioquin
561 3681 670 3758 dicta
712 3681 935 3759 concessio
989 3681 1042 3758 sit
1081 3679 1230 3756 nullius
1268 3675 1424 3752 valoris

336 3807 377 3880 et
404 3799 612 3881 scribatur
638 3802 863 3906 superinde
892 3802 972 3906 ipsi
999 3801 1155 3880 liarulo
1190 3824 1284 3878 curn
1311 3797 1424 3876 illis

334 3920 1005 4027 verbisquacdorninio
1047 3921 1423 4003 videbuntur.

437 4096 501 4175 δι’.
529 4097 713 4176 Donatus
741 4099 890 4178 Mauro
921 4097 1183 4178 consiiiarius
1210 4101 1252 4174 et
1280 4093 1344 4172 ΒΡ.
1358 4094 1423 4171 Vi·

336 4219 428 4302 talis
457 4219 597 4300 bando
629 4219 871 4323 capitaneus
900 4219 996 4299 ioco
1014 4217 1241 4297 consiliarii
1268 4216 1427 4312 voluutg
