3220 5118
161 589 313 670 luimus
354 597 398 671 et
423 591 581 697 placuit
619 591 767 677 uobis.
808 615 858 672 ac
887 599 1180 690 contentamus
1208 599 1251 674 et

160 709 285 790 nobis
309 711 461 814 placet,
484 735 578 788 cum
606 714 895 816 suprascripto
925 711 1148 812 magnifico
1178 711 1247 790 do·

159 832 272 911 mino
314 833 437 912 Balsa
477 857 625 934 puram
664 855 806 910 veram
861 833 1070 912 sinceram
1112 835 1154 908 et
1194 831 1249 910 la·

157 959 282 1032 vente
310 955 408 1051 deo,
439 959 646 1058 perpetuo
676 953 916 1034 duraturam
944 977 1095 1056 pacem
1123 959 1248 1054 atque

159 1073 432 1155 concordiam
459 1075 649 1172 introire,
679 1075 938 1152 concludere
967 1083 1091 1177 atque
1120 1073 1249 1152 firma·

159 1219 220 1291 re,
250 1195 442 1272 remissis
470 1196 608 1274 eidem
627 1195 821 1275 omnibus
849 1194 1025 1294 injuriis,
1054 1195 1248 1273 offensio·

157 1315 280 1394 nibus
306 1315 464 1394 damnis
491 1323 617 1416 atque
647 1317 855 1394 molestiis
883 1316 1072 1394 dominio
1101 1325 1247 1396 nostro

156 1464 236 1542 per
263 1463 358 1514 eum
385 1437 523 1516 lactis.
562 1435 614 1514 lit
643 1460 695 1512 ex
723 1461 835 1515 nunc
864 1435 913 1515 ad
941 1437 1177 1516 instantiam
1206 1448 1249 1516 et

15 1551 16 1558 ‘
156 1557 476 1661 requisitionem
505 1557 695 1656 ejusaem
723 1536 929 1654 magniiici
965 1557 1124 1636 domini
1152 1556 1248 1636 san-

156 1679 280 1766 dalii,
322 1678 453 1780 ipsam
482 1701 630 1783 pacem
659 1684 700 1756 et
729 1676 1001 1756 concordiam
1032 1703 1127 1756 oum
1168 1677 1248 1757 dic·

156 1805 199 1876 to
229 1797 403 1876 domino
439 1797 560 1876 Balsa
599 1798 823 1876 introimus
864 1806 991 1900 atque
1035 1797 1248 1876 firmamus

156 1943 250 1999 cum
291 1917 381 1996 istis
408 1917 748 1998 condictionibus
775 1923 901 2023 atque
930 1922 1091 2006 modis,
1133 1922 1247 2022 quod

153 2039 196 2140 in
225 2038 549 2142 dispositionem
578 2037 708 2142 ipsius
735 2035 947 2138 magnifici
975 2038 1244 2116 domiuiSan·

155 2157 254 2238 dalii
294 2158 565 2248 dimittimus,
607 2159 720 2261 quod
761 2182 839 2262 pro
880 2159 1164 2238 stabilimento
1206 2169 1248 2236 et

153 2279 350 2358 firmitate
377 2278 567 2383 predicte
595 2279 714 2381 pacis
736 2281 873 2378 possit
899 2279 1069 2356 nomine
1096 2284 1246 2360 nostro

154 2427 206 2482 ac
234 2423 534 2480 successorum
558 2408 812 2490 nostrorum,
840 2403 940 2478 dare
969 2401 1046 2504 ipsi
1075 2401 1245 2480 domino

152 2519 278 2597 Balse
317 2543 396 2624 pro
424 2547 470 2598 se
500 2527 542 2597 et
568 2521 798 2598 heredibus
840 2525 957 2620 ejus,
997 2519 1246 2621 Dulcignum

155 2651 197 2720 et
232 2641 421 2720 Buduam
460 2666 555 2720 cum
598 2640 789 2744 omnibus
816 2649 858 2719 et
885 2641 1058 2742 singulis
1098 2669 1245 2724 eorum

148 2762 315 2862 juribus
355 2762 624 2865 pertinentiis
666 2762 927 2842 districtibus
968 2771 1009 2840 et
1038 2763 1244 2845 confiniis.

155 2885 207 2962 lit
232 2885 406 2986 iusuper
432 2871 686 2987 promittere
712 2886 881 2963 nomine
909 2890 1058 2963 nostro
1086 2895 1128 2962 et
1154 2910 1244 2964 suc·

11 2972 21 3109 Ι
155 3027 377 3085 cessurum
404 3013 673 3098 nostrorum,
703 3005 816 3082 mille
843 3008 1018 3085 ducatos
1047 3006 1138 3084 auri
1164 3031 1244 3110 pro

153 3127 248 3230 ipso
278 3123 449 3202 domino
478 3125 602 3204 Balsa
630 3134 672 3204 et
700 3124 930 3204 heredibus
955 3125 1056 3216 soie,
1083 3127 1245 3205 solven-

156 3245 233 3323 dos
275 3244 431 3323 eisdem
474 3245 654 3345 singullo
696 3269 804 3324 anno
833 3247 886 3322 de
914 3244 1158 3322 introitibus
1186 3246 1244 3322 lo·

157 3387 307 3444 eorum
334 3373 588 3452 nostrorum,
618 3391 699 3467 que
726 3365 931 3445 habemus
958 3364 1094 3442 inillis
1121 3365 1245 3466 parti·

157 3485 247 3574 bus,
276 3509 372 3565 cum
398 3484 479 3562 illis
497 3487 633 3563 modis
663 3484 998 3566 condictionibus
1027 3490 1068 3560 ei
1083 3484 1244 3592 formis,

158 3629 253 3685 cum
293 3606 441 3707 quihus
469 3631 542 3684 eos
569 3606 836 3686 solvebamus
878 3607 979 3684 olim
1021 3604 1243 3705 magnifico

155 3725 328 3806 domino
344 3727 531 3826 Georgio
557 3729 665 3830 patri
693 3727 970 3830 suo,etquod
1001 3729 1137 3806 omnia
1165 3727 1244 3806 alia

155 3849 275 3938 loca,
316 3871 398 3950 que
435 3849 603 3928 vendita
640 3850 809 3928 luerunt
849 3857 891 3928 et
918 3847 1012 3926 data
1052 3847 1246 3935 dominio.

156 3975 304 4048 nostro
333 3995 412 4073 per
429 3963 630 4048 'eumdem
660 3969 874 4050 dominum
903 3969 1132 4068 Georgium
1157 3973 1244 4066 ejus

154 4097 345 4193 patrem,
389 4090 566 4172 debeant
593 4091 715 4170 nobis
744 4089 943 4192 expedite
971 4097 1013 4167 et
1040 4091 1131 4168 sine
1159 4091 1244 4166 ulla

155 4209 495 4292 contradictione
512 4220 553 4291 et
569 4210 765 4290 molestia
793 4210 942 4294 libere,
972 4234 1067 4296 cum
1095 4233 1242 4286 eorum

152 4327 316 4430 juribus
365 4331 624 4432 districtibus
664 4330 927 4434 pertinentiis
967 4336 1011 4408 et
1051 4329 1243 4417 confiniis

996 4449 1039 4512 32
