3226 5112
1206 413 1273 481 2⁷9

171 613 270 702 nio,
309 621 459 692 eontra
488 611 644 690 dietum
675 613 894 693 stefanum
924 624 967 693 et
994 617 1100 698 alios
1126 642 1273 722 sequa·

171 756 243 808 ees
271 756 372 809 siros
400 741 442 810 et
471 729 668 809 dominos
696 732 817 811 uobis
848 734 1055 824 inimicos,
1084 745 1126 815 et
1154 736 1270 816 iilum

170 851 284 930 dabit
311 854 378 928 vei
407 853 548 928 vivirm
576 851 643 926 vel
672 861 883 930 mortuum
913 856 955 932 in
983 856 1172 934 manibus
1201 882 1268 935 ve·

168 969 295 1066 stris,
337 971 474 1048 eidem
512 969 757 1048 donabimus
798 974 976 1050 ducatos
1005 975 1271 1076 quingentos,

163 1096 207 1166 et
235 1090 412 1168 ulterius
441 1089 628 1169 dabimus
667 1089 749 1167 sibi
784 1093 823 1168 in
852 1101 1105 1196 perpetuum
1134 1120 1271 1196 equos

165 1218 266 1288 octo
309 1208 360 1288 ad
404 1207 570 1286 latinam
598 1210 650 1286 ad
692 1203 859 1286 eoldum
888 1219 1109 1303 nostrum,
1149 1221 1192 1291 et
1231 1215 1270 1292 ei

166 1327 416 1408 donabimus
472 1329 644 1406 domum
699 1329 820 1404 sitam
876 1331 916 1406 io
981 1331 1268 1422 Scutaro,

162 1473 270 1550 quae
313 1447 388 1525 fuit
430 1447 530 1524 olim
577 1448 819 1540 Stefani
871 1447 1052 1550 S'pan,
1092 1451 1267 1529 rebellis

164 1567 313 1656 nostri,
342 1591 447 1668 quae
484 1592 594 1646 nunc
622 1571 755 1646 estin
784 1575 932 1646 nostro
962 1569 1188 1646 communi.
1216 1569 1268 1648 ut

163 1687 273 1762 nitra
299 1685 396 1772 hoo,
425 1684 461 1762 si
488 1688 759 1764 dominus
790 1685 945 1786 coya
973 1686 1165 1766 inimicus
1192 1713 1265 1766 no·

164 1811 254 1883 ster
281 1805 578 1883 destrueretur
606 1831 684 1908 por
712 1813 901 1882 nostrum
923 1807 1152 1884 dominium
1169 1833 1264 1886 cum

166 1923 376 2004 favoribus
405 1923 536 2026 ipsius
562 1923 600 2000 T
616 1949 638 1998 a
654 1949 719 2000 uu
734 1951 753 1998 s
771 1923 781 1999 i
800 1925 809 1998 i
827 1982 837 2014 ‚
879 1950 1021 2002 sumus
1062 1919 1264 2022 contenti,

166 2049 278 2150 quod
309 2044 451 2124 omnia
480 2068 586 2144 quae
616 2047 858 2148 praedictus
888 2045 964 2124 Co
980 2075 1005 2148 y
1023 2071 1071 2142 a,
1099 2047 1180 2124 sibi
1198 2075 1266 2126 oo·

165 2173 291 2270 eupat
330 2167 383 2243 de
425 2163 546 2242 bonis
590 2177 629 2242 rt
673 2166 904 2256 territoriis
946 2176 989 2246 et
1025 2169 1134 2245 vitiis
1163 2168 1264 2258 suis,

164 2311 271 2390 quae
297 2283 352 2366 ,de
375 2288 472 2382 jure
502 2285 552 2362 ad
583 2309 677 2360 eum
708 2287 985 2386 pertinerent,
1014 2287 1104 2389 ipse
1127 2288 1263 2366 'l'anu
1371 2375 1386 2392 ‚

159 2407 248 2484 sius
288 2402 440 2484 habeat
468 2412 510 2481 et
537 2403 751 2506 possideat
790 2407 842 2480 ad
878 2431 1006 2484 omne
1043 2433 1162 2484 suum
1194 2411 1261 2485 be·

162 2527 445 2630 neptaeiturn,
481 2525 712 2605 dummodo
741 2529 907 2604 nonsit
937 2554 1032 2606 curn
1061 2529 1264 2631 praeiudi·
1347 2581 1350 2588 -

163 2645 231 2726 oio
263 2646 457 2724 locorum
486 2653 733 2726 nostrorum
774 2654 845 2728 aut
883 2648 1066 2726 fidetium
1101 2659 1263 2728 nostro·

162 2791 280 2852 rum,
322 2765 474 2867 quibus
518 2791 567 2842 ea
611 2767 717 2843 bona
760 2777 938 2866 possent
965 2768 1104 2867 atiquo
1135 2767 1262 2846 rnodo
1408 2768 1424 2797 ‘

161 2894 370 2988 spectare.
423 2885 475 2961 ut
530 2885 635 2964 ultra
686 2884 903 2986 praedicta
945 2885 1127 2964 faciente
1167 2887 1261 2988 ipso

160 3007 271 3084 siout
325 3028 572 3105 speram,
641 3011 789 3082 contra
857 3028 1005 3082 omues
1067 3004 1263 3082 inimicos
1389 3085 1395 3102 x

61 3211 66 3222 ,
161 3133 336 3204 nostros
379 3125 544 3202 illarum
586 3123 791 3226 partium,
845 3122 1164 3226 providebimus
1206 3123 1262 3199 ei·
1333 3181 1339 3192 .

162 3246 259 3322 dem
312 3245 428 3322 iuxta
482 3247 758 3348 operationes
822 3267 946 3330 suas,
990 3241 1128 3343 ¹quod
1182 3265 1263 3317 me·

162 3369 245 3446 rito
284 3364 606 3446 contentabitur.
662 3365 802 3464 Super
838 3363 990 3464 quibus
1021 3361 1147 3438 rebus
1174 3385 1264 3464 pra·

161 3486 341 3570 tioandis
395 3485 592 3586 poteritis
648 3483 821 3587 operari
864 3481 1030 3560 tidetem
1072 3485 1262 3557 nostrum

158 3607 366 3710 «iacobum
397 3606 449 3682 de
479 3605 601 3682 Senis
643 3604 934 3710 praedictum,
976 3601 1045 3704 qui
1086 3603 1137 3680 ad
1174 3599 1264 3676 illas

157 3733 302 3833 partes
330 3728 574 3812 revertitur,
602 3751 625 3806 a
655 3753 740 3829 quo
760 3725 885 3804 etiam
913 3722 1108 3828 poteritis
1135 3723 1263 3804 infor·

160 3850 267 3928 mari
308 3849 361 3926 de
402 3846 611 3948 aliquibus
653 3870 781 3946 super
824 3845 935 3922 dicta
979 3845 1179 3936 materia,
1218 3850 1264 3920 ut
1355 3933 1357 3938 ,

160 3971 311 4050 melius
354 3969 526 4071 possitis
568 3968 721 4067 exequi
762 3965 1040 4042 intentionem
1076 3973 1262 4043 nostram

160 4087 502 4191 suprascriptam.
532 4085 587 4162 Et
616 4086 650 4161 si
665 4087 881 4163 videretur
897 4085 1020 4174 vobis
1035 4107 1125 4162 rem
1141 4086 1262 4164 istam

160 4229 239 4310 per
254 4206 363 4284 viam
378 4185 786 4318 provisoris'uostris
815 4206 960 4285 Alex
978 4205 1018 4282 ii
1046 4207 1113 4284 ret
1142 4205 1262 4284 uliam
1397 4293 1401 4301 ,
