3186 5112
1202 387 1267 454 475

16 585 18 644 ³
172 611 295 692 pars,
333 589 445 678 nuod
475 590 561 670 diei
590 597 631 670 et
658 589 907 694 responderi
947 591 1100 672 debeat
1138 613 1268 696 super

170 709 263 814 ipso
293 712 480 814 capituto
509 711 634 790 dietis
661 711 1020 794 ambaxiatoribus
1050 713 1267 794 Sandai-

172 827 229 926 ii,
260 829 377 930 quod
404 831 561 913 veritas
589 840 679 920 est,
709 833 824 936 quod
852 860 875 912 a
903 841 1052 912 nostro
1080 834 1265 914 dominio

170 973 254 1026 nnn
291 951 505 1052 prooessit
543 977 626 1031 neo
669 954 947 1054 quaesivimus
987 945 1166 1056 unqtmm
1202 979 1266 1033 ao·

172 1069 318 1173 cipere
346 1070 460 1150 iilam
483 1081 645 1150 terram
677 1071 880 1151 Catari
908 1075 949 1153 in
981 1098 1076 1162 nos,
1100 1073 1176 1152 sed
1202 1082 1268 1152 est

171 1209 343 1277 rerum,
385 1191 501 1292 quod
527 1191 593 1270 iiia
623 1181 858 1272 oom'unitas
886 1219 909 1272 a
936 1217 983 1272 se
1012 1201 1055 1270 et
1082 1194 1194 1272 cives
1221 1215 1268 1272 se

170 1317 397 1388 moverunt
435 1308 485 1388 ad
512 1311 838 1414 proponendum
867 1319 910 1388 et
938 1311 1197 1393 offerendum
1227 1313 1269 1390 ii·

16 1523 18 1530 γ
172 1429 251 1506 tam
281 1435 440 1507 terram
467 1428 614 1509 nostro
636 1429 838 1518 dominio,
866 1433 1100 1512 asserendo
1129 1445 1172 1512 et
1198 1432 1266 1510 de·

16 1539 17 1580 i
170 1551 458 1640 monstrando,
473 1575 557 1631 non
587 1551 681 1630 fore
698 1536 912 1653 obligatos
939 1553 1076 1642 alicui,
1106 1554 1182 1630 sed
1210 1553 1269 1630 fo·

16 1717 18 1784 ξ
170 1697 217 1750 re
247 1671 287 1748 in
305 1671 435 1748 iibere
462 1673 680 1752 voluntate
697 1699 784 1763 sua;
811 1679 923 1751 etex
950 1675 1036 1752 hoo
1064 1675 1267 1764 miserunt

16 1817 18 1876 ῒ
170 1813 272 1870 suos
326 1789 641 1872 ambassiatores
682 1795 733 1874 od
776 1799 967 1872 nostrum
1022 1792 1267 1884 dominium;

171 1918 214 1990 et
252 1938 332 1992 nos
359 1914 500 1992 multis
543 1915 820 1996 consideratis
863 1925 906 1994 et
934 1913 1087 1992 habitis
1129 1915 1268 1992 multis

158 2034 451 2141 respectibus,
479 2045 522 2114 et
549 2037 730 2114 maxime
757 2037 953 2114 videntes
981 2036 1139 2113 animos
1166 2061 1267 2115 suos

170 2161 395 2256 promptos
436 2159 486 2236 ad
530 2182 613 2236 non
655 2157 852 2236 standum.
888 2160 930 2238 in
959 2158 1142 2236 termino
1183 2181 1266 2258 quo

171 2278 307 2362 stant,
349 2285 392 2356 et
419 2276 729 2356 dubitantesut
763 2280 855 2380 ipsa
885 2283 1000 2356 terra
1036 2301 1120 2356 non
1147 2277 1271 2354 vadat

172 2399 216 2472 et
243 2395 401 2497 eapitet
441 2397 492 2476 ad
520 2423 664 2478 manus
702 2397 949 2502 potentiae,
986 2397 1038 2474 de
1067 2397 1267 2498 quaipse

172 2512 342 2592 Sandali
383 2523 425 2605 et
461 2517 532 2597 aiii
572 2518 707 2596 nostri
737 2518 889 2596 iratres
928 2519 971 2592 et
1003 2513 1105 2594 boni
1145 2513 1268 2594 amici

171 2641 312 2714 essent
353 2637 461 2721 maie
490 2639 706 2727 contenti,
746 2648 789 2716 ot
815 2645 963 2716 nostro
992 2635 1179 2720 dominio
1208 2661 1268 2712 es·

16 2737 18 2770 *
170 2762 237 2834 set
264 2755 524 2860 dispiieibile
553 2768 596 2834 et
624 2759 875 2846 molestum,
919 2757 1111 2834 dedimus
1140 2779 1266 2835 aures

171 2875 234 2952 eis
275 2879 319 2953 et
345 2877 588 2960 audivimus
623 2881 732 2965 bene
774 2903 896 2962 suam,
935 2876 1267 2980 dispositionem.

16 2987 18 3022 '
171 2993 256 3074 Sed
285 2995 560 3076 nihilominus
588 2999 686 3099 quia
728 2999 820 3101 ipse
840 2993 1051 3076 ¹dominus
1079 2993 1267 3074 Sandaiii

170 3113 293 3194 nobis
323 3117 423 3197 facit
450 3126 515 3198 tot
540 3143 706 3222 preces,
733 3125 948 3198 ettantum
979 3117 1197 3197 caritative
1226 3121 1269 3194 at

171 3237 359 3318 fraterne
390 3242 569 3342 requirit
609 3267 712 3331 nos,
754 3253 801 3320 ut
826 3243 994 3346 placeat
1030 3237 1155 3316 nobis
1182 3261 1266 3316 non

168 3355 377 3463 impedire
405 3385 484 3458 nos
513 3363 567 3440 de
593 3361 686 3462 ipso
713 3362 882 3453 Cataro,
912 3358 1180 3440 considerata
1209 3355 1266 3434 in·

172 3479 359 3560 trinseca
389 3480 669 3560 beniuolentia
698 3491 740 3558 et
768 3480 970 3567 caritate,
1012 3501 1136 3578 quam
1164 3498 1266 3553 suae

170 3597 417 3698 magnificae
454 3599 706 3678 fraternitati
733 3599 944 3700 gerimus,
985 3619 1127 3674 sumus
1170 3617 1263 3676 oon-

169 3719 279 3798 tenti
305 3721 576 3822 nntnplaeere
603 3718 938 3822 magnificentiae
967 3739 1078 3803 suae,
1105 3721 1148 3792 et
1180 3735 1264 3814 non

170 3863 217 3918 se
246 3839 453 3940 impedire
482 3841 522 3917 in
544 3841 653 3918 diota
681 3849 807 3918 terra.
836 3825 998 3916 Verum
1027 3835 1122 3938 quia
1152 3858 1262 3912 oom-

169 3960 472 4065 prehendimus
503 3973 543 4040 et
570 3963 761 4042 videmus
789 3959 1111 4063 dispositionem
1129 3954 1264 4034 etani·

170 4105 263 4161 mos
290 4083 481 4186 ipsorum
511 4080 803 4163 C'atarinorum
832 4081 953 4158 vaide
984 4077 1262 4156 ferventesed

171 4229 254 4285 non
283 4203 474 4282 standum
504 4205 543 4282 in
571 4204 655 4282 hoe
685 4205 894 4300 termino,
936 4209 981 4278 ut
1008 4209 1072 4278 est
1104 4199 1258 4282 dictum

171 4335 213 4406 et
240 4326 351 4404 veile
379 4325 481 4405 dare
507 4349 555 4402 se
583 4325 729 4419 alteri,
770 4333 813 4402 et
838 4323 1031 4405 videmus
1058 4320 1171 4422 quod
1200 4343 1262 4396 re-

995 4443 1056 4508 30*
