3230 5104
1226 381 1294 458 m
1376 321 1387 328 .

188 600 319 676 nostri
362 595 536 677 dominii
579 597 690 675 illum
734 600 783 674 ad
814 605 1001 676 nostram
1030 598 1206 698 gratiam
1231 625 1291 675 aa·

188 721 435 820 erampsiaee'.
489 717 541 795 lit
582 719 678 819 quia
706 716 840 819 pluris
868 718 1044 796 iacimus
1073 721 1292 798 materiam

187 839 537 922 salinarum,
579 861 681 938 quas
711 839 922 939 quondam
953 842 1075 940 pater
1102 861 1203 913 suun
1226 833 1292 934 Ju-

38 962 44 968 '
189 981 236 1034 re
264 957 507 1059 patrimonii
543 955 741 1045 tenebat,
769 963 816 1032 ut
844 959 883 1034 in
915 957 1134 1060 privilegio
1165 958 1294 1036 conti·

187 1081 335 1161 netur,
378 1103 459 1179 que
500 1077 739 1155 introitibus
780 1076 906 1156 istius.
938 1077 1116 1155 civitatis
1144 1087 1293 1166 nostre

187 1196 535 1274 vehementeruti
564 1194 678 1272 scitis
695 1196 861 1272 obsunt:
887 1219 1074 1276 essemus
1106 1195 1294 1274 contenti

186 1323 422 1416 nostroque
437 1315 627 1397 dominio
643 1315 869 1394 admodum
887 1317 1090 1420 placeret,
1107 1315 1217 1420 quod
1233 1339 1293 1394 aa·

189 1437 295 1513 linae
310 1437 420 1536 ipsas
436 1435 719 1520 nonlraberct3
738 1435 833 1512 ideo
850 1436 971 1512 vobis
999 1435 1293 1516 efficacissime

189 1555 459 1642 comittimus,
476 1564 519 1632 ut
535 1557 647 1634 omni
665 1561 806 1632 restra
825 1557 1043 1659 prudentia
1062 1579 1212 1636 curare
1227 1557 1279 1632 de

188 1665 334 1762 beatis,
362 1673 473 1775 quod
489 1673 643 1752 salinas
661 1675 772 1778 ipsas
788 1699 872 1753 non
891 1675 1057 1754 babeat.
1086 1676 1137 1754 Et
1159 1677 1194 1752 si
1211 1677 1292 1752 tac·
1403 1769 1407 1782 Ι

188 1803 226 1870 ta
245 1819 320 1898 per
342 1819 417 1872 vos
433 1797 547 1872 omni
565 1796 843 1900 experientia,
874 1797 1074 1902 omnique
1102 1793 1293 1904 iaetantia

188 1915 394 2018 possibili,
416 1915 468 1992 de
484 1941 566 1992 non
583 1917 731 1992 dandis
748 1919 1124 2018 concedendisque
1149 1914 1291 1992 salinis

188 2037 289 2138 ipsis
315 2035 529 2127 rideretis,
560 2035 723 2114 tandem
749 2035 988 2115 buiusmodi
1016 2035 1291 2115 intentionem

188 2157 382 2234 obtinere
409 2179 493 2233 non
522 2179 823 2259 possedimus
852 2157 1040 2234 contenti
1058 2154 1172 2258 quod
1196 2175 1292 2232 con·

188 2273 417 2354 ditionibus
445 2277 484 2352 in
516 2276 606 2378 ipso
635 2274 860 2378 privilegio
886 2275 1096 2353 contentis
1126 2273 1292 2353 conclu·

187 2395 290 2470 dere
318 2396 514 2497 possitis:
551 2395 818 2475 declarantes
847 2397 957 2496 quod
987 2393 1027 2472 in
1057 2391 1293 2471 hereditate

73 2503 78 2508 ’
186 2522 386 2616 paterna,
431 2517 786 2616 quemadmodum
818 2511 959 2592 cetera
989 2512 1096 2590 bona
1125 2536 1201 2591 aua
1231 2535 1293 2608 re7

186 2643 393 2729 maneant,
424 2638 533 2715 inter
562 2661 670 2738 qnos
700 2635 854 2712 tratres
869 2657 1061 2712 essemus
1090 2635 1292 2727 contenti,

187 2756 399 2860 nobisque
429 2757 653 2835 admodum
680 2757 898 2857 placeret,
926 2759 1039 2856 quod
1068 2763 1208 2834 vestra
1236 2755 1292 2831 in·

187 2871 447 2957 lercessiona
476 2879 528 2954 de
557 2877 679 2955 bonis
707 2877 893 2979 paternis
921 2873 1151 2952 lierettalis
1180 2895 1291 2951 com·

187 2998 342 3101 positio
387 2999 553 3099 taleque
597 2995 900 3082 concordium,
942 2993 1055 3096 quod
1095 2991 1206 3069 inter
1245 3015 1292 3067 ao

188 3117 330 3218 quiete
358 3117 504 3193 vivere
532 3113 761 3206 haberent,
802 3113 841 3188 in
870 3137 950 3213 qua
980 3137 1027 3188 re
1056 3135 1182 3189 omne
1209 3114 1290 3186 stu·

187 3235 298 3314 dium
328 3245 369 3313 et
397 3231 652 3333 diligentiam
680 3240 864 3310 vestram
894 3231 1141 3312 adhibeatis.

495 3355 599 3420 Secr.
626 3373 728 3418 cons.
755 3373 834 3436 rog.
860 3353 934 3416 Lib.
957 3351 1091 3416 XXlll.
1117 3351 1246 3418 obsiti.

327 3493 496 3590 ΒΧΙΙ.
540 3515 652 3589 troo.
684 3517 745 3590 ll.
781 3509 1146 3597 Decembris,

189 3669 326 3727 Haaoru
351 3686 454 3744 aaeay
478 3670 718 3748 Cuabrruoun,
742 3685 779 3739 aa
794 3685 892 3738 raeda
917 3685 1025 3744 μοι]
1050 3669 1291 3743 upaaaauyBo·

189 3771 323 3834 caacay,
348 3773 410 3813 aon
434 3773 454 3830 y
478 3755 617 3831 Cnabry
640 3773 733 3826 cepo,
758 3771 884 3824 oaaape
908 3771 1043 3812 ‚renunc
1069 3771 1247 3812 aaranoun
1271 3767 1292 3828 y

528 3859 630 3916 apyro
655 3857 760 3899 uacuo
791 3857 949 3897 nordana.

291 3955 507 4037 Comiti
549 3955 802 4058 Spoleti.

253 4075 548 4179 ,Accepimus
595 4074 889 4176 strperioribus
937 4071 1085 4152 diebus
1133 4073 1292 4150 litteras

190 4201 377 4284 uestras,
407 4197 559 4298 quibus
603 4196 711 4274 inter
740 4203 881 4276 cetera
924 4193 1118 4296 tetigistis
1159 4193 1289 4294 regi·
