3190 5110
1253 417 1295 494 u

168 597 170 600 ’
253 621 405 721 XIV.
460 647 609 736 (sau).
653 637 1243 720 nunnuscaruonse.

200 871 320 932 ssacnc
346 873 430 931 desa
455 871 565 932 [taam
604 882 715 923 sons-s
751 879 973 940 upcnoppsya
1006 881 1093 925 caan
1117 865 1294 940 casnm,
1404 943 1412 952 .

662 971 822 1046 danpaue.

301 1141 549 1247 Exemplum
592 1141 755 1221 litterae
798 1105 892 1220 bani
922 1141 1036 1218 Pauti
1069 1142 1195 1219 misse
1224 1141 1294 1219 do·

199 1255 312 1344 mino
341 1263 481 1369 Papae
509 1265 549 1340 in
578 1264 764 1340 favorem
791 1261 1070 1340 taurensium.

305 1471 575 1551 iunctissima
612 1471 849 1550 inChristu
892 1473 1001 1575 putri
1043 1479 1086 1550 et
1111 1468 1296 1556 domim,

202 1594 445 1674 Domino
497 1591 793 1672 Clementi
845 1593 982 1669 divina
1031 1589 1297 1695 providentia

200 1718 493 1792 sacrosanctae
533 1711 744 1788 Romanae
794 1713 1001 1790 ecciesiae
1041 1733 1203 1788 sommo
1247 1731 1297 1787 ac

201 1831 424 1910 universati
452 1831 656 1934 pontifici,
681 1833 851 1910 domino
880 1857 956 1910 suo
982 1831 1205 1933 plurimum
1234 1853 1295 1906 re·
1345 1875 1349 1882 ·

199 1952 401 2041 rcrcndoe
436 1951 651 2030 Paulus
692 1953 857 2030 banus
894 1953 1217 2032 Oroatorum
1251 1955 1297 2028 et

202 2073 470 2150 dominus
498 2073 689 2151 Boane
716 2075 868 2177 pedum
899 2076 1045 2152 oscuta
1073 2072 1292 2150 beatorum

200 2219 294 2272 mm
333 2194 663 2298 promptitudine
702 2196 928 2274 serviendi.
970 2195 1070 2294 Quia
1112 2219 1199 2272 non
1227 2193 1296 2296 qni

199 2313 418 2415 inceperit,
442 2313 518 2390 sed
534 2317 607 2416 qui
618 2315 960 2417 perseveraverit
985 2315 1136 2418 recipit
1163 2313 1295 2393 brani-

202 2457 282 2521 um‚
309 2458 358 2510 ac
385 2433 485 2510 ittud
511 2434 762 2536 principium
799 2443 863 2512 eat
900 2433 1142 2512 laudandum
1182 2431 1296 2535 quod

200 2553 281 2630 tina
324 2553 528 2632 clauditur
568 2555 754 2648 metiari,
792 2555 952 2634 idcirco
988 2554 1029 2630 in
1067 2553 1294 2632 devotione

201 2674 339 2754 dubita
378 2677 629 2777 permanere
668 2684 710 2753 ct
745 2701 839 2754 cum
878 2683 1070 2778 prompta
1106 2697 1155 2752 ac
1184 2673 1295 2752 fideti

201 2795 514 2876 continuatione
564 2797 754 2876 serviciis
799 2798 976 2876 servicia
1018 2797 1296 2884 accumulare,

198 2923 450 3017 vestraeque
490 2918 717 2996 sanctitatis
751 2919 952 2996 mandatis
988 2924 1030 2996 ct
1055 2917 1296 3022 praeceptis

200 3061 285 3114 nun
309 3038 527 3140 parcendo
553 3039 753 3141 periculis
768 3047 809 3116 ct
828 3039 1128 3142 expensisper
1155 3038 1296 3116 omnia

199 3161 372 3260 cupiens
399 3157 590 3248 obedire,
617 3161 885 3238 considerans
912 3165 1075 3238 vestrae
1112 3160 1295 3238 domina·

198 3279 322 3356 tionis
371 3285 580 3358 contra
630 3283 898 3358 Venetos
946 3283 1202 3360 sentenciam
1245 3305 1295 3358 ac·

197 3423 346 3478 comm
373 3399 462 3478 risa
487 3403 700 3502 protervia
718 3407 760 3478 et
775 3403 986 3486 duriciam.
1004 3402 1059 3480 ob
1085 3401 1292 3478 honorem

195 3526 239 3596 et
264 3519 439 3619 gloriam
479 3525 646 3598 sauctae
688 3522 829 3598 matris
866 3523 1099 3607 ecciesiae,
1142 3521 1182 3599 in
1210 3543 1292 3598 me·

194 3638 307 3716 dium
333 3640 738 3718 dadratinorum
774 3649 1014 3720 nostrorum
1043 3641 1295 3719 devotorum

195 3769 237 3838 et
278 3757 487 3847 fidetium,
530 3761 599 3865 qui
642 3767 805 3840 restrae
855 3763 1082 3842 strictitatis
1115 3763 1290 3866 speciali

193 3881 306 3960 ducti
333 3880 500 3971 fiducia,
526 3907 549 3960 a
576 3887 836 3960 Venetorum
873 3884 1058 3963 violento
1101 3883 1288 3964 dominio

193 4000 469 4090 recedentes,
506 4003 555 4082 ad
594 4002 827 4082 libertatem
871 4001 1052 4082 debitam
1089 4025 1290 4106 pervene-

192 4125 314 4217 runt,
344 4123 569 4225 requisitus
597 4147 675 4226 per
703 4125 887 4219 cosdem,
917 4147 1055 4202 nrmrm
1084 4121 1289 4225 primoge-

196 4236 339 4328 nitum,
368 4239 567 4324 bunum
596 4241 927 4342 Mladiuum,
965 4243 1167 4328 baanna
1200 4239 1294 4328 Bo·¹
