3206 5110
341 592 418 670 tari
435 593 609 680 valeant,
626 599 666 667 et
683 586 788 680 fieri,
810 590 922 692 quod
938 583 1223 692 propontida,
1240 579 1281 670 et
1304 580 1444 693 requi
1507 631 1511 638 ·

343 711 410 800 rit;
426 713 461 788 ai
474 709 916 788 rerodiotuaMichaei
930 711 1144 788 ordinatus
1166 710 1438 799 deoeesinde·

341 836 518 926 nannet
535 817 644 914 bona
659 859 733 912 sua
750 833 938 933 predicta
967 855 1062 910 oum
1091 838 1341 912 testamento
1370 829 1437 905 ret

343 955 610 1036 ordinatione
639 953 751 1054 qood
779 953 844 1028 ret
875 975 998 1052 quam
1023 953 1122 1031 ieoit
1150 953 1317 1032 mittere
1344 953 1437 1036 ittis,

344 1075 394 1155 ad
423 1075 537 1179 qtrod
566 1085 763 1175 opineture
788 1073 994 1162 videritis,
1023 1084 1064 1150 et
1093 1075 1294 1152 debeatis.

441 1197 590 1274 uatum
621 1197 836 1272 innostro
879 1195 1018 1272 ducati
1046 1185 1203 1296 palatio
1247 1195 1436 1271 Venetia·

344 1341 572 1403 rumando
600 1315 651 1393 ab
680 1315 968 1394 incarnatione
997 1307 1154 1392 domini
1182 1305 1318 1392 nostri
1345 1313 1435 1390 lesu

344 1435 500 1514 christi
530 1435 754 1514 millesimo
797 1427 1101 1512 tercentesimo
1141 1423 1279 1519 nuno,
1314 1429 1460 1508 indic·'

345 1557 464 1633 tione
494 1565 658 1637 octava,
686 1553 754 1630 dia
783 1577 886 1630 reru
914 1579 1028 1630 nono
1058 1553 1273 1632 Februari.

642 1654 714 1718 Lib.
741 1654 888 1762 litterar.
915 1663 1048 1720 seerrt.
1086 1655 1239 1740 cotragii
1264 1655 1319 1718 eir.
1342 1655 1395 1718 ne

265 1759 269 1912 ζ
343 1775 638 1873 nxuvut.
665 1801 777 1872 1310.
806 1803 833 1870 ο
873 1795 1125 1896 nprttts,
1154 1795 1297 1872 rnatu.
1327 1791 1435 1872 vut.

617 1935 734 1992 llrwno
761 1953 862 2008 nneay
884 1935 1161 2009 ltydpunaunon.

711 2051 865 2130 Comiti
895 2051 1072 2151 Ragusii.

306 2260 308 2269 Ι
443 2170 918 2249 luteitectorestrarmn
948 2172 1178 2251 litterarum
1209 2179 1358 2248 tenore
1386 2171 1437 2247 in·

342 2301 407 2370 ter
434 2297 577 2368 uetera
608 2289 906 2366 continentium
937 2292 1132 2369 debanna
1161 2290 1373 2366 hominum
1389 2287 1440 2364 de

341 2412 503 2511 Apulea
545 2417 723 2488 orrerata
766 2411 999 2498 frumento,
1042 2405 1084 2488 et
1125 2415 1283 2499 ordeo,
1320 2432 1438 2510 quam

344 2537 505 2630 captam
546 2555 625 2631 per
664 2529 833 2606 Petrum
870 2531 1115 2608 Larrredano
1158 2532 1280 2606 robis
1322 2517 1438 2606 reeo-

341 2651 625 2728 mendavimus
643 2675 735 2726 oum
754 2652 919 2743 rarico‚'
934 2651 1041 2728 idem
1059 2646 1221 2739 Petrae,
1244 2659 1285 2726 et
1313 2649 1440 2728 conti·

318 2859 321 2866 ,
342 2771 522 2850 nentium
539 2771 723 2871 insuper,
740 2773 853 2872 quod
869 2775 950 2850 tate
962 2773 1230 2870 dignaremur
1242 2771 1440 2849 adhibere

343 2889 575 2968 remedium
591 2913 721 2990 super
736 2891 950 2990 predictis,
966 2889 1077 2992 quod
1088 2892 1219 2969 vestri
1233 2893 1377 2970 iideies
1388 2891 1439 2966 de

346 3007 527 3106 Ragusio
544 3010 583 3086 in
611 3008 797 3108 partibus
813 3011 976 3114 Apulae
993 3025 1293 3091 conversantes
1320 3037 1440 3116 prop·

345 3133 409 3205 ter
436 3153 498 3204 -ea
540 3128 719 3231 dapuum
761 3131 929 3208 minime
959 3133 1192 3232 patiantur.
1221 3135 1442 3236 prudentie

341 3255 481 3324 rouro
524 3251 819 3338 rescribimus,
862 3255 974 3354 qarod
1017 3279 1093 3328 noa
1136 3253 1470 3332 ‹tottberanone-

342 3364 480 3444 habita
507 3369 767 3470 'delinquenti
795 3375 1064 3474 providimus,
1089 3365 1199 3473 qnod
1217 3359 1329 3452 diota
1356 3371 1442 3448 bar·

342 3511 388 3562 ce
418 3511 513 3564 oum
556 3486 681 3564 rebus
711 3491 903 3570 omnibus
933 3493 1176 3570 restituatur
1204 3491 1442 3571 hominibus

341 3607 613 3704 supradictie;
645 3609 752 3687 unde
781 3612 902 3689 robis
931 3611 1180 3700 scribimus,
1209 3623 1252 3692 'et
1281 3613 1443 3690 manda·

342 3749 431 3801 mus
461 3751 539 3826 per
554 3757 644 3820 noo,
661 3739 697 3809 et
720 3743 910 3811 nostrum
929 3733 1155 3812 consitium
1173 3733 1320 3824 minue,
1335 3745 1376 3810 et
1392 3735 1445 3810 de
1583 3803 1584 3808 ,

340 3843 590 3942 quindecim,
621 3859 826 3947 qaratenns
846 3853 979 3930 ¹diotin
1004 3853 1242 3931 homiuibus
1272 3855 1445 3956 Apuleio
1583 3873 1584 3876 ‘

341 3962 567 4044 restituetis
622 3967 845 4056 barcham,
889 3984 930 4050 et
973 3975 1189 4060 caricum,
1231 3983 1273 4050 et
1308 3975 1444 4050 omnia
1583 3997 1584 4004 ’

340 4099 430 4164 tuo,
455 4112 538 4186 que
579 4087 764 4168 habetis:
808 4085 1080 4170 veruntamen
1124 4093 1287 4172 iacietis
1325 4093 1446 4168 robis

341 4199 431 4277 fleri
460 4207 735 4286 securitatem
750 4213 829 4312 pru
858 4213 992 4305 nobis,
1020 4198 1158 4304 ronta
1185 4223 1226 4292 et
1254 4215 1447 4293 omnibus
