3192 5112
148 603 272 680 gem
298 578 530 676 aaziae,
559 575 684 659 rediit
711 577 937 666 referrens,
965 581 1076 684 quod
1104 583 1240 662 inven-

150 709 193 780 to
223 700 337 780 dicto
378 707 481 800 rege
507 700 699 804 pluribus
728 701 852 779 dietis
881 699 986 779 inira
1016 711 1171 782 terram
1200 684 1240 781 in

149 819 335 922 partibus
362 819 612 916 Romulae,
654 843 784 922 super
823 817 1038 900 omb'axata
1066 822 1146 902 sibi
1173 847 1239 900 cx·

147 938 287 1044 posita
324 963 402 1042 pro
442 944 562 1044 parte
614 945 757 1017 nostra
797 963 1046 1044 responsum
1082 937 1238 1041 hab'uit,

149 1058 261 1162 quod
290 1059 481 1160 dominus
510 1057 601 1141 aex
626 1059 884 1140 obamorem
913 1069 1114 1152 nostrum,
1143 1087 1239 1142 con·

148 1187 286 1260 tentos
328 1189 394 1260 eat
432 1181 578 1260 vivere
618 1180 659 1262 in
699 1205 806 1286 poce
843 1187 886 1258 et
926 1185 1106 1262 amicitia
1146 1207 1239 1262 cum

148 1301 261 1382 dicto
291 1300 413 1398 bano,
443 1327 589 1382 vorum
618 1303 929 1406 conquaeritur,
958 1303 1071 1408 quod
1090 1295 1239 1384 ‘dictus

148 1420 282 1500 banus
310 1429 560 1530 occupatam
575 1423 654 1504 sibi
683 1425 815 1502 tenuit
839 1433 882 1503 et
897 1433 1010 1506 tenet
1037 1427 1239 1528 quandam

148 1551 303 1628 terram
331 1544 412 1623 sibi
439 1546 491 1629 de
513 1549 610 1648 jure
639 1553 913 1648 spectantem.
942 1547 994 1626 Et
1021 1547 1133 1648 quod
1160 1571 1238 1650 pro

147 1661 259 1746 bono
287 1667 423 1762 gentis
454 1671 496 1746 et
522 1665 639 1772 pacis
667 1667 821 1764 veliet,
864 1666 973 1770 quod
1003 1667 1083 1770 ipsi
1111 1665 1237 1744 domi·

146 1807 201 1862 oo
239 1781 371 1884 bano,
401 1786 590 1892 placeret
616 1785 698 1868 sibi
728 1810 819 1863 eam
860 1787 1086 1866 restituere
1127 1783 1240 1868 vetut

145 1929 237 1988 rem
265 1927 396 1986 suam.
423 1905 524 1991 Etsi
548 1905 601 1986 de
629 1905 714 1985 hoo
742 1907 905 1988 faceret
931 1905 1113 1995 dubium,
1141 1929 1236 1985 con·

147 2033 329 2109 tentatur
369 2027 461 2134 ipae
495 2052 600 2114 rex.
628 2028 740 2130 quod
768 2028 820 2105 de
855 2027 1020 2127 juribus
1060 2029 1238 2132 partium

7 2147 8 2186 ³
144 2171 273 2254 super
299 2149 413 2232 facto
442 2147 578 2235 dictae
606 2155 849 2252 terrae‚per
876 2147 1036 2250 aliquos
1059 2172 1238 2248 cognos-

115 2275 277 2361 ¹catur,
305 2267 497 2348 dantibus
523 2267 712 2373 partibus
739 2270 999 2350 sufficientes
1018 2277 1061 2348 et
1086 2269 1237 2370 ydone-

144 2413 188 2466 os
213 2389 421 2493 piezarias
449 2389 501 2468 de
541 2388 831 2480 observando,
878 2391 989 2484 sicut
1014 2412 1093 2494 per
1119 2388 1235 2491 ipsos

145 2508 272 2588 fuerit
311 2511 584 2593 terminatum.
636 2511 752 2590 Etsi
782 2513 890 2590 forte
933 2509 1067 2590 dictus
1105 2510 1235 2588 hanua

144 2631 261 2712 nolet
297 2631 407 2732 quod
435 2631 485 2708 ad
524 2653 727 2733 praesens
769 2637 1100 2731 cognosceretur
1140 2631 1235 2716 hoc,

8 2769 11 2862 ἱ
144 2757 415 2850 θθῦἵθβῐθῐῦῐ·
440 2753 532 2856 ipse
559 2752 793 2853 rex..quod
832 2759 1012 2852 treugae
1039 2751 1148 2831 inter
1175 2753 1231 2852 ip·

8 2879 9 2890 ἶ
146 2897 220 2952 ⁸⁰⁵
262 2897 410 2972 regem
452 2879 495 2952 et
534 2875 685 2954 bonum
720 2871 820 2953 fiant
853 2871 901 2954 ad
931 2878 1094 2950 certum
1134 2879 1233 2949 tom·

144 3018 222 3096 pus
252 2992 408 3077 biennii
435 2996 502 3078 vei
532 2996 671 3078 trienii
697 3003 742 3072 ut
780 2994 1015 3082 videbitur,
1044 3001 1087 3070 et
1123 2991 1233 3094 quod

144 3112 290 3194 ambae
318 3121 461 3216 partes
486 3121 703 3218 praestent
740 3112 996 3194 sufficientes
1034 3115 1233 3194 cauteiias

142 3243 186 3314 et
211 3234 428 3337 piozarias,
455 3235 507 3314 de
533 3259 618 3316 noo
646 3233 977 3339 dampnificando
994 3259 1040 3312 ae
1070 3234 1233 3312 alterut-

140 3379 234 3434 rum
261 3353 372 3436 intra
399 3353 553 3434 dictum
594 3363 770 3458 tempus,
798 3355 920 3434 etde
963 3354 1230 3447 observando

141 3483 185 3553 et
222 3499 307 3552 oon
348 3478 582 3577 rumpendo
624 3485 823 3578 treuguas
864 3477 948 3554 ullo
987 3475 1129 3554 modo.
1180 3473 1233 3555 Et

139 3601 369 3700 proptarae
409 3597 516 3680 haec
556 3597 635 3678 sibi
686 3597 961 3683 amicabiliter
1001 3601 1099 3678 nota
1139 3590 1230 3674 iaci·

139 3742 260 3806 mos,
299 3723 344 3798 ut
382 3719 488 3802 sciat
528 3722 627 3821 quid
667 3722 824 3804 habeat
863 3720 1005 3798 iacere
1031 3717 1073 3796 in
1114 3738 1231 3819 praa·

139 3863 293 3921 masere·

671 4027 778 4096 Secr.
800 4029 891 4114 Rog.
914 4025 986 4093 Lib.
1009 4023 1034 4088 1.
1058 4025 1112 4092 ch'.
1133 4027 1185 4092 63.
