3236 5108
366 621 649 724 pendendam,
677 629 802 724 prout
826 619 940 720 idem
969 621 1161 697 dominus
1190 621 1373 700 Michael
1410 621 1461 697 de

367 742 563 820 omnibus
591 741 871 817 excolentiam
900 733 1138 817 informabit
1165 740 1368 829 eamdem,
1396 743 1462 819 cni

366 885 448 964 que
478 862 591 939 circa
619 859 701 939 hec
718 860 877 938 referet
909 862 960 946 ei.
984 862 1076 937 viva
1105 886 1214 938 voce
1243 861 1462 964 nostrique

366 982 473 1069 vice,
501 981 715 1062 credulam
745 981 871 1058 iidem
893 979 1063 1082 placeat
1091 979 1306 1066 adhibere.
1360 981 1470 1058 Data

365 1103 403 1178 in
432 1113 577 1182 nostra
607 1105 700 1181 aula
728 1101 797 1178 Su
814 1103 933 1180 this
949 1111 963 1178 t
979 1127 1016 1192 e,
1048 1101 1115 1180 die
1144 1102 1327 1209 secunda
1352 1127 1446 1180 men

365 1223 420 1298 sis
450 1221 696 1310 Februarii,
725 1247 833 1300 anno
862 1219 1300 1302 mccclxxxxnll.
1427 1299 1429 1307 .

470 1381 801 1484 Stephanus
829 1379 1104 1459 Dabischa
1133 1381 1200 1458 dei
1228 1381 1360 1480 gratia
1388 1381 1459 1457 lla·

367 1501 429 1577 sie
457 1499 599 1579 Boane
628 1500 923 1604 Maritimeqne
952 1509 1033 1580 etc.
1062 1525 1150 1579 rex.

468 1639 504 1715 A
531 1649 667 1740 tergo:
690 1637 1040 1719 Excelentissimo
1070 1638 1186 1718 fratri
1215 1645 1363 1726 nostro
1393 1661 1459 1716 ca·
1566 1665 1568 1670 ·

367 1757 555 1848 rissimo,
597 1759 770 1838 domino
825 1759 1132 1840 Anthonio
1173 1757 1463 1856 Venerio,

366 1880 471 1959 Dei
499 1881 631 1980 gratia
660 1881 756 1959 duci
783 1881 1072 1959 Venetiarum.
1217 1906 1221 1914 ·

532 2023 534 2028 ’
844 2013 1119 2083 Comemoriale
1144 2013 1240 2081 Vlll.
1265 2017 1327 2082 ch,
1346 2017 1416 2080 189.

371 2223 712 2322 ccxxxix·
743 2235 856 2320 raon.
883 2241 1072 2346 indict.
1099 2239 1150 2318 u.
1176 2241 1449 2345 cuprum.

367 2420 571 2495 sspunuscria
607 2439 645 2478 na
675 2423 876 2496 rpalpaucrso
910 2424 1085 2482 liberasso
1118 2423 1206 2496 ΒΜ
1236 2422 1464 2495 spumosum.

571 2543 755 2602 rocuopapy
778 2528 943 2584 Pamsoun
969 2527 1256 2600 nACsanoucnou‘s.

468 2659 738 2760 Privilcgium
766 2661 1071 2762 magnifici
1104 2661 1314 2740 domini
1340 2661 1469 2764 Vol3
1524 2671 1532 2686 '

368 2780 461 2858 chi
504 2778 569 2856 de
609 2778 905 2871 Brancho‚
947 2805 1042 2858 cum
1070 2779 1154 2858 suis
1182 2781 1275 2859 liliis
1302 2779 1467 2860 heredi·

367 2901 456 3000 bus,
484 2902 617 3004 gratie
658 2903 712 2979 de
741 2909 875 2980 extra.

468 3038 1466 3140 AnthoniusVenerloDeigratiadux
1518 3119 1522 3126 .

366 3161 650 3238 Venetiarum.
692 3157 902 3240 Universis
931 3172 973 3239 et
999 3163 1169 3261 singulis
1210 3171 1291 3241 tam
1321 3164 1466 3242 amicis

367 3303 489 3382 qulam
526 3265 719 3358 fidelibus
749 3287 791 3360 et
818 3287 907 3358 lam
942 3282 1211 3382 presentibus
1256 3307 1380 3386 quam
1410 3281 1471 3357 lu·

365 3403 480 3490 turis,
508 3425 685 3505 presens
706 3401 971 3505 privilegium
995 3403 1261 3507 inspecturis,
1288 3403 1465 3481 salntem

225 3529 227 3536 '
366 3529 410 3598 et
436 3521 602 3600 sincere
644 3522 882 3630 dilectionis
924 3523 1129 3602 allectum.
1172 3521 1310 3599 Tanto
1352 3523 1463 3599 beni·

366 3642 487 3741 gnius
515 3643 673 3722 ducalis
702 3644 966 3744 providentia
995 3643 1216 3724 consuevit
1255 3665 1463 3746 personas

366 3761 607 3861 magnificas
654 3769 696 3840 ct
735 3763 943 3852 illustres,
997 3762 1077 3842 sibi
1123 3763 1367 3842 amicabiles
1422 3771 1465 3841 ct·

367 3883 539 3961 devolas
568 3885 799 3966 bonoribus
827 3889 1081 3992 prevenire,
1122 3888 1390 3989 ipsarumque
1421 3885 1465 3962 fl·

367 4005 461 4081 dem
516 4012 559 4082 et
597 4007 870 4088 devotionem
924 4010 1057 4110 dignis
1112 4005 1463 4084 retributionibus

368 4149 660 4227 compensare,
677 4154 725 4206 ac
746 4131 857 4232 ipsas
887 4128 1096 4209 dotalibus
1121 4127 1337 4205 favoribus
1367 4150 1465 4205 con·

224 4335 229 4342 .
365 4247 536 4338 vallare,
563 4259 606 4327 et
633 4251 819 4355 ipsarum
846 4252 1074 4355 petitiones
1103 4245 1314 4326 liberalius
1343 4271 1464 4325 exau·

365 4368 475 4459 dire,
502 4377 658 4471 quanto
687 4373 857 4454 ducatui
892 4379 1040 4452 nostro
1083 4371 1341 4458 devotiores,
1381 4367 1464 4445 lida
