3236 5108
308 364 373 430 W

356 655 358 661 ¹
409 562 725 647 Nos'nntontus
752 567 942 644 Venerio
958 565 1025 644 dei
1042 541 1174 666 gratia
1202 561 1289 644 dux'
1318 569 1394 645 Ve-

311 689 514 770 netiarum
544 691 624 765 eto.
657 685 925 765 Comittimus
954 687 1027 764 tibi
1056 687 1187 768 nobiti
1215 691 1307 767 viro
1324 689 1399 766 Be·

202 860 209 876 ι
308 811 480 889 nedioto
509 807 764 910 Superantio
782 865 1135 896 ..........
1156 869 1175 908 ,.
1205 871 1212 886 .
1243 808 1398 887 ambas·

265 987 268 999 ,
309 937 489 1012 sistores
516 931 703 1008 Venetos
731 931 921 1033 deponas
938 931 977 1005 in
997 929 1027 1004 S
1043 955 1067 1005 e
1083 957 1149 1032 gn
1165 935 1227 1018 ia,
1256 941 1299 1010 et
1327 957 1398 1008 eas

311 1050 909 1154 Constantinopolim
919 1107 1123 1142 ......
1152 1053 1309 1130 debeas
1338 1053 1400 1128 ire

310 1175 358 1253 ad
387 1171 796 1278 praesentiam
826 1173 1400 1278 dominiimperatoris

310 1319 404 1371 eum
434 1313 683 1371 assecurare
713 1291 766 1368 de
794 1315 996 1370 succursu
1027 1300 1086 1370 et·
1107 1293 1401 1378 subventione,

161 1419 164 1442 '
310 1413 1398 1494 ethortareeumetdanuensesdei'era

309 1543 419 1614 stent
447 1534 578 1620 flrmi,
606 1543 649 1610 et
676 1531 901 1612 defendant
927 1559 973 1613 se
1015 1541 1228 1613 contra
1267 1533 1345 1610 'l'u
1362 1559 1396 1610 r·

310 1656 463 1740 chos,
505 1654 795 1732 assecurando
832 1666 908 1734 eos
937 1655 1002 1734 de
1040 1654 1277 1733 auxilio
1305 1655 1397 1730 V·e·

278 1783 583 1874 ‘notorum
610 1831 658 1853 ..
690 1835 696 1847 .
726 1833 735 1852 .
763 1831 773 1852 .
801 1829 811 1852 .
840 1833 850 1853 .
879 1837 885 1849 .
915 1775 999 1853 Sed
1028 1776 1064 1852 si
1090 1773 1258 1851 videres
1287 1772 1397 1874 quod

309 1896 642 1996 imperator
669 1900 712 1971 et
737 1893 797 1970 ilii
824 1895 879 1971 in
907 1893 1043 1970 Pera
1071 1896 1231 1973 retient
1258 1895 1400 1971 faeere

252 2095 254 2104 Α
309 2037 510 2119 pacem
552 2037 672 2092 oum
713 2013 933 2103 Basito,
975 2023 1077 2094 tuno
1105 2013 1229 2093 etiam
1274 2012 1401 2092 iacias

308 2159 469 2238 paoem,
496 2157 550 2211 ne
565 2134 715 2212 Veneti
731 2135 812 2212 soii
841 2141 1083 2213 remaneant
1100 2159 1193 2215 eum
1222 2135 1398 2214 'l'uroho

311 2255 350 2332 in
379 2277 542 2353 guerra,
572 2254 686 2356 quod
707 2255 827 2334 nimis
855 2257 1143 2358 periculosum
1173 2261 1322 2336 esset.
1351 2311 1400 2334 ..

312 2375 465 2452 Modus
480 2397 584 2452 vero
602 2399 687 2477 quo
706 2376 878 2453 velimus
908 2376 1107 2454 devenire
1136 2379 1195 2456 ad
1223 2399 1399 2481 paoem

313 2519 377 2572 ou
393 2517 432 2570 m
460 2491 497 2570 Τ
513 2517 538 2569 u
554 2517 575 2569 r
591 2518 614 2571 c
631 2491 725 2570 his·
741 2503 865 2585 esset,
892 2498 1125 2576 seeundum
1154 2499 1268 2599 quod
1296 2519 1413 2574 semv

311 2637 389 2718 per
427 2614 576 2692 fuimus
605 2623 648 2691 et
674 2615 864 2693 stetimus
906 2641 1000 2696 oum
1042 2625 1162 2720 patre
1188 2625 1232 2694 et
1258 2641 1332 2702 eo,
1360 2625 1403 2696 et

312 2735 540 2814 seeundum
570 2735 685 2837 quod
715 2735 894 2814 obtinuit
909 2735 959 2814 ab
974 2738 1054 2817 isto
1083 2738 1302 2816 Basaito
1331 2759 1403 2814 ser

312 2855 682 2934 Franciseus
709 2855 961 2956 Quirino;
989 2859 1165 2943 scilieet,
1195 2859 1306 2964 quod
1335 2857 1401 2934 ha·

152 3075 158 3088 ,
312 2981 485 3057 beamus
513 3003 592 3057 nos
607 2985 650 3057 et
664 2981 804 3056 omnia
834 2981 927 3060 iooa
954 2987 1099 3060 nostra
1128 3003 1276 3084 paoem
1305 3003 1401 3060 oum

189 3157 192 3164 -
312 3123 385 3188 eo,
415 3097 472 3179 ita
500 3099 612 3200 quod
643 3103 725 3178 sint
751 3101 864 3177 salva
892 3107 935 3176 et
962 3105 1121 3178 secura
1140 3123 1219 3203 per
1246 3108 1401 3176 terram

311 3217 362 3294 ab
391 3217 585 3297 omnibus
613 3219 728 3306 suis,
769 3243 851 3299 neo
879 3218 1063 3299 debeant
1090 3220 1141 3296 ab
1169 3219 1307 3321 aliquo
1337 3217 1403 3294 da·

312 3339 514 3420 mnifloari
543 3347 586 3418 et
613 3341 844 3428 molestari,
874 3349 1190 3428 eteoonverso;
1219 3349 1262 3418 et
1289 3339 1401 3442 quod

311 3460 445 3540 nostri
472 3463 638 3565 possint
664 3460 727 3539 ire
756 3467 798 3539 et
827 3463 1071 3540 conversari
1111 3461 1150 3538 in
1181 3461 1289 3540 toois
1315 3459 1400 3536 suis

313 3581 417 3658 satri
445 3587 488 3658 et
513 3581 670 3669 securi,
697 3579 806 3659 siout
833 3581 941 3658 soiiti
969 3587 1100 3672 erant,
1116 3579 1265 3657 etvice
1281 3600 1403 3655 versa

312 3701 375 3778 sui
402 3703 443 3778 in
472 3699 627 3780 nostris
659 3746 704 3757 —
734 3709 801 3780 etc
805 3754 1158 3780 ..........

414 3821 574 3898 Verum
591 3821 686 3922 quia
713 3827 859 3925 posset
887 3843 1105 3906 ocurrere,
1136 3821 1249 3922 quod
1278 3819 1401 3922 ipse

313 3939 557 4020 Basitus
597 3941 663 4017 vei
704 3943 769 4018 sui
809 3940 964 4019 facient
1004 3941 1321 4042 requisitionem
1349 3941 1403 4018 de

314 4061 493 4156 duobus,
523 4061 675 4162 primo,
699 4046 949 4140 devotendo
978 4059 1303 4164 haberepaoem
1331 4084 1402 4138 no·

316 4181 476 4260 hiscum
507 4183 631 4262 etiam
660 4183 700 4260 in
730 4183 847 4276 mari,
877 4181 1137 4270 etseoundo,
1165 4183 1275 4260 sieut
1303 4181 1403 4259 alias

313 4301 393 4378 iam
421 4301 554 4392 dixit,
583 4303 636 4381 de
663 4326 748 4382 non
776 4305 960 4384 volendo
989 4305 1089 4382 dare
1117 4325 1267 4407 paoem
1296 4301 1402 4382 iocis
