3186 5112
327 345 393 475 ²4

328 555 549 636 nostrum.
591 558 634 627 et
660 551 822 640 erimus¹
858 550 937 630 sibi
980 550 1235 634 favorabiles
1264 551 1304 628 in
1331 549 1421 629 suis

245 664 252 680 ’
328 671 582 774 indigentiis,
611 678 694 753 tam
722 697 869 749 versus
896 670 1085 750 subditos
1113 697 1226 760 snos,
1255 671 1422 774 quisibi

227 831 233 844 ·
313 793 620 878 offendissent.
651 817 773 894 quam
805 793 854 870 nd
884 799 1150 892 augmentum
1179 801 1223 872 et
1250 815 1419 870 conser-

327 916 548 994 vationem
568 917 632 992 sui
660 920 804 1011 stutus3
825 915 884 992 -de
906 939 990 1016 quo
1020 939 1069 1004 se
1095 903 1244 994 reddet
1272 914 1420 994 certis·

329 1036 499 1124 simum„
519 1034 572 1114 ut
599 1057 739 1112 sumus
769 1033 954 1112 contenti
984 1033 1153 1114 indicto
1184 1059 1282 1112 casu
1313 1034 1420 1112 fece·

329 1181 376 1234 re
403 1155 480 1234 sibi
508 1155 815 1258 promissiones
844 1153 1108 1234 necessarias
1136 1154 1172 1232 si
1188 1179 1297 1258 opus
1323 1153 1420 1246 erit,

331 1275 547 1376 obligante
576 1273 669 1376 ipso
697 1272 862 1351 serice
891 1296 1043 1364 verse,
1085 1275 1137 1352 ed
1166 1269 1421 1350 conservati·

329 1421 453 1474 ouem
482 1405 525 1476 et
540 1393 831 1474 defensionem
860 1393 1054 1474 iocorum
1085 1399 1342 1472 nostrorum.
1370 1391 1424 1472 ut

327 1541 406 1620 pro
436 1521 550 1598 tento
571 1517 610 1596 in
641 1515 932 1606 conclusione,
959 1521 1094 1594 stante
1111 1517 1203 1617 ipso
1232 1521 1423 1594 consten-

330 1638 436 1718 tend
465 1638 694 1717 volendum
721 1637 1084 1732 Antivarum
1102 1643 1157 1714 tu
1184 1642 1309 1739 potes
1338 1659 1423 1712 res·

328 1759 521 1866 pondere
549 1763 594 1836 et
620 1781 855 1862 procurare
893 1782 943 1836 nc
979 1758 1135 1838 instare
1175 1756 1423 1858 prudenter,

309 1887 311 1898 '
329 1878 443 1984 quod
471 1880 556 1960 huc
570 1880 709 1958 veniet
721 1878 774 1957 ed
789 1878 1083 1983 postulandum
1099 1879 1234 1980 ipsum
1266 1877 1423 1983 iocum,

330 2001 443 2080 iuxta
457 1997 784 2104 promissionem
799 2002 1035 2100 pactorum,
1048 2019 1143 2076 cum
1159 1995 1420 2099 suprascrip·

330 2119 380 2196 tis
420 2125 461 2198 et
498 2115 588 2196 aliis
617 2114 741 2195 bonis
781 2115 923 2197 verbis
960 2123 1003 2196 et
1029 2115 1286 2204 rationibus,
1315 2137 1421 2216 quae

328 2236 403 2316 tibi
430 2235 706 2336 videbuntur,
737 2235 918 2315 dicendo
949 2241 991 2314 et
1020 2236 1265 2334 allegando,
1305 2231 1421 2336 quod

329 2381 415 2438 non
440 2359 635 2437 veniente
651 2357 745 2460 ipso
762 2355 846 2436 huc
867 2358 918 2434 ed
934 2361 1119 2434 nostram
1146 2358 1422 2458 presentiam,

329 2501 408 2558 nos
434 2503 519 2556 nou
548 2485 741 2566 tenemur
769 2477 911 2556 fecere
939 2477 1199 2558 mentionem
1228 2475 1281 2570 de
1302 2476 1419 2556 dicto

331 2599 445 2690 tneo,
472 2599 582 2680 sicut
608 2599 697 2685 scit,
726 2622 807 2676 nec
834 2621 976 2677 sumus
1005 2595 1178 2697 obligati
1193 2599 1245 2676 ad
1262 2597 1418 2677 dictem

329 2721 685 2824 promissionem
727 2718 836 2797 etin
878 2721 965 2800 hnc
1007 2743 1105 2798 casu
1145 2725 1282 2800 stante
1324 2719 1420 2822 ipso
1488 2753 1492 2760 ·

329 2839 450 2918 tirmo
479 2841 632 2918 deuon
661 2839 871 2917 veniendo
900 2839 1116 2928 Venetiae,
1141 2861 1330 2944 procura
1358 2861 1443 2932 rep

330 2983 505 3042 movere
534 2961 671 3063 ipsum
700 2983 722 3035 n
750 2959 862 3038 dicta
891 2957 1095 3062 petitione
1122 2959 1416 3055 Antivnri‚

330 3107 426 3164 cum
469 3081 551 3165 iliis
579 3081 703 3161 bonis
730 3077 894 3168 modis,
935 3081 1008 3182 qui
1049 3081 1123 3160 tibi
1149 3081 1419 3170 videbuntur,

331 3229 424 3284 num
453 3227 537 3282 nnn
566 3207 677 3280 esset
705 3203 847 3280 honor
872 3205 1009 3280 nostri
1036 3201 1215 3280 dominii
1241 3203 1293 3281 nd
1321 3201 1427 3281 faoi:

330 3327 484 3406 endum
512 3324 657 3415 aliter,
687 3347 820 3426 quem
849 3348 979 3428 snper
1017 3323 1158 3411 omnin
1197 3346 1275 3402 nos
1302 3347 1420 3428 npre·

330 3445 504 3526 ciamus.
1164 3523 1166 3531 .

292 3654 296 3662 ¹
432 3565 486 3644 Et
512 3589 639 3668 quum
669 3569 869 3668 expertus
896 3563 1024 3644 fueris
1046 3587 1126 3666 per
1141 3587 1290 3642 omues
1317 3561 1422 3642 istos

330 3685 512 3781 modos,
555 3685 717 3787 etipse
744 3708 830 3762 nou
859 3684 988 3762 vellet
1016 3685 1282 3774 contentari,
1323 3689 1424 3762 tunc

330 3829 517 3910 procura
558 3807 710 3884 dextro
748 3813 791 3884 et
832 3811 955 3884 cauto
996 3805 1150 3894 modo,
1190 3804 1422 3884 convenire

333 3952 427 4006 cum
455 3925 704 4024 Pasnyto‚
731 3934 774 4002 et
801 3925 1002 4028 experiri,
1032 3924 1068 4002 si
1094 3949 1174 4029 per
1199 3926 1307 4030 niem
1337 3949 1423 4002 mo·

331 4053 467 4134 netee,
496 4045 696 4124 videlicet
715 4071 858 4152 *usquc
873 4047 925 4124 nd
941 4069 1144 4124 summam
1173 4043 1421 4124 ducatorum

332 4169 374 4246 M
403 4167 443 4246 in
473 4193 599 4254 enno,
626 4169 692 4246 vet
721 4165 772 4246 ab
799 4167 888 4271 ipse
916 4191 1076 4246 summe
1104 4166 1225 4264 intra,
1260 4175 1422 4242 errentu-

331 4287 464 4366 znudo
494 4311 677 4367 comune
714 4295 907 4366 nostrum
945 4295 1142 4390 quantum
1171 4286 1323 4366 melius
1350 4311 1423 4390 po·
