3192 5112
333 600 335 610 ·
428 566 494 648 Ad
530 573 764 646 sextum
788 568 1031 672 sopitnlnm,
1064 591 1150 672 por
1174 571 1287 670 qnod
1302 571 1419 674 'pso

328 697 395 768 tnr
423 689 620 768 auxilium
636 689 865 788 galearum,
892 712 972 790 pro
998 691 1266 790 subjugando·
1288 693 1419 792 impe·

322 813 434 890 riom
462 809 722 896 Romanum,
761 810 1067 912 respondetur,
1105 811 1219 912 quod
1247 833 1418 893 nosen·

324 953 420 1008 mus
445 929 485 1005 in
514 939 691 1028 treugas
720 953 815 1007 oum
842 931 1100 1032 imperatore
1130 929 1419 1010 Oonstontlno·

326 1050 464 1154 polls‚
501 1074 579 1154 per
606 1075 729 1152 quom
767 1053 878 1144 inter
906 1058 1064 1138 cetero,
1092 1051 1258 1130 vlnoolo
1285 1073 1420 1128 soora·

325 1168 454 1248 menti
494 1182 637 1247 sirmas
666 1169 841 1261 astricti,
878 1169 1015 1248 eidem
1042 1177 1086 1248 et
1111 1169 1308 1269 gentibus
1334 1168 1420 1248 suis

325 1313 473 1392 porsm
502 1298 699 1370 etverom
728 1315 876 1395 paoem
905 1313 1091 1370 servare.
1117 1289 1171 1368 Et
1197 1289 1267 1371 hic
1283 1315 1306 1370 e
1323 1313 1418 1370 oon·

327 1431 452 1493 verso
495 1408 616 1494 nobis
659 1411 854 1518 astrictus
885 1419 962 1490 est.
1014 1410 1067 1490 Et
1107 1417 1336 1520 propterea
1377 1410 1417 1488 id

327 1531 471 1612 locere
513 1556 598 1612 non
638 1557 888 1643 possemus,
935 1535 1025 1612 sine
1064 1533 1312 1636 gravissimo
1347 1531 1419 1614 dei

327 1652 496 1737 offensa,
525 1660 566 1730 et
587 1653 814 1758 violatione
841 1654 1093 1734 sacramenti
1119 1652 1255 1732 nostri
1283 1661 1326 1754 et
1351 1651 1418 1734 de·

326 1774 550 1874 rogatione
579 1773 755 1854 honoris
785 1785 825 1854 et
854 1775 963 1855 fame
992 1781 1154 1854 nostre.
1181 1771 1320 1872 Quare
1347 1797 1418 1876 po·

327 1901 408 1976 lest
447 1919 526 1974 nos
565 1896 769 1976 serenitas
810 1895 1038 1998 imperialis
1067 1893 1240 1979 hahere,
1268 1918 1291 1974 o
1316 1891 1419 1998 peti·

326 2013 441 2092 tione
470 2016 715 2113 praemisso,
743 2017 894 2096 merito
925 2023 1166 2096 excusatos.

357 2135 358 2138 '
426 2134 492 2216 Ad
520 2140 802 2238 septimum
833 2139 1078 2244 capitulum,
1101 2159 1180 2242 per
1208 2136 1322 2238 quod
1350 2157 1418 2234 pe·

323 2254 444 2343 titur,
485 2257 597 2360 quod
636 2259 671 2336 si
699 2258 890 2339 dominus
929 2260 1162 2363 imperator
1202 2257 1271 2338 vel
1312 2253 1420 2338 lilios

324 2389 394 2454 alst
419 2377 679 2480 imperatrix,
710 2406 786 2458 seu
815 2377 918 2456 nlius
945 2403 1024 2484 pro
1054 2379 1130 2475 eis,
1166 2376 1233 2462 rel
1271 2373 1419 2482 aliquis

324 2499 377 2579 de
406 2495 599 2580 fidelibus
625 2500 722 2588 suis,
750 2501 893 2579 tacens
921 2499 1204 2580 mercationes
1218 2498 1259 2580 in
1283 2499 1420 2582 Veoe·

325 2616 390 2693 tiis
419 2625 462 2694 et
490 2625 571 2696 cet.
609 2621 723 2722 quod
759 2618 821 2702 eis
858 2620 993 2702 libere
1030 2619 1174 2705 facere
1216 2614 1351 2696 volent
1378 2613 1417 2698 in

326 2738 514 2816 Venetiis
543 2747 584 2816 ot
613 2740 701 2818 eliis
729 2743 854 2820 terris
882 2740 1039 2821 nostris
1068 2749 1111 2819 et
1138 2747 1219 2818 cet.
1245 2761 1417 2842 respon-

177 2883 181 2892 *
324 2856 467 2939 delimo
509 2862 624 2960 qnod
666 2860 823 2941 dietum
862 2862 1080 2940 dominum·
1114 2859 1417 2964 imperatorem

325 2985 368 3058 st
396 2986 643 3058 consortem
672 3004 721 3058 se
750 2981 880 3060 lilium
908 3005 1048 3072 suum,
1077 2987 1123 3062 nt
1150 2983 1216 3059 est
1241 2979 1415 3076 dietum,

323 3095 472 3174 discolo
512 3097 742 3180 dominium
783 3123 956 3203 semper
993 3099 1171 3180 intendit
1197 3098 1414 3180 caritative

323 3225 365 3294 et
392 3216 695 3296 honorabiliter
723 3219 762 3296 in
791 3221 1030 3300 snisterris
1056 3225 1414 3302 trootoreettrao·

322 3335 400 3414 tori
429 3337 598 3424 facore,
634 3343 677 3414 et
713 3339 824 3440 qnod
863 3341 1026 3442 possint
1053 3340 1094 3418 in
1122 3363 1174 3418 eo
1200 3338 1344 3418 fooere
1363 3343 1417 3416 ‘et

323 3453 414 3536 lieri
442 3455 599 3555 locere,
629 3459 738 3538 siout
766 3459 941 3560 quilibet
976 3457 1252 3538 honorabiles
1281 3466 1323 3536 et
1352 3479 1414 3536 oo·

323 3577 476 3658 rissimi
507 3581 637 3667 cives,
663 3581 727 3660 soi
754 3580 904 3660 fideles
933 3581 1056 3660 etism
1079 3579 1307 3684 imperialis
1332 3599 1415 3656 mo·

314 3701 480 3797 jestotis
509 3699 550 3780 in
578 3703 773 3780 omnibus
799 3702 884 3780 sois
903 3701 1122 3790 comodis,
1162 3705 1343 3778 trsotore
1374 3707 1416 3776 et

322 3821 493 3898 tractari
536 3821 681 3900 t'ooere
708 3825 912 3926 proponit
937 3823 980 3902 in
1008 3821 1133 3900 terris
1168 3820 1266 3910 sols,
1303 3817 1415 3898 lavo·

323 3940 513 4019 nobiliter
541 3948 583 4018 et
611 3941 816 4043 benigne,
860 3943 958 4022 lioet
994 3941 1047 4020 de
1084 3939 1345 4021 libertatibus
1373 3947 1418 4022 ot

306 4060 574 4162 loonobisiis,
601 4087 708 4164 quse
735 4065 937 4166 petuntur
962 4085 1040 4165 pro
1070 4061 1256 4152 eis‚·non
1281 4060 1418 4166 possit

327 4183 602 4261 effectualiter
630 4182 898 4286 complacent,
927 4205 1021 4262 oum
1049 4182 1279 4264 nostrimet
1315 4179 1418 4262 noe·
