<?xml version="1.0" encoding="UTF-8"?>
<!DOCTYPE html PUBLIC "-//W3C//DTD XHTML 1.0 Transitional//EN"
    "http://www.w3.org/TR/xhtml1/DTD/xhtml1-transitional.dtd">
<html xmlns="http://www.w3.org/1999/xhtml" xml:lang="en" lang="en">
 <head>
  <title>
</title>
<meta http-equiv="Content-Type" content="text/html;charset=utf-8" />
  <meta name='ocr-system' content='tesseract 3.04.00' />
  <meta name='ocr-capabilities' content='ocr_page ocr_carea ocr_par ocr_line ocrx_word'/>
</head>
<body>
  <div class='ocr_page' id='page_1' title='image "./actaarchivivene00sergoog_0711.png"; bbox 0 0 3206 5110; ppageno 0'>
   <div class='ocr_carea' id='block_1_1' title="bbox 1085 391 1284 510">
    <p class='ocr_par' dir='ltr' id='par_1_1' title="bbox 1085 391 1284 510">
     <span class='ocr_line' id='line_1_1' title="bbox 1085 391 1089 400; baseline 0 0"><span class='ocrx_word' id='word_1_1' title='bbox 1085 391 1089 400; x_wconf 93' lang='lat'>.</span> 
     </span>
     <span class='ocr_line' id='line_1_2' title="bbox 1214 415 1284 482; baseline 0 0"><span class='ocrx_word' id='word_1_2' title='bbox 1214 415 1284 482; x_wconf 67' lang='lat' dir='ltr'><strong>m</strong></span> 
     </span>
     <span class='ocr_line' id='line_1_3' title="bbox 1182 499 1184 510; baseline 0 0"><span class='ocrx_word' id='word_1_3' title='bbox 1182 499 1184 510; x_wconf 86' lang='lat' dir='ltr'><strong>t</strong></span> 
     </span>
    </p>
   </div>
   <div class='ocr_carea' id='block_1_2' title="bbox 129 623 1462 4353">
    <p class='ocr_par' dir='ltr' id='par_1_2' title="bbox 181 623 1277 958">
     <span class='ocr_line' id='line_1_4' title="bbox 182 623 1277 724; baseline 0 -22"><span class='ocrx_word' id='word_1_4' title='bbox 182 625 423 705; x_wconf 86' lang='lat' dir='ltr'><strong>Johannem</strong></span> <span class='ocrx_word' id='word_1_5' title='bbox 466 623 653 724; x_wconf 82' lang='lat' dir='ltr'><strong>Georgio</strong></span> <span class='ocrx_word' id='word_1_6' title='bbox 696 623 1044 704; x_wconf 85' lang='lat' dir='ltr'><strong>ambasciatorem</strong></span> <span class='ocrx_word' id='word_1_7' title='bbox 1073 631 1277 712; x_wconf 83' lang='lat' dir='ltr'><strong>nostrum,</strong></span> 
     </span>
     <span class='ocr_line' id='line_1_5' title="bbox 183 743 1276 834; baseline -0.001 -10"><span class='ocrx_word' id='word_1_8' title='bbox 183 747 291 834; x_wconf 64' lang='lat' dir='ltr'><strong>{itari</strong></span> <span class='ocrx_word' id='word_1_9' title='bbox 330 749 494 832; x_wconf 85' lang='lat' dir='ltr'><strong>animo,</strong></span> <span class='ocrx_word' id='word_1_10' title='bbox 540 753 582 822; x_wconf 80' lang='lat' dir='ltr'><strong>et</strong></span> <span class='ocrx_word' id='word_1_11' title='bbox 612 743 841 825; x_wconf 67' lang='lat' dir='ltr'><strong>liberaliter</strong></span> <span class='ocrx_word' id='word_1_12' title='bbox 883 743 1186 824; x_wconf 81' lang='lat' dir='ltr'><strong>condescendit</strong></span> <span class='ocrx_word' id='word_1_13' title='bbox 1226 746 1276 823; x_wconf 91' lang='lat' dir='ltr'><strong>ad</strong></span> 
     </span>
     <span class='ocr_line' id='line_1_6' title="bbox 181 862 1276 958; baseline -0.003 -15"><span class='ocrx_word' id='word_1_14' title='bbox 181 867 444 946; x_wconf 82' lang='lat' dir='ltr'><strong>voluntatem</strong></span> <span class='ocrx_word' id='word_1_15' title='bbox 481 876 695 958; x_wconf 84' lang='lat' dir='ltr'><strong>nostram,</strong></span> <span class='ocrx_word' id='word_1_16' title='bbox 739 865 848 941; x_wconf 89' lang='lat' dir='ltr'><strong>etin</strong></span> <span class='ocrx_word' id='word_1_17' title='bbox 879 862 1073 942; x_wconf 87' lang='lat' dir='ltr'><strong>omnibus</strong></span> <span class='ocrx_word' id='word_1_18' title='bbox 1101 889 1149 942; x_wconf 84' lang='lat' dir='ltr'><strong>sc</strong></span> <span class='ocrx_word' id='word_1_19' title='bbox 1179 891 1276 942; x_wconf 91' lang='lat' dir='ltr'><strong>con·</strong></span> 
     </span>
    </p>

    <p class='ocr_par' dir='ltr' id='par_1_3' title="bbox 129 983 1462 2298">
     <span class='ocr_line' id='line_1_7' title="bbox 129 983 1274 1089; baseline 0.002 -28"><span class='ocrx_word' id='word_1_20' title='bbox 129 1062 132 1071; x_wconf 74' lang='grc'><strong>,</strong></span> <span class='ocrx_word' id='word_1_21' title='bbox 182 986 389 1072; x_wconf 84' lang='lat' dir='ltr'><strong>formavit,</strong></span> <span class='ocrx_word' id='word_1_22' title='bbox 418 987 541 1065; x_wconf 86' lang='lat' dir='ltr'><strong>etsie</strong></span> <span class='ocrx_word' id='word_1_23' title='bbox 568 986 809 1064; x_wconf 80' lang='lat' dir='ltr'><strong>infuturum</strong></span> <span class='ocrx_word' id='word_1_24' title='bbox 838 985 1016 1087; x_wconf 85' lang='lat' dir='ltr'><strong>amptius</strong></span> <span class='ocrx_word' id='word_1_25' title='bbox 1046 993 1111 1063; x_wconf 87' lang='lat' dir='ltr'><strong>cst</strong></span> <span class='ocrx_word' id='word_1_26' title='bbox 1138 983 1274 1089; x_wconf 88' lang='lat' dir='ltr'><strong>dispo·</strong></span> 
     </span>
     <span class='ocr_line' id='line_1_8' title="bbox 181 1103 1274 1207; baseline -0.004 -23"><span class='ocrx_word' id='word_1_27' title='bbox 181 1107 300 1199; x_wconf 84' lang='lat' dir='ltr'><strong>situs,</strong></span> <span class='ocrx_word' id='word_1_28' title='bbox 328 1103 547 1207; x_wconf 68' lang='lat' dir='ltr'><strong>dignemur</strong></span> <span class='ocrx_word' id='word_1_29' title='bbox 574 1106 807 1184; x_wconf 86' lang='lat' dir='ltr'><strong>extendere</strong></span> <span class='ocrx_word' id='word_1_30' title='bbox 835 1103 1161 1184; x_wconf 82' lang='lat' dir='ltr'><strong>munificentiam</strong></span> <span class='ocrx_word' id='word_1_31' title='bbox 1179 1128 1274 1183; x_wconf 83' lang='lat' dir='ltr'><strong>nos·</strong></span> 
     </span>
     <span class='ocr_line' id='line_1_9' title="bbox 183 1221 1275 1330; baseline -0.004 -24"><span class='ocrx_word' id='word_1_32' title='bbox 183 1238 309 1315; x_wconf 88' lang='lat' dir='ltr'><strong>tram,</strong></span> <span class='ocrx_word' id='word_1_33' title='bbox 337 1221 435 1305; x_wconf 79' lang='lat' dir='ltr'><strong>uon&#39;</strong></span> <span class='ocrx_word' id='word_1_34' title='bbox 452 1229 491 1308; x_wconf 90' lang='lat' dir='ltr'><strong>iu</strong></span> <span class='ocrx_word' id='word_1_35' title='bbox 521 1229 671 1325; x_wconf 89' lang='lat' dir='ltr'><strong>majori</strong></span> <span class='ocrx_word' id='word_1_36' title='bbox 701 1226 933 1329; x_wconf 87' lang='lat' dir='ltr'><strong>quantitate</strong></span> <span class='ocrx_word' id='word_1_37' title='bbox 961 1221 1170 1330; x_wconf 84' lang='lat' dir='ltr'><strong>pecunie,</strong></span> <span class='ocrx_word' id='word_1_38' title='bbox 1197 1225 1275 1302; x_wconf 86' lang='lat' dir='ltr'><strong>scd</strong></span> 
     </span>
     <span class='ocr_line' id='line_1_10' title="bbox 180 1347 1275 1453; baseline -0.002 -27"><span class='ocrx_word' id='word_1_39' title='bbox 180 1352 495 1436; x_wconf 89' lang='lat' dir='ltr'><strong>tantummodo,</strong></span> <span class='ocrx_word' id='word_1_40' title='bbox 526 1349 638 1453; x_wconf 92' lang='lat' dir='ltr'><strong>quod</strong></span> <span class='ocrx_word' id='word_1_41' title='bbox 667 1347 778 1428; x_wconf 88' lang='lat' dir='ltr'><strong>dicta</strong></span> <span class='ocrx_word' id='word_1_42' title='bbox 808 1347 999 1450; x_wconf 85' lang='lat' dir='ltr'><strong>provisio</strong></span> <span class='ocrx_word' id='word_1_43' title='bbox 1028 1347 1275 1425; x_wconf 78' lang='lat' dir='ltr'><strong>ducatorum</strong></span> 
     </span>
     <span class='ocr_line' id='line_1_11' title="bbox 180 1465 1272 1567; baseline -0.005 -19"><span class='ocrx_word' id='word_1_44' title='bbox 180 1479 483 1550; x_wconf 89' lang='lat' dir='ltr'><strong>sexcentorum</strong></span> <span class='ocrx_word' id='word_1_45' title='bbox 514 1497 559 1548; x_wconf 90' lang='lat' dir='ltr'><strong>se</strong></span> <span class='ocrx_word' id='word_1_46' title='bbox 602 1471 804 1548; x_wconf 84' lang='lat' dir='ltr'><strong>extendat</strong></span> <span class='ocrx_word' id='word_1_47' title='bbox 845 1469 971 1547; x_wconf 88' lang='lat' dir='ltr'><strong>ctiam</strong></span> <span class='ocrx_word' id='word_1_48' title='bbox 1009 1467 1059 1544; x_wconf 89' lang='lat' dir='ltr'><strong>ad</strong></span> <span class='ocrx_word' id='word_1_49' title='bbox 1090 1465 1272 1567; x_wconf 80' lang='lat' dir='ltr'><strong>magnifl-</strong></span> 
     </span>
     <span class='ocr_line' id='line_1_12' title="bbox 181 1587 1272 1670; baseline -0.003 -2"><span class='ocrx_word' id='word_1_50' title='bbox 181 1614 256 1668; x_wconf 89' lang='lat' dir='ltr'><strong>oos</strong></span> <span class='ocrx_word' id='word_1_51' title='bbox 283 1592 478 1670; x_wconf 88' lang='lat' dir='ltr'><strong>dominos</strong></span> <span class='ocrx_word' id='word_1_52' title='bbox 495 1592 671 1669; x_wconf 85' lang='lat' dir='ltr'><strong>comites</strong></span> <span class='ocrx_word' id='word_1_53' title='bbox 701 1593 885 1668; x_wconf 88' lang='lat' dir='ltr'><strong>Vocaz</strong></span> <span class='ocrx_word' id='word_1_54' title='bbox 914 1597 955 1667; x_wconf 89' lang='lat' dir='ltr'><strong>ct</strong></span> <span class='ocrx_word' id='word_1_55' title='bbox 983 1591 1020 1666; x_wconf 94' lang='lat' dir='ltr'>V</span> <span class='ocrx_word' id='word_1_56' title='bbox 1037 1614 1061 1665; x_wconf 93' lang='lat' dir='ltr'><strong>o</strong></span> <span class='ocrx_word' id='word_1_57' title='bbox 1081 1589 1092 1663; x_wconf 90' lang='grc' dir='ltr'>Ι</span> <span class='ocrx_word' id='word_1_58' title='bbox 1109 1615 1133 1666; x_wconf 93' lang='lat' dir='ltr'><strong>c</strong></span> <span class='ocrx_word' id='word_1_59' title='bbox 1148 1587 1175 1664; x_wconf 91' lang='lat' dir='ltr'><strong>h</strong></span> <span class='ocrx_word' id='word_1_60' title='bbox 1190 1613 1216 1664; x_wconf 93' lang='lat' dir='ltr'><strong>u</strong></span> <span class='ocrx_word' id='word_1_61' title='bbox 1233 1611 1272 1665; x_wconf 89' lang='lat' dir='ltr'><strong>m</strong></span> 
     </span>
     <span class='ocr_line' id='line_1_13' title="bbox 180 1707 1273 1812; baseline 0.001 -27"><span class='ocrx_word' id='word_1_62' title='bbox 180 1709 334 1787; x_wconf 84' lang='lat' dir='ltr'><strong>iratres</strong></span> <span class='ocrx_word' id='word_1_63' title='bbox 363 1734 477 1794; x_wconf 89' lang='lat' dir='ltr'><strong>suos,</strong></span> <span class='ocrx_word' id='word_1_64' title='bbox 506 1719 548 1790; x_wconf 88' lang='lat' dir='ltr'><strong>et</strong></span> <span class='ocrx_word' id='word_1_65' title='bbox 576 1713 775 1790; x_wconf 87' lang='lat' dir='ltr'><strong>comitem</strong></span> <span class='ocrx_word' id='word_1_66' title='bbox 803 1707 1164 1812; x_wconf 77' lang='lat' dir='ltr'><strong>Stephanum</strong></span> <span class='ocrx_word' id='word_1_67' title='bbox 1192 1733 1273 1786; x_wconf 87' lang='lat' dir='ltr'><strong>ne·</strong></span> 
     </span>
     <span class='ocr_line' id='line_1_14' title="bbox 179 1827 1462 1932; baseline -0.002 -25"><span class='ocrx_word' id='word_1_68' title='bbox 179 1835 375 1932; x_wconf 88' lang='lat' dir='ltr'><strong>potem</strong></span> <span class='ocrx_word' id='word_1_69' title='bbox 419 1830 550 1932; x_wconf 89' lang='lat' dir='ltr'><strong>ipsius</strong></span> <span class='ocrx_word' id='word_1_70' title='bbox 578 1828 1036 1913; x_wconf 83' lang='lat' dir='ltr'><strong>dominiSaudali‚</strong></span> <span class='ocrx_word' id='word_1_71' title='bbox 1079 1853 1128 1906; x_wconf 92' lang='lat' dir='ltr'><strong>ac</strong></span> <span class='ocrx_word' id='word_1_72' title='bbox 1158 1827 1270 1904; x_wconf 87' lang='lat' dir='ltr'><strong>fiii·</strong></span> <span class='ocrx_word' id='word_1_73' title='bbox 1308 1861 1309 1866; x_wconf 12' lang='grc' dir='ltr'><strong><em>Ν</em></strong></span> <span class='ocrx_word' id='word_1_74' title='bbox 1458 1827 1462 1844; x_wconf 83' lang='grc'><strong>“</strong></span> 
     </span>
     <span class='ocr_line' id='line_1_15' title="bbox 179 1950 1272 2047; baseline -0.003 -19"><span class='ocrx_word' id='word_1_75' title='bbox 179 1977 260 2029; x_wconf 89' lang='lat' dir='ltr'><strong>um</strong></span> <span class='ocrx_word' id='word_1_76' title='bbox 290 1951 392 2032; x_wconf 88' lang='lat' dir='ltr'><strong>dicti</strong></span> <span class='ocrx_word' id='word_1_77' title='bbox 426 1953 674 2030; x_wconf 87' lang='lat' dir='ltr'><strong>comitis</strong></span> <span class='ocrx_word' id='word_1_78' title='bbox 702 1953 907 2047; x_wconf 86' lang='lat' dir='ltr'><strong>Vocaz,</strong></span> <span class='ocrx_word' id='word_1_79' title='bbox 938 1959 980 2028; x_wconf 87' lang='lat' dir='ltr'><strong>et</strong></span> <span class='ocrx_word' id='word_1_80' title='bbox 1008 1950 1272 2026; x_wconf 83' lang='lat' dir='ltr'><strong>heredcseo·</strong></span> 
     </span>
     <span class='ocr_line' id='line_1_16' title="bbox 177 2071 1271 2175; baseline -0.004 -25"><span class='ocrx_word' id='word_1_81' title='bbox 177 2097 294 2162; x_wconf 90' lang='lat' dir='ltr'><strong>rum,</strong></span> <span class='ocrx_word' id='word_1_82' title='bbox 337 2083 378 2150; x_wconf 87' lang='lat' dir='ltr'><strong>ct</strong></span> <span class='ocrx_word' id='word_1_83' title='bbox 408 2097 556 2150; x_wconf 87' lang='lat' dir='ltr'><strong>omncs</strong></span> <span class='ocrx_word' id='word_1_84' title='bbox 599 2074 652 2151; x_wconf 86' lang='lat' dir='ltr'><strong>de</strong></span> <span class='ocrx_word' id='word_1_85' title='bbox 696 2071 899 2175; x_wconf 82' lang='lat' dir='ltr'><strong>progenie</strong></span> <span class='ocrx_word' id='word_1_86' title='bbox 942 2071 1072 2173; x_wconf 89' lang='lat' dir='ltr'><strong>ipsius</strong></span> <span class='ocrx_word' id='word_1_87' title='bbox 1113 2071 1271 2148; x_wconf 90' lang='lat' dir='ltr'><strong>domini</strong></span> 
     </span>
     <span class='ocr_line' id='line_1_17' title="bbox 178 2195 1268 2298; baseline -0.001 -27"><span class='ocrx_word' id='word_1_88' title='bbox 178 2195 361 2285; x_wconf 68' lang='lat' dir='ltr'><strong>sandali,</strong></span> <span class='ocrx_word' id='word_1_89' title='bbox 391 2195 594 2298; x_wconf 80' lang='lat' dir='ltr'><strong>appellata</strong></span> <span class='ocrx_word' id='word_1_90' title='bbox 625 2195 857 2272; x_wconf 88' lang='lat' dir='ltr'><strong>Cosaze.</strong></span> <span class='ocrx_word' id='word_1_91' title='bbox 1266 2214 1268 2222; x_wconf 83' lang='grc'><strong>’</strong></span> 
     </span>
    </p>

    <p class='ocr_par' dir='ltr' id='par_1_4' title="bbox 167 2312 1417 4353">
     <span class='ocr_line' id='line_1_18' title="bbox 279 2312 1269 2415; baseline 0 -25"><span class='ocrx_word' id='word_1_92' title='bbox 279 2312 420 2393; x_wconf 84' lang='lat' dir='ltr'><strong>Secu</strong></span> <span class='ocrx_word' id='word_1_93' title='bbox 432 2315 493 2392; x_wconf 88' lang='lat' dir='ltr'><strong>nd</strong></span> <span class='ocrx_word' id='word_1_94' title='bbox 505 2323 547 2391; x_wconf 75' lang='lat' dir='ltr'><strong>ot</strong></span> <span class='ocrx_word' id='word_1_95' title='bbox 574 2313 696 2412; x_wconf 84' lang='lat' dir='ltr'><strong>Quod</strong></span> <span class='ocrx_word' id='word_1_96' title='bbox 724 2314 872 2392; x_wconf 90' lang='lat' dir='ltr'><strong>domus</strong></span> <span class='ocrx_word' id='word_1_97' title='bbox 889 2339 1011 2415; x_wconf 84' lang='lat' dir='ltr'><strong>quam</strong></span> <span class='ocrx_word' id='word_1_98' title='bbox 1028 2339 1102 2392; x_wconf 87' lang='lat' dir='ltr'><strong>sua</strong></span> <span class='ocrx_word' id='word_1_99' title='bbox 1118 2314 1269 2412; x_wconf 81' lang='lat' dir='ltr'><strong>magni·</strong></span> 
     </span>
     <span class='ocr_line' id='line_1_19' title="bbox 177 2433 1313 2538; baseline 0 -26"><span class='ocrx_word' id='word_1_100' title='bbox 177 2435 487 2514; x_wconf 20' lang='lat' dir='ltr'><strong>ttaecentiahabet</strong></span> <span class='ocrx_word' id='word_1_101' title='bbox 511 2434 550 2510; x_wconf 91' lang='lat' dir='ltr'><strong>in</strong></span> <span class='ocrx_word' id='word_1_102' title='bbox 581 2436 792 2527; x_wconf 89' lang='lat' dir='ltr'><strong>Cataro‚</strong></span> <span class='ocrx_word' id='word_1_103' title='bbox 822 2435 1034 2515; x_wconf 88' lang='lat' dir='ltr'><strong>nominata</strong></span> <span class='ocrx_word' id='word_1_104' title='bbox 1048 2433 1089 2512; x_wconf 85' lang='lat' dir='ltr'><strong>iu</strong></span> <span class='ocrx_word' id='word_1_105' title='bbox 1105 2433 1269 2538; x_wconf 85' lang='lat' dir='ltr'><strong>privile·</strong></span> <span class='ocrx_word' id='word_1_106' title='bbox 1311 2479 1313 2482; x_wconf 94' lang='lat'>·</span> 
     </span>
     <span class='ocr_line' id='line_1_20' title="bbox 177 2553 1332 2658; baseline 0 -28"><span class='ocrx_word' id='word_1_107' title='bbox 177 2554 248 2656; x_wconf 80' lang='lat' dir='ltr'><strong>gio</strong></span> <span class='ocrx_word' id='word_1_108' title='bbox 258 2554 530 2658; x_wconf 80' lang='lat' dir='ltr'><strong>infrascripto</strong></span> <span class='ocrx_word' id='word_1_109' title='bbox 547 2553 1030 2658; x_wconf 84' lang='lat' dir='ltr'><strong>prosuamagniticentia</strong></span> <span class='ocrx_word' id='word_1_110' title='bbox 1047 2556 1269 2633; x_wconf 88' lang='lat' dir='ltr'><strong>solummo·</strong></span> <span class='ocrx_word' id='word_1_111' title='bbox 1319 2639 1332 2653; x_wconf 51' lang='grc'><strong><em>,</em></strong></span> 
     </span>
     <span class='ocr_line' id='line_1_21' title="bbox 176 2674 1270 2780; baseline -0.001 -28"><span class='ocrx_word' id='word_1_112' title='bbox 176 2675 245 2762; x_wconf 88' lang='lat' dir='ltr'><strong>do,</strong></span> <span class='ocrx_word' id='word_1_113' title='bbox 260 2674 371 2752; x_wconf 86' lang='lat' dir='ltr'><strong>dicat</strong></span> <span class='ocrx_word' id='word_1_114' title='bbox 387 2683 428 2752; x_wconf 86' lang='lat' dir='ltr'><strong>ct</strong></span> <span class='ocrx_word' id='word_1_115' title='bbox 446 2675 720 2754; x_wconf 88' lang='lat' dir='ltr'><strong>confirmetur</strong></span> <span class='ocrx_word' id='word_1_116' title='bbox 739 2675 816 2780; x_wconf 90' lang='lat' dir='ltr'><strong>ipsi</strong></span> <span class='ocrx_word' id='word_1_117' title='bbox 833 2675 1005 2754; x_wconf 90' lang='lat' dir='ltr'><strong>domino</strong></span> <span class='ocrx_word' id='word_1_118' title='bbox 1035 2686 1077 2755; x_wconf 87' lang='lat' dir='ltr'><strong>ct</strong></span> <span class='ocrx_word' id='word_1_119' title='bbox 1103 2676 1186 2754; x_wconf 86' lang='lat' dir='ltr'><strong>suis</strong></span> <span class='ocrx_word' id='word_1_120' title='bbox 1202 2675 1270 2752; x_wconf 85' lang='lat' dir='ltr'><strong>he·</strong></span> 
     </span>
     <span class='ocr_line' id='line_1_22' title="bbox 176 2795 1268 2898; baseline 0.005 -26"><span class='ocrx_word' id='word_1_121' title='bbox 176 2795 359 2891; x_wconf 79' lang='lat' dir='ltr'><strong>cedibus,</strong></span> <span class='ocrx_word' id='word_1_122' title='bbox 378 2822 428 2874; x_wconf 90' lang='lat' dir='ltr'><strong>ac</strong></span> <span class='ocrx_word' id='word_1_123' title='bbox 457 2797 759 2898; x_wconf 71' lang='lat' dir='ltr'><strong>suprascriptis</strong></span> <span class='ocrx_word' id='word_1_124' title='bbox 775 2799 865 2894; x_wconf 87' lang='lat' dir='ltr'><strong>ejus</strong></span> <span class='ocrx_word' id='word_1_125' title='bbox 889 2797 1103 2886; x_wconf 85' lang='lat' dir='ltr'><strong>fratribus,</strong></span> <span class='ocrx_word' id='word_1_126' title='bbox 1131 2807 1173 2876; x_wconf 92' lang='lat' dir='ltr'><strong>et</strong></span> <span class='ocrx_word' id='word_1_127' title='bbox 1201 2821 1268 2876; x_wconf 81' lang='lat' dir='ltr'><strong>nc·</strong></span> 
     </span>
     <span class='ocr_line' id='line_1_23' title="bbox 176 2905 1344 3016; baseline 0.006 -26"><span class='ocrx_word' id='word_1_128' title='bbox 176 2915 264 3016; x_wconf 91' lang='lat' dir='ltr'><strong>poti</strong></span> <span class='ocrx_word' id='word_1_129' title='bbox 279 2941 328 2994; x_wconf 89' lang='lat' dir='ltr'><strong>ao</strong></span> <span class='ocrx_word' id='word_1_130' title='bbox 345 2905 496 2998; x_wconf 77' lang='lat' dir='ltr'><strong>eorum</strong></span> <span class='ocrx_word' id='word_1_131' title='bbox 512 2916 756 3010; x_wconf 84' lang='lat' dir='ltr'><strong>heredibus,</strong></span> <span class='ocrx_word' id='word_1_132' title='bbox 781 2927 824 2996; x_wconf 89' lang='lat' dir='ltr'><strong>et</strong></span> <span class='ocrx_word' id='word_1_133' title='bbox 853 2920 1049 2996; x_wconf 89' lang='lat' dir='ltr'><strong>omuibus</strong></span> <span class='ocrx_word' id='word_1_134' title='bbox 1076 2920 1128 2996; x_wconf 89' lang='lat' dir='ltr'><strong>dc</strong></span> <span class='ocrx_word' id='word_1_135' title='bbox 1157 2917 1268 2996; x_wconf 87' lang='lat' dir='ltr'><strong>dicta</strong></span> <span class='ocrx_word' id='word_1_136' title='bbox 1342 3005 1344 3012; x_wconf 57' lang='grc'>,</span> 
     </span>
     <span class='ocr_line' id='line_1_24' title="bbox 176 3037 1267 3141; baseline 0.004 -31"><span class='ocrx_word' id='word_1_137' title='bbox 176 3059 321 3112; x_wconf 85' lang='lat' dir='ltr'><strong>corum</strong></span> <span class='ocrx_word' id='word_1_138' title='bbox 339 3041 546 3139; x_wconf 85' lang='lat' dir='ltr'><strong>progcuic</strong></span> <span class='ocrx_word' id='word_1_139' title='bbox 564 3038 595 3116; x_wconf 88' lang='lat' dir='ltr'>C</span> <span class='ocrx_word' id='word_1_140' title='bbox 610 3064 667 3117; x_wconf 89' lang='lat' dir='ltr'><strong>os</strong></span> <span class='ocrx_word' id='word_1_141' title='bbox 681 3061 737 3113; x_wconf 88' lang='lat' dir='ltr'><strong>az</strong></span> <span class='ocrx_word' id='word_1_142' title='bbox 751 3065 788 3128; x_wconf 84' lang='lat' dir='ltr'><strong>e;</strong></span> <span class='ocrx_word' id='word_1_143' title='bbox 804 3049 847 3116; x_wconf 87' lang='lat' dir='ltr'><strong>ct</strong></span> <span class='ocrx_word' id='word_1_144' title='bbox 862 3041 1037 3117; x_wconf 85' lang='lat' dir='ltr'><strong>citerius</strong></span> <span class='ocrx_word' id='word_1_145' title='bbox 1054 3037 1166 3141; x_wconf 89' lang='lat' dir='ltr'><strong>quod</strong></span> <span class='ocrx_word' id='word_1_146' title='bbox 1184 3037 1267 3138; x_wconf 79' lang='lat' dir='ltr'><strong>dig·</strong></span> 
     </span>
     <span class='ocr_line' id='line_1_25' title="bbox 173 3159 1267 3262; baseline 0.005 -34"><span class='ocrx_word' id='word_1_147' title='bbox 173 3176 331 3244; x_wconf 80' lang='lat' dir='ltr'><strong>demur,</strong></span> <span class='ocrx_word' id='word_1_148' title='bbox 360 3161 754 3262; x_wconf 88' lang='lat' dir='ltr'><strong>propteroptimam</strong></span> <span class='ocrx_word' id='word_1_149' title='bbox 784 3159 1116 3261; x_wconf 71' lang='lat' dir='ltr'><strong>dispositionem,</strong></span> <span class='ocrx_word' id='word_1_150' title='bbox 1144 3179 1267 3259; x_wconf 90' lang='lat' dir='ltr'><strong>quam</strong></span> 
     </span>
     <span class='ocr_line' id='line_1_26' title="bbox 167 3273 1267 3382; baseline 0.004 -32"><span class='ocrx_word' id='word_1_151' title='bbox 167 3273 323 3354; x_wconf 84' lang='lat' dir='ltr'><strong>habent</strong></span> <span class='ocrx_word' id='word_1_152' title='bbox 338 3280 389 3356; x_wconf 87' lang='lat' dir='ltr'><strong>ad</strong></span> <span class='ocrx_word' id='word_1_153' title='bbox 411 3281 566 3356; x_wconf 88' lang='lat' dir='ltr'><strong>bonum</strong></span> <span class='ocrx_word' id='word_1_154' title='bbox 581 3281 946 3382; x_wconf 66' lang='lat' dir='ltr'><strong>servitium,⁸quod</strong></span> <span class='ocrx_word' id='word_1_155' title='bbox 965 3280 1110 3358; x_wconf 85' lang='lat' dir='ltr'><strong>tacere</strong></span> <span class='ocrx_word' id='word_1_156' title='bbox 1127 3279 1267 3380; x_wconf 83' lang='lat' dir='ltr'><strong>dispo·</strong></span> 
     </span>
     <span class='ocr_line' id='line_1_27' title="bbox 168 3399 1267 3502; baseline 0.002 -30"><span class='ocrx_word' id='word_1_157' title='bbox 168 3399 283 3484; x_wconf 85' lang='lat' dir='ltr'><strong>nunt,</strong></span> <span class='ocrx_word' id='word_1_158' title='bbox 313 3423 485 3502; x_wconf 87' lang='lat' dir='ltr'><strong>semper</strong></span> <span class='ocrx_word' id='word_1_159' title='bbox 512 3399 601 3478; x_wconf 90' lang='lat' dir='ltr'><strong>dari</strong></span> <span class='ocrx_word' id='word_1_160' title='bbox 631 3403 773 3479; x_wconf 84' lang='lat' dir='ltr'><strong>faeere</strong></span> <span class='ocrx_word' id='word_1_161' title='bbox 802 3409 923 3478; x_wconf 83' lang='lat' dir='ltr'><strong>extra</strong></span> <span class='ocrx_word' id='word_1_162' title='bbox 954 3401 1152 3478; x_wconf 78' lang='lat' dir='ltr'><strong>Getarum</strong></span> <span class='ocrx_word' id='word_1_163' title='bbox 1184 3405 1267 3476; x_wconf 89' lang='lat' dir='ltr'><strong>tan·</strong></span> 
     </span>
     <span class='ocr_line' id='line_1_28' title="bbox 170 3518 1267 3625; baseline 0.001 -31"><span class='ocrx_word' id='word_1_164' title='bbox 170 3525 255 3594; x_wconf 91' lang='lat' dir='ltr'><strong>tum</strong></span> <span class='ocrx_word' id='word_1_165' title='bbox 289 3525 518 3608; x_wconf 87' lang='lat' dir='ltr'><strong>terrenum,</strong></span> <span class='ocrx_word' id='word_1_166' title='bbox 541 3531 737 3624; x_wconf 86' lang='lat' dir='ltr'><strong>quantum</strong></span> <span class='ocrx_word' id='word_1_167' title='bbox 767 3521 931 3625; x_wconf 87' lang='lat' dir='ltr'><strong>placeat</strong></span> <span class='ocrx_word' id='word_1_168' title='bbox 960 3527 1108 3599; x_wconf 88' lang='lat' dir='ltr'><strong>nostro</strong></span> <span class='ocrx_word' id='word_1_169' title='bbox 1136 3518 1267 3598; x_wconf 89' lang='lat' dir='ltr'><strong>domi·</strong></span> 
     </span>
     <span class='ocr_line' id='line_1_29' title="bbox 171 3639 1266 3746; baseline 0 -30"><span class='ocrx_word' id='word_1_170' title='bbox 171 3639 255 3729; x_wconf 87' lang='lat' dir='ltr'><strong>uio,</strong></span> <span class='ocrx_word' id='word_1_171' title='bbox 272 3665 367 3717; x_wconf 91' lang='lat' dir='ltr'><strong>cum</strong></span> <span class='ocrx_word' id='word_1_172' title='bbox 385 3643 659 3722; x_wconf 86' lang='lat' dir='ltr'><strong>condictione</strong></span> <span class='ocrx_word' id='word_1_173' title='bbox 676 3645 828 3721; x_wconf 89' lang='lat' dir='ltr'><strong>domus</strong></span> <span class='ocrx_word' id='word_1_174' title='bbox 848 3641 1052 3746; x_wconf 87' lang='lat' dir='ltr'><strong>predicte,</strong></span> <span class='ocrx_word' id='word_1_175' title='bbox 1069 3646 1111 3716; x_wconf 89' lang='lat' dir='ltr'><strong>et</strong></span> <span class='ocrx_word' id='word_1_176' title='bbox 1127 3641 1266 3744; x_wconf 61' lang='lat' dir='ltr'><strong>provi»</strong></span> 
     </span>
     <span class='ocr_line' id='line_1_30' title="bbox 167 3763 1376 3866; baseline 0.002 -28"><span class='ocrx_word' id='word_1_177' title='bbox 167 3763 301 3839; x_wconf 86' lang='lat' dir='ltr'><strong>sionis</strong></span> <span class='ocrx_word' id='word_1_178' title='bbox 331 3764 803 3865; x_wconf 79' lang='lat' dir='ltr'><strong>antescriptc.insuper</strong></span> <span class='ocrx_word' id='word_1_179' title='bbox 832 3765 943 3866; x_wconf 90' lang='lat' dir='ltr'><strong>quod</strong></span> <span class='ocrx_word' id='word_1_180' title='bbox 962 3763 1112 3840; x_wconf 90' lang='lat' dir='ltr'><strong>domus</strong></span> <span class='ocrx_word' id='word_1_181' title='bbox 1141 3783 1265 3864; x_wconf 85' lang='lat' dir='ltr'><strong>quam</strong></span> <span class='ocrx_word' id='word_1_182' title='bbox 1373 3833 1376 3840; x_wconf 93' lang='lat'><em>.</em></span> 
     </span>
     <span class='ocr_line' id='line_1_31' title="bbox 169 3879 1265 3982; baseline -0.003 -23"><span class='ocrx_word' id='word_1_183' title='bbox 169 3883 297 3962; x_wconf 87' lang='lat' dir='ltr'><strong>habet</strong></span> <span class='ocrx_word' id='word_1_184' title='bbox 325 3886 364 3961; x_wconf 92' lang='lat' dir='ltr'><strong>in</strong></span> <span class='ocrx_word' id='word_1_185' title='bbox 389 3881 555 3960; x_wconf 44' lang='lat' dir='ltr'><strong>‘dadra</strong></span> <span class='ocrx_word' id='word_1_186' title='bbox 584 3888 695 3962; x_wconf 84' lang='lat' dir='ltr'><strong>idem</strong></span> <span class='ocrx_word' id='word_1_187' title='bbox 726 3885 934 3968; x_wconf 88' lang='lat' dir='ltr'><strong>dominus,</strong></span> <span class='ocrx_word' id='word_1_188' title='bbox 969 3885 1066 3960; x_wconf 87' lang='lat' dir='ltr'><strong>ticet</strong></span> <span class='ocrx_word' id='word_1_189' title='bbox 1093 3879 1265 3982; x_wconf 83' lang='lat' dir='ltr'><strong>perdic-</strong></span> 
     </span>
     <span class='ocr_line' id='line_1_32' title="bbox 169 4002 1264 4108; baseline 0 -29"><span class='ocrx_word' id='word_1_190' title='bbox 169 4011 254 4082; x_wconf 90' lang='lat' dir='ltr'><strong>tum</strong></span> <span class='ocrx_word' id='word_1_191' title='bbox 275 4007 621 4082; x_wconf 86' lang='lat' dir='ltr'><strong>ambassiatorem</strong></span> <span class='ocrx_word' id='word_1_192' title='bbox 641 4030 725 4083; x_wconf 88' lang='lat' dir='ltr'><strong>non</strong></span> <span class='ocrx_word' id='word_1_193' title='bbox 743 4005 867 4084; x_wconf 84' lang='lat' dir='ltr'><strong>fuerit</strong></span> <span class='ocrx_word' id='word_1_194' title='bbox 882 4008 1103 4108; x_wconf 86' lang='lat' dir='ltr'><strong>promissa,</strong></span> <span class='ocrx_word' id='word_1_195' title='bbox 1127 4002 1264 4080; x_wconf 81' lang='lat' dir='ltr'><strong>eidem</strong></span> 
     </span>
     <span class='ocr_line' id='line_1_33' title="bbox 170 4112 1417 4216; baseline 0 -16"><span class='ocrx_word' id='word_1_196' title='bbox 170 4124 343 4203; x_wconf 88' lang='lat' dir='ltr'><strong>domino</strong></span> <span class='ocrx_word' id='word_1_197' title='bbox 362 4135 403 4203; x_wconf 91' lang='lat' dir='ltr'><strong>et</strong></span> <span class='ocrx_word' id='word_1_198' title='bbox 419 4124 505 4202; x_wconf 86' lang='lat' dir='ltr'><strong>suis</strong></span> <span class='ocrx_word' id='word_1_199' title='bbox 522 4125 751 4206; x_wconf 87' lang='lat' dir='ltr'><strong>heredibus</strong></span> <span class='ocrx_word' id='word_1_200' title='bbox 768 4127 1055 4216; x_wconf 82' lang='lat' dir='ltr'><strong>confirmetur,</strong></span> <span class='ocrx_word' id='word_1_201' title='bbox 1070 4125 1180 4205; x_wconf 88' lang='lat' dir='ltr'><strong>sicut</strong></span> <span class='ocrx_word' id='word_1_202' title='bbox 1195 4125 1263 4203; x_wconf 82' lang='lat' dir='ltr'><strong>ali·</strong></span> <span class='ocrx_word' id='word_1_203' title='bbox 1413 4112 1417 4122; x_wconf 62' lang='grc'><em>“</em></span> 
     </span>
     <span class='ocr_line' id='line_1_34' title="bbox 171 4245 1326 4353; baseline -0.001 -29"><span class='ocrx_word' id='word_1_204' title='bbox 171 4269 215 4324; x_wconf 86' lang='lat' dir='ltr'><strong>as</strong></span> <span class='ocrx_word' id='word_1_205' title='bbox 244 4245 323 4326; x_wconf 83' lang='lat' dir='ltr'><strong>tuit</strong></span> <span class='ocrx_word' id='word_1_206' title='bbox 339 4247 606 4332; x_wconf 86' lang='lat' dir='ltr'><strong>confirmata,</strong></span> <span class='ocrx_word' id='word_1_207' title='bbox 623 4247 687 4326; x_wconf 88' lang='lat' dir='ltr'><strong>vet</strong></span> <span class='ocrx_word' id='word_1_208' title='bbox 704 4247 826 4324; x_wconf 91' lang='lat' dir='ltr'><strong>detur</strong></span> <span class='ocrx_word' id='word_1_209' title='bbox 842 4271 1010 4353; x_wconf 86' lang='lat' dir='ltr'><strong>percos</strong></span> <span class='ocrx_word' id='word_1_210' title='bbox 1027 4247 1263 4326; x_wconf 84' lang='lat' dir='ltr'><strong>concambi-</strong></span> <span class='ocrx_word' id='word_1_211' title='bbox 1323 4247 1326 4258; x_wconf 90' lang='lat'>&#39;</span> 
     </span>
    </p>
   </div>
   <div class='ocr_carea' id='block_1_3' title="bbox 0 0 1608 5110">
    <p class='ocr_par' dir='ltr' id='par_1_5' title="bbox 0 0 1608 5110">
     <span class='ocr_line' id='line_1_35' title="bbox 0 0 1608 5110; baseline 0 2"><span class='ocrx_word' id='word_1_212' title='bbox 0 0 1608 5110; x_wconf 95' lang='lat' dir='ltr'><strong> </strong></span> 
     </span>
    </p>
   </div>
  </div>
 </body>
</html>
