3186 5112
1216 361 1280 430 ¹195

189 591 285 647 cum
314 569 506 646 exercitu
535 571 577 644 et
603 566 792 669 potentia
821 591 895 644 sua
914 567 1091 644 selevet
1116 569 1170 648 de
1199 575 1279 648 ter·

187 689 348 768 ritoriis
388 687 570 773 nostris,
613 693 655 764 et
683 709 729 762 se
758 686 964 766 abstineat
991 713 1014 766 a
1042 687 1202 768 damnis
1240 699 1280 766 et
1379 758 1382 766 .

187 810 399 887 violentiis
428 805 772 911 quibuscunque,
808 833 858 886 ao
886 807 1018 887 mittat
1046 809 1279 888 libertatem

188 937 233 1006 et
247 929 485 1008 mandatum
514 926 729 1006 sufficiens
757 928 1036 1006 ambasiatori
1064 955 1154 1019 suo;
1184 932 1280 1030 qnia
1402 1019 1405 1030 ¹

187 1053 227 1130 in
256 1051 338 1130 isto
370 1061 468 1131 casu
498 1057 542 1126 nt
571 1054 635 1126 est
663 1047 818 1126 dictum
848 1007 1156 1152 principaliter,
1197 1073 1278 1128 res·

187 1175 317 1274 pectu
333 1180 376 1250 et
391 1169 748 1272 contemplatione
777 1169 877 1271 dicti
895 1167 1052 1246 domiui
1076 1169 1151 1255 sui,
1169 1195 1280 1249 com·

185 1293 451 1398 placebimus
492 1299 534 1368 et
570 1287 963 1390 condescendemus
1005 1290 1203 1368 alacriter
1231 1291 1281 1368 ad

187 1435 266 1498 ea,
295 1437 401 1514 qnae
429 1411 510 1488 sint
532 1413 670 1507 justa,
701 1409 996 1488 convenientia
1025 1415 1068 1487 et
1093 1409 1282 1500 honesta,

186 1533 385 1635 itaquod
414 1533 505 1635 ipse
534 1531 656 1610 Balsa
685 1532 794 1608 hene
832 1531 992 1632 poterit
1029 1532 1282 1610 contentari.

184 1652 239 1730 m
265 1653 300 1730 si
342 1651 445 1730 dicti
487 1653 802 1733 ambaxiatores
831 1659 955 1730 erunt
983 1652 1170 1730 contenti
1212 1653 1281 1728 hic

186 1795 408 1850 remanere
450 1760 560 1849 bene
602 1771 796 1873 quidem,
839 1770 1004 1873 quando
1046 1795 1150 1848 vero
1179 1795 1277 1855 non,

186 1891 474 1972 committatur
493 1892 569 1979 eis,
587 1891 699 1992 quod
716 1890 869 1970 dictam
889 1897 1083 1967 ‘nostram
1113 1915 1280 1992 respon·

185 2013 353 2092 sionem
381 2013 554 2092 domino
582 2037 661 2090 suo
682 2010 817 2090 nostri
844 2017 965 2114 parte
993 2010 1177 2088 debeant
1205 2033 1282 2112 per
1349 2051 1353 2065 s

186 2135 380 2213 ordinem
406 2133 625 2222 intimare,
666 2140 710 2210 ut
736 2133 825 2234 ipae
856 2133 971 2210 clare
1001 2131 1278 2233 comprehen-

156 2256 276 2351 dat,
307 2253 420 2355 quod
449 2278 471 2329 a
498 2261 617 2356 parte
644 2259 788 2330 nostra
817 2253 944 2330 simus
973 2252 1109 2356 parati
1137 2251 1280 2331 lacere

184 2371 227 2453 id
250 2372 367 2475 qnod
395 2373 599 2476 requirit,
642 2373 758 2475 quod
786 2396 870 2450 non
914 2377 1055 2474 potest
1081 2371 1161 2450 nisi
1187 2395 1280 2474 pro·
1426 2449 1430 2456 ,

184 2496 309 2573 desse
339 2494 458 2572 lactis
486 2495 652 2572 nostris.

288 2612 705 2695 Ambastatori
744 2639 887 2694 vero
931 2617 1144 2692 Balsae
1171 2617 1278 2694 ultra

182 2737 224 2816 id
254 2739 368 2839 quod
397 2742 567 2837 captum
591 2741 657 2812 est
683 2734 861 2824 dicatur,
892 2737 1006 2838 quod
1035 2736 1280 2814 affectantes

184 2864 383 2960 respectu
413 2865 456 2934 et
485 2854 841 2960 contemplatione
867 2856 965 2934 dicti
982 2855 1140 2933 domini
1168 2857 1282 2932 San-

185 2978 353 3074 dalli,
382 2981 425 3053 et
451 2978 578 3055 etiam
607 2977 661 3055 ob
690 3001 890 3064 amorem,
920 3003 1045 3079 quem
1074 2979 1280 3078 gessimus

186 3100 236 3179 ad
265 3101 476 3202 quondam
505 3103 798 3180 dominum
828 3103 1117 3201 Georgium
1146 3101 1280 3181 Stra-

186 3220 611 3325 zimirpatrem
656 3223 1041 3312 dictiBalsae,
1070 3223 1281 3300 reducere

190 3347 233 3421 et
259 3353 485 3445 acceptare
526 3343 662 3446 ipsum
691 3345 904 3424 dominum
934 3371 1054 3422 strum
1084 3346 1135 3422 ad
1162 3343 1281 3444 grati·

191 3489 257 3543 am
284 3471 495 3557 nostram,
532 3471 575 3544 et
602 3465 747 3546 lacere
789 3469 925 3546 eidem
955 3467 1188 3556 derebus,
1229 3468 1282 3544 de
1433 3502 1435 3510 ·

190 3582 340 3686 quibus
369 3581 522 3664 habeat
545 3587 837 3692 multipliciter
865 3587 1113 3678 contentari,
1142 3589 1284 3688 placet

189 3707 311 3784 nobis
340 3709 383 3784 et
409 3707 616 3802 volumus,
646 3709 756 3808 quod
785 3707 855 3785 hic
884 3707 1036 3785 dileret
1064 3733 1282 3810 quousque

184 3823 633 3908 habuerilmandatum
657 3833 700 3904 et
714 3828 882 3907 bailiam
909 3827 1202 3914 sufficientem,
1231 3828 1281 3908 ad

185 3945 480 4047 praticandum
511 3953 553 4023 et
581 3945 1006 4028 condescendendum
1023 3949 1073 4025 ad
1098 3973 1159 4036 ea,
1175 3973 1282 4050 quae
1380 3993 1383 4000 ι

185 4068 269 4145 sint
296 4067 438 4146 debita
468 4075 511 4148 et
528 4064 744 4158 ''honesta;
785 4070 882 4170 quia
914 4095 1131 4172 speramus
1159 4095 1282 4174 prop-

187 4196 254 4267 ter
281 4189 453 4270 ordines
482 4213 592 4292 quos
621 4193 893 4294 apposuimus
909 4193 1022 4271 circa
1050 4193 1284 4299 hoequod

187 4309 300 4389 illam
327 4307 510 4388 habebit
536 4309 590 4387 de
619 4307 762 4400 brevi,
802 4317 939 4390 tamen
968 4312 1003 4389 si
1030 4312 1120 4418 ipse
1148 4312 1284 4390 simili·
