3228 5108
1222 375 1285 444 m
1435 323 1440 334 ,

190 605 296 664 nuru
319 586 562 686 Georgium.
613 583 666 662 ut
692 607 772 686 per
795 581 983 670 baiulum
1014 593 1056 662 et
1083 584 1286 690 capitana

191 733 260 786 um
288 715 478 788 nastrum
506 706 708 786 Durachii
736 705 859 784 nobis
902 709 1109 810 seriptum
1149 706 1286 797 luerit,

190 832 306 931 quod
343 829 654 908 consideratum
698 851 793 906 ease
836 831 1146 916 necessarium,
1174 827 1286 928 quod

191 950 331 1030 omnia
358 949 480 1028 blada
496 959 537 1030 et
554 932 742 1052 quelibet
757 948 836 1026 alia
865 972 1022 1048 grassa,
1052 971 1162 1056 quae
1191 971 1287 1028 con·
1355 1029 1358 1041 ,

189 1072 362 1150 ducitur
388 1097 467 1174 per
483 1079 641 1150 terram
670 1068 940 1158 Durachium,
969 1076 1182 1148 transeant
1207 1092 1287 1170 per

188 1191 299 1268 dicta
351 1191 446 1268 loca
487 1191 682 1268 dominae
735 1189 1004 1269 Helenae
1055 1191 1143 1268 sive
1184 1188 1285 1267 dicti

193 1307 563 1389 Constantini
590 1311 695 1418 viri
722 1309 815 1400 aui,
845 1312 914 1410 qui
942 1310 976 1387 si
1003 1310 1161 1387 vellent
1186 1293 1283 1411 pos·

191 1437 284 1506 sent
311 1427 495 1526 obstare,
527 1430 711 1524 consulit
738 1429 896 1506 bonum
928 1445 1023 1508 esse
1042 1430 1156 1530 quod
1173 1451 1283 1506 com·

188 1551 411 1653 placeatur
430 1550 517 1628 sibi
546 1550 586 1626 in
616 1573 669 1628 eo
700 1548 813 1651 quod
842 1549 934 1628 lieri
962 1559 1120 1653 potest3
1159 1547 1285 1626 Vadit

188 1693 311 1772 pars:
353 1668 476 1768 Quod
505 1670 814 1770 respondeatur
850 1671 964 1748 dicto
993 1669 1285 1749 ambassiatori

152 1803 155 1812 '
190 1813 286 1867 oum
322 1788 405 1866 illis
441 1785 560 1864 bouis
591 1796 634 1864 ct
661 1771 950 1896 amicabilibus
995 1787 1135 1866 verbis
1177 1813 1284 1892 quae

190 1908 446 1988 videbuntur
473 1909 672 1988 dominio.
702 1909 821 2008 Quod
850 1935 993 1988 sumus
1010 1913 1199 1990 contenti
1225 1911 1280 1988 fa·

187 2055 289 2108 cere
317 2019 490 2109 domino
519 2055 598 2108 suo
628 2039 670 2108 et
691 2021 835 2110 'dictae
863 2033 1060 2110 dominae
1096 2024 1282 2110 Helenae

186 2157 357 2229 nostras
385 2151 546 2230 litteras
572 2158 764 2252 patentes
791 2151 833 2227 in
863 2151 1002 2229 forma
1029 2151 1283 2248 necessaria,

133 2367 137 2374 .
186 2295 266 2374 per
293 2293 397 2373 quas
424 2271 588 2372 possint
615 2273 666 2349 ad
695 2296 815 2348 suum
849 2271 1158 2374 beneplacitum
1188 2292 1282 2350 cum

186 2391 274 2470 suis
300 2389 394 2470 liliis
423 2396 465 2468 et
492 2391 684 2470 similiter
719 2392 780 2470 sui
820 2393 1047 2473 familiares
1088 2415 1184 2472 cum
1213 2416 1280 2469 eo·

186 2533 278 2590 rum
323 2509 449 2591 rebus
492 2520 535 2588 et
576 2513 701 2592 bonis
744 2511 1084 2614 quibuscunque,
1124 2511 1282 2600 venire,

186 2633 378 2722 transire,
410 2632 618 2734 recedere
635 2645 677 2712 et
689 2639 803 2712 stare
831 2645 984 2712 secure
1008 2634 1050 2710 in
1066 2629 1278 2713 Durachio
1321 2727 1330 2739 ἢ

1 2733 2 2744 Ν
78 2756 83 2764 ’
186 2762 230 2832 et
257 2755 454 2843 omnibus
482 2755 586 2834 locis
617 2763 658 2834 et
679 2755 909 2834 territoriis
936 2755 1105 2845 nostrie,
1134 2778 1184 2832 ac
1211 2753 1278 2831 de·

187 2877 313 2954 beant
354 2873 632 2954 amicabiliter
674 2882 717 2952 et
745 2873 1033 2965 favorabiliter
1075 2873 1279 2978 recipiet

185 2995 378 3080 tractari,
416 3003 545 3098 prout
572 3002 803 3075 tractantur
830 3008 873 3073 et
900 2995 1161 3098 recipiuntur
1187 3018 1276 3072 nos·

184 3117 238 3194 tri
280 3117 410 3196 cives.
458 3117 520 3194 De
557 3119 886 3196 mercationibus
915 3142 1018 3196 vero
1046 3117 1208 3195 solvant
1234 3115 1274 3192 iu

185 3233 397 3313 Durachio
427 3237 523 3312 etin
539 3235 629 3314 aliie
658 3237 892 3315 civitatibus
921 3249 962 3318 et
990 3238 1094 3317 locis
1123 3234 1276 3314 nostris

185 3357 420 3436 secundum
446 3359 807 3439 consuetudinem.
836 3361 1089 3440 Adulteram
1112 3360 1274 3460 partem

185 3475 521 3578 respondeatur,
578 3479 691 3579 quod
734 3479 997 3556 considerato
1039 3475 1151 3577 quod
1191 3497 1274 3560 nou
1369 3483 1372 3496 ’

185 3593 367 3674 ostendit
392 3595 511 3673 nobie
528 3597 975 3703 aliquamscripturam
998 3623 1080 3676 nec
1107 3592 1274 3695 aliquod

184 3715 486 3804 testimonium,
513 3741 593 3820 per
609 3718 731 3820 ¹quod
747 3721 906 3816 dejure
935 3724 1136 3822 appareat
1155 3716 1273 3798 ¹dicta
1358 3800 1360 3805 ,

185 3832 297 3914 bona
324 3841 450 3912 eires
478 3845 673 3939 spectare
702 3839 751 3916 ad
779 3839 931 3918 dictam
960 3836 1166 3916 dominam
1193 3833 1271 3912 He·

184 3959 336 4044 lenam,
360 3957 580 4037 necetiam
607 3959 736 4038 altera
764 3982 861 4060 pars
877 3960 945 4038 cui
960 3957 1151 4036 dimissae
1178 3963 1277 4036 sunt

185 4077 324 4158 dictae
352 4099 543 4167 resnou
572 4088 880 4182 estpraesens,
910 4104 988 4158 nec
1016 4078 1161 4179 aliquis
1190 4100 1269 4179 pro

180 4199 276 4290 eis,
299 4198 374 4275 sed
410 4201 547 4279 solum
588 4195 818 4280 audivimus
858 4201 1104 4300 petitionem
1146 4221 1269 4300 quam

186 4315 288 4404 iacit
326 4319 543 4422 praedicta
583 4321 750 4402 domina
789 4322 949 4402 Helena
976 4319 1088 4410 -sine
1130 4319 1270 4419 aliqua
