3186 5112
319 358 388 429 Μ

319 579 397 642 nos
426 563 862 666 etmapniiieoe
890 565 1417 644 memoriasdorni·

319 711 442 766 ozum
470 687 801 784 Georgium
843 685 1191 764 strezimiri
1225 686 1415 764 viroso

319 806 757 895 annumerant
784 803 980 882 cordialis
1008 805 1204 896 dileetio,
1233 793 1417 912 propter

319 945 443 1028 quum
471 925 665 1004 similiter
704 923 962 1004 habebamus
997 931 1042 1002 et
1068 925 1315 1006 tenebamus
1355 927 1413 1029 ip·

318 1069 406 1126 sam
432 1045 641 1125 dominam
669 1051 714 1124 et
739 1051 881 1124 ustom
909 1045 1088 1124 suumin
1104 1051 1276 1126 nostros
1303 1045 1413 1126 titios

319 1164 573 1254 sanissimos,
597 1166 719 1244 etsie
744 1189 888 1244 sumus
913 1165 1104 1268 dispositi
1129 1165 1272 1244 iacere
1299 1188 1413 1244 nuno

320 1286 630 1375 atinioturnm,
654 1287 886 1371 dommodo
914 1311 998 1366 non
1027 1285 1224 1368 deficiant
1252 1293 1412 1388 aparte

317 1431 406 1490 sos.
435 1408 498 1490 ot·
517 1407 617 1486 tinet
642 1407 753 1487 sloot
779 1406 869 1510 ipsa
897 1410 993 1496 scits
1017 1407 1087 1488 bio
1114 1431 1233 1489 amon
1260 1415 1304 1486 et
1328 1409 1414 1491 istu

315 1528 473 1610 ddeeto
518 1549 732 1629 nonquam
773 1526 906 1608 fuerit.
948 1527 1207 1628 interropta,
1261 1533 1411 1602 nostro

317 1647 501 1740 detentu,
519 1655 656 1726 tamen
669 1655 897 1749 sequentes
912 1648 1122 1750 benignos
1150 1671 1290 1727 morea
1316 1669 1410 1724 uos

317 1775 479 1856 trorum
505 1769 827 1867 progenitorum
843 1775 885 1849 ot
908 1776 1114 1853 nostrum,
1143 1764 1409 1846 considerata

316 1891 438 1966 venia
466 1911 590 1990 quarn
618 1888 744 1992 petit,
772 1897 815 1966 et
842 1890 952 1967 bona
982 1897 1025 1968 et
1052 1887 1210 1993 optima
1237 1885 1411 1990 disposi-

316 2009 458 2099 tione,
487 2035 611 2112 quam
639 2010 863 2112 promittit
880 2007 1042 2092 habere
1068 2011 1121 2088 ad
1147 2005 1337 2088 honores
1366 2016 1410 2084 et

316 2129 555 2233 benpiaoita
584 2137 740 2228 nostra,
767 2153 912 2208 sumus
942 2129 1129 2213 contenti
1156 2127 1409 2230 parcereeis

316 2259 360 2330 et
385 2245 544 2331 babere
561 2274 637 2330 eos
663 2252 1004 2342 resumendam,
1031 2257 1271 2354 sperantes,¹
1292 2248 1408 2349 quod

315 2371 490 2452 eti'eotus
524 2393 909 2475 suorumffoperom
938 2368 1293 2476 correspondebit
1315 2391 1406 2446 ver·
1516 2391 1525 2400 ·

315 2492 379 2570 bis
407 2500 451 2571 et
474 2490 822 2595 promissionibus
849 2491 947 2578 suin
977 2489 1089 2568 cirea
1117 2514 1221 2568 vero
1252 2489 1406 2570 factum
1567 2531 1570 2538 ·

313 2613 567 2714 providendi
592 2619 639 2690 ot
665 2609 844 2690 habeant
871 2611 994 2692 undo.
1018 2613 1190 2699 vivere,
1233 2633 1406 2716 respon·

314 2733 460 2814 demus
490 2732 602 2836 quod
641 2755 812 2835 semper
853 2731 1004 2810 fuimus
1032 2741 1077 2814 et
1102 2757 1244 2812 aornos
1271 2733 1407 2836 porsti

314 2854 429 2935 oiroo
455 2853 540 2934 boo
568 2853 781 2932 faeereid
809 2855 924 2956 quod
951 2855 1010 2933 ait
1028 2857 1185 2952 justum
1215 2862 1259 2931 et
1282 2853 1406 2934 ratio·

313 2973 479 3060 nobile.
521 2981 564 3052 et
589 2981 821 3078 propterea
847 2975 882 3052 si
910 2973 1048 3076 piacet
1089 2976 1128 3054 ei
1154 2994 1286 3078 super
1322 2972 1407 3054 boc

312 3117 390 3178 suo
419 3094 563 3180 vivere
591 3092 747 3195 aliquid
775 3096 920 3175 dicere
948 3094 1289 3179 vetuerimne,
1323 3093 1407 3195 ipsi

313 3212 481 3296 audient
508 3221 550 3294 et
578 3213 854 3320 reportabunt
881 3223 1029 3296 rroatro
1056 3213 1262 3304 dominio,
1290 3210 1405 3313 quod

173 3381 179 3398 ·
311 3333 589 3435 respondebit
627 3339 754 3436 prout
794 3333 914 3414 nobis
950 3333 1175 3414 videbitur.
1228 3331 1281 3410 ut
1308 3350 1403 3410 oum

310 3453 387 3541 bis
404 3477 513 3556 queo
538 3453 759 3537 habuerint
787 3463 831 3536 et
857 3455 1064 3534 audierint
1092 3455 1249 3534 adiuta
1276 3451 1403 3530 dorni·

310 3595 405 3662 rao,⁴
441 3580 707 3657 revertantur
759 3579 811 3658 ad
862 3576 1118 3664 dominium,
1172 3583 1218 3654 ut
1270 3572 1404 3676 possit

311 3701 460 3798 postea
487 3696 704 3798 provideri
741 3719 819 3799 per
845 3697 954 3778 istud
991 3697 1242 3785 eonsilium,
1275 3699 1403 3797 prout

309 3811 520 3894 videbitur
575 3816 723 3897 melius
777 3825 821 3896 et
871 3817 1064 3899 securius
1118 3841 1197 3920 pro
1249 3822 1399 3894 nostro

311 3933 512 4018 dominio.

411 4161 613 4242 Dominus
641 4171 683 4242 et
709 4188 779 4244 ser
804 4139 1001 4247 Nicolaus
1030 4164 1194 4244 Vieturi
1230 4163 1399 4266 sapiens

311 4283 486 4375 consilii,
508 4286 657 4367 volunt
683 4289 1013 4392 suprascriptam
1042 4295 1205 4394 panem
1232 4306 1312 4390 per
1339 4293 1399 4366 to·
