3236 5108
1248 415 1377 482 m*

226 623 293 699 ter
321 623 488 720 gravari
517 623 570 698 de
597 621 745 709 nobis;
772 631 816 700 et
840 625 1070 724 propterea
1109 643 1317 724 rogamus,

226 743 340 846 quod
365 743 458 864 istis
498 737 776 822 consideratis
803 752 848 821 et
875 743 976 831 aliis,
1004 767 1112 846 quae
1140 745 1222 824 'dici
1249 761 1316 824 ne·

224 863 408 942 cessaria
435 889 522 943 non
550 871 667 954 sunt,
696 866 858 944 babere
900 890 978 944 nos
1007 869 1172 969 placeat
1199 869 1319 946 meri·

224 992 267 1062 to
297 991 537 1064 excusatos.

482 1105 586 1171 Scor.
611 1105 723 1172 Cous.
747 1107 880 1204 Rogat.
904 1106 975 1172 Lib.
999 1105 1057 1176 111.
1081 1107 1117 1174 ii.
1142 1111 1198 1174 ob.
1222 1111 1274 1173 81.

409 1275 706 1397 CLXXIX.
736 1299 849 1378 raes.
877 1301 939 1376 aa.
966 1297 1138 1376 sunu.

226 1491 404 1564 opronops
437 1503 474 1544 ua
508 1493 730 1562 upopaouenb
768 1505 959 1548 noeaaaara
1005 1493 1083 1549 dana
1125 1491 1267 1561 lonaua,
1298 1509 1318 1550 o
1442 1501 1444 1508 ’
1564 1475 1569 1486 ’

360 1609 466 1665 earoay
489 1591 665 1650 Mueruaba
690 1609 726 1656 ea
750 1595 900 1668 upaabu
924 1593 1195 1664 Beuueutaaon.

182 1735 186 1746 ’
328 1706 477 1810 Capta:¹
499 1706 635 1807 ¹Quod
662 1709 734 1788 fiat
773 1707 999 1812 responsio
1029 1707 1079 1786 ad
1121 1709 1317 1788 ambasia.
1367 1714 1372 1723 '

226 1837 306 1906 tam
347 1825 469 1906 nobis
510 1829 749 1930 expositam
789 1853 869 1932 per
919 1827 1032 1906 hunc
1073 1829 1318 1908 fratrem

224 1947 519 2039 minorem,
560 1971 665 2049 pro
709 1947 1316 2051 partedohauuislia·

224 2069 292 2161 ui,
332 2071 467 2148 nostri
489 2068 631 2150 amici
663 2070 900 2155 earissimi,
942 2095 1020 2172 per
1062 2069 1318 2172 quamipse

224 2216 299 2269 nos
329 2191 744 2293 requiritdeiiga
787 2217 905 2272 oum
947 2191 1317 2292 regeVenci·

225 2313 269 2388 sl
285 2335 308 2387 a
324 2338 350 2389 o
381 2320 422 2391 et
449 2310 656 2412 aliquibus
673 2313 901 2394 baronibus
927 2315 1047 2411 regni
1067 2311 1317 2412 Hrrnguriae,

226 2433 442 2514 offerendo
482 2433 626 2514 faeere
653 2438 798 2513 venire
840 2435 1000 2514 litteras
1042 2441 1318 2540 opportunas,

225 2565 267 2635 et
295 2556 492 2648 dicendo,
521 2559 636 2659 quod
665 2557 977 2636 attendentibus
1007 2555 1128 2635 nobis
1156 2555 1205 2634 ad
1236 2557 1319 2633 dio

225 2685 308 2754 tarn
337 2677 473 2779 figam,
501 2683 624 2756 erunt
647 2677 842 2782 'dispositi
871 2681 924 2756 de
952 2677 1145 2757 iaciendo
1175 2677 1236 2753 de.
1256 2699 1317 2752 re·

225 2797 301 2874 bus
327 2797 454 2878 nobis
482 2801 610 2898 gratis
638 2807 681 2877 et
710 2807 791 2879 oet·
818 2800 940 2899 Quod
969 2802 1032 2878 rei
1060 2799 1214 2876 veritas
1244 2804 1319 2882 est,

226 2918 446 3022 quod'nos
470 2944 616 2997 sumus
644 2923 766 3000 amici
785 2922 953 3016 ⁸domini
981 2922 1130 3020 regis
1158 2917 1318 3018 Sigis-
1415 2939 1422 2956 ·

224 3041 417 3118 mundi
447 3046 488 3119 et
514 3041 706 3119 similiter
734 3041 945 3119 domini
972 3042 1313 3139 Venoesiay,

225 3169 267 3240 et
293 3185 372 3263 per
412 3161 481 3238 dei
522 3163 694 3262 gratiam
735 3187 878 3240 sumus
908 3163 948 3239 in
981 3173 1096 3265 'pace
1139 3158 1319 3237 ebbone

227 3281 513 3360 benivolentia
541 3307 635 3361 otim
665 3283 886 3368 omuibus,
915 3283 1052 3383 itaque
1095 3306 1180 3358 non
1211 3277 1317 3357 iace·

228 3410 295 3480 ret
320 3425 400 3504 pro
429 3401 553 3481 nobis
580 3427 660 3481 neo
685 3427 766 3507 pro
795 3408 902 3512 statu
930 3409 1105 3492 nostro,
1134 3399 1317 3478 attende·

227 3523 340 3600 read
370 3547 432 3614 ea,
460 3525 512 3600 de
541 3525 689 3625 quibus
716 3549 794 3601 nos
822 3523 1025 3624 requirit,
1054 3521 1147 3620 quia
1175 3547 1229 3597 ex
1258 3521 1315 3624 ip·
1361 3617 1364 3627 .

226 3645 282 3722 sis
310 3645 548 3723 comuniter
574 3646 818 3745 pervenitur
847 3645 896 3722 ad
925 3666 1112 3744 guerram
1141 3641 1260 3718 salve
1277 3649 1317 3718 et

226 3773 460 3861 reservato,
493 3766 526 3842 si
556 3767 752 3844 notabilis
780 3789 905 3844 causa
932 3789 1010 3843 nos
1037 3772 1241 3841 moveret.

135 3976 137 3986 Ι
327 3885 410 3963 Alii
436 3885 595 3963 volunt:
623 3885 743 3984 Quod
772 3887 1083 3988 respondeatur
1118 3883 1169 3960 ad
1196 3885 1316 3962 istam

227 4006 506 4084 ambasiatam:
535 4007 647 4110 quod
675 4008 801 4110 piene
844 4003 1072 4082 audivimus
1101 4011 1144 4082 et
1170 4005 1317 4082 intele-

226 4125 361 4204 ximus
390 4127 543 4220 omdb,
571 4149 679 4228 quae
706 4127 831 4206 uobis
858 4127 961 4205 dixit
978 4135 1020 4204 et
1047 4149 1153 4228 quae
1182 4129 1318 4202 osten·
1450 4122 1453 4130 “

227 4247 329 4325 dere
357 4248 490 4326 voluit
517 4247 597 4326 iste
625 4247 820 4326 irater
847 4247 1032 4324 minor
1072 4271 1150 4350 pro
1192 4253 1313 4347 parte

228 4367 385 4450 domini
415 4365 483 4446 do
501 4367 710 4448 hanni-s
735 4369 846 4448 Ban
862 4367 889 4458 i,
932 4393 1056 4472 quem
1085 4371 1125 4447 in
1155 4367 1219 4446 rei
1246 4393 1311 4444 ve-
