<?xml version="1.0" encoding="UTF-8"?>
<!DOCTYPE html PUBLIC "-//W3C//DTD XHTML 1.0 Transitional//EN"
    "http://www.w3.org/TR/xhtml1/DTD/xhtml1-transitional.dtd">
<html xmlns="http://www.w3.org/1999/xhtml" xml:lang="en" lang="en">
 <head>
  <title>
</title>
<meta http-equiv="Content-Type" content="text/html;charset=utf-8" />
  <meta name='ocr-system' content='tesseract 3.04.00' />
  <meta name='ocr-capabilities' content='ocr_page ocr_carea ocr_par ocr_line ocrx_word'/>
</head>
<body>
  <div class='ocr_page' id='page_1' title='image "./actaarchivivene00sergoog_0484.png"; bbox 0 0 3186 5112; ppageno 0'>
   <div class='ocr_carea' id='block_1_1' title="bbox 356 471 421 542">
    <p class='ocr_par' dir='ltr' id='par_1_1' title="bbox 356 471 421 542">
     <span class='ocr_line' id='line_1_1' title="bbox 356 471 421 542; baseline 0 0"><span class='ocrx_word' id='word_1_1' title='bbox 356 471 421 542; x_wconf 79' lang='lat' dir='ltr'>tao</span> 
     </span>
    </p>
   </div>
   <div class='ocr_carea' id='block_1_2' title="bbox 214 677 1582 2484">
    <p class='ocr_par' dir='ltr' id='par_1_2' title="bbox 337 677 1582 1386">
     <span class='ocr_line' id='line_1_2' title="bbox 357 677 1489 784; baseline -0.004 -26"><span class='ocrx_word' id='word_1_2' title='bbox 357 707 458 784; x_wconf 87' lang='lat' dir='ltr'>quas</span> <span class='ocrx_word' id='word_1_3' title='bbox 488 679 634 758; x_wconf 88' lang='lat' dir='ltr'>ambae</span> <span class='ocrx_word' id='word_1_4' title='bbox 662 687 803 784; x_wconf 88' lang='lat' dir='ltr'>partes</span> <span class='ocrx_word' id='word_1_5' title='bbox 831 679 997 784; x_wconf 80' lang='lat' dir='ltr'><strong>possint</strong></span> <span class='ocrx_word' id='word_1_6' title='bbox 1025 678 1076 755; x_wconf 88' lang='lat' dir='ltr'>ad</span> <span class='ocrx_word' id='word_1_7' title='bbox 1099 677 1251 756; x_wconf 87' lang='lat' dir='ltr'>bonam</span> <span class='ocrx_word' id='word_1_8' title='bbox 1281 677 1447 758; x_wconf 86' lang='lat' dir='ltr'>conciu-</span> <span class='ocrx_word' id='word_1_9' title='bbox 1483 687 1489 701; x_wconf 89' lang='grc'><strong>“</strong></span> 
     </span>
     <span class='ocr_line' id='line_1_3' title="bbox 337 799 1448 903; baseline -0.003 -25"><span class='ocrx_word' id='word_1_10' title='bbox 337 802 515 893; x_wconf 59' lang='lat' dir='ltr'>,sionem</span> <span class='ocrx_word' id='word_1_11' title='bbox 544 811 586 880; x_wconf 88' lang='lat' dir='ltr'>et</span> <span class='ocrx_word' id='word_1_12' title='bbox 612 826 760 903; x_wconf 82' lang='lat' dir='ltr'>pacem</span> <span class='ocrx_word' id='word_1_13' title='bbox 789 802 1005 879; x_wconf 77' lang='lat' dir='ltr'>devenire.</span> <span class='ocrx_word' id='word_1_14' title='bbox 1058 799 1171 878; x_wconf 81' lang='lat' dir='ltr'>Etsi</span> <span class='ocrx_word' id='word_1_15' title='bbox 1201 807 1323 880; x_wconf 91' lang='lat' dir='ltr'>erunt</span> <span class='ocrx_word' id='word_1_16' title='bbox 1351 824 1448 878; x_wconf 91' lang='lat' dir='ltr'>con·</span> 
     </span>
     <span class='ocr_line' id='line_1_4' title="bbox 355 921 1496 1021; baseline -0.005 -17"><span class='ocrx_word' id='word_1_17' title='bbox 355 925 456 1004; x_wconf 90' lang='lat' dir='ltr'>tenti</span> <span class='ocrx_word' id='word_1_18' title='bbox 484 924 628 1001; x_wconf 84' lang='lat' dir='ltr'>facere</span> <span class='ocrx_word' id='word_1_19' title='bbox 645 921 776 999; x_wconf 84' lang='lat' dir='ltr'>dictas</span> <span class='ocrx_word' id='word_1_20' title='bbox 791 930 1002 1018; x_wconf 82' lang='lat' dir='ltr'><strong>treuguas,</strong></span> <span class='ocrx_word' id='word_1_21' title='bbox 1032 943 1263 1021; x_wconf 85' lang='lat' dir='ltr'>procurare</span> <span class='ocrx_word' id='word_1_22' title='bbox 1279 921 1449 1010; x_wconf 67' lang='lat' dir='ltr'>debeas</span> <span class='ocrx_word' id='word_1_23' title='bbox 1492 961 1496 972; x_wconf 94' lang='lat'>·</span> 
     </span>
     <span class='ocr_line' id='line_1_5' title="bbox 356 1040 1582 1147; baseline -0.001 -27"><span class='ocrx_word' id='word_1_24' title='bbox 356 1045 469 1146; x_wconf 90' lang='lat' dir='ltr'>quod</span> <span class='ocrx_word' id='word_1_25' title='bbox 498 1042 596 1118; x_wconf 88' lang='lat' dir='ltr'>fiant</span> <span class='ocrx_word' id='word_1_26' title='bbox 623 1067 702 1147; x_wconf 87' lang='lat' dir='ltr'>pcr</span> <span class='ocrx_word' id='word_1_27' title='bbox 728 1041 830 1120; x_wconf 87' lang='lat' dir='ltr'>iilud</span> <span class='ocrx_word' id='word_1_28' title='bbox 864 1040 996 1116; x_wconf 84' lang='lat' dir='ltr'>maius</span> <span class='ocrx_word' id='word_1_29' title='bbox 1026 1047 1204 1142; x_wconf 87' lang='lat' dir='ltr'>tempus,</span> <span class='ocrx_word' id='word_1_30' title='bbox 1236 1041 1348 1144; x_wconf 86' lang='lat' dir='ltr'>quud</span> <span class='ocrx_word' id='word_1_31' title='bbox 1376 1067 1449 1146; x_wconf 91' lang='lat' dir='ltr'>po·</span> <span class='ocrx_word' id='word_1_32' title='bbox 1580 1083 1582 1098; x_wconf 80' lang='lat'>=</span> 
     </span>
     <span class='ocr_line' id='line_1_6' title="bbox 354 1159 1450 1247; baseline -0.004 -5"><span class='ocrx_word' id='word_1_33' title='bbox 354 1164 455 1242; x_wconf 86' lang='lat' dir='ltr'>teris</span> <span class='ocrx_word' id='word_1_34' title='bbox 483 1163 700 1247; x_wconf 86' lang='lat' dir='ltr'>obtinere,</span> <span class='ocrx_word' id='word_1_35' title='bbox 742 1159 937 1237; x_wconf 82' lang='lat' dir='ltr'>faciendo</span> <span class='ocrx_word' id='word_1_36' title='bbox 966 1159 1051 1236; x_wconf 84' lang='lat' dir='ltr'>suis</span> <span class='ocrx_word' id='word_1_37' title='bbox 1095 1161 1450 1239; x_wconf 84' lang='lat' dir='ltr'>ambaxiatoribus</span> 
     </span>
     <span class='ocr_line' id='line_1_7' title="bbox 353 1271 1451 1386; baseline -0.003 -24"><span class='ocrx_word' id='word_1_38' title='bbox 353 1287 513 1362; x_wconf 84' lang='lat' dir='ltr'>salvum</span> <span class='ocrx_word' id='word_1_39' title='bbox 543 1285 798 1362; x_wconf 88' lang='lat' dir='ltr'>conductum</span> <span class='ocrx_word' id='word_1_40' title='bbox 827 1271 973 1358; x_wconf 87' lang='lat' dir='ltr'>nostru</span> <span class='ocrx_word' id='word_1_41' title='bbox 1002 1284 1186 1372; x_wconf 86' lang='lat' dir='ltr'>nornine,</span> <span class='ocrx_word' id='word_1_42' title='bbox 1215 1289 1260 1360; x_wconf 94' lang='lat' dir='ltr'>ut</span> <span class='ocrx_word' id='word_1_43' title='bbox 1286 1281 1451 1386; x_wconf 85' lang='lat' dir='ltr'><strong>possint</strong></span> 
     </span>
    </p>

    <p class='ocr_par' dir='ltr' id='par_1_3' title="bbox 214 1403 1453 1609">
     <span class='ocr_line' id='line_1_8' title="bbox 214 1403 1453 1509; baseline 0 -27"><span class='ocrx_word' id='word_1_44' title='bbox 214 1431 218 1440; x_wconf 81' lang='grc'><strong>’</strong></span> <span class='ocrx_word' id='word_1_45' title='bbox 352 1431 506 1486; x_wconf 85' lang='lat' dir='ltr'>secure</span> <span class='ocrx_word' id='word_1_46' title='bbox 535 1405 586 1481; x_wconf 87' lang='lat' dir='ltr'>ad</span> <span class='ocrx_word' id='word_1_47' title='bbox 612 1403 866 1509; x_wconf 77' lang='lat' dir='ltr'><strong>presentiam</strong></span> <span class='ocrx_word' id='word_1_48' title='bbox 900 1405 1088 1480; x_wconf 84' lang='lat' dir='ltr'>nostram</span> <span class='ocrx_word' id='word_1_49' title='bbox 1117 1404 1263 1482; x_wconf 88' lang='lat' dir='ltr'>venire</span> <span class='ocrx_word' id='word_1_50' title='bbox 1293 1463 1301 1480; x_wconf 92' lang='lat'><strong>.</strong></span> <span class='ocrx_word' id='word_1_51' title='bbox 1328 1462 1339 1483; x_wconf 89' lang='lat'><strong>.</strong></span> <span class='ocrx_word' id='word_1_52' title='bbox 1368 1465 1379 1486; x_wconf 90' lang='lat'><strong>.</strong></span> <span class='ocrx_word' id='word_1_53' title='bbox 1409 1411 1453 1482; x_wconf 85' lang='lat' dir='ltr'>et</span> 
     </span>
     <span class='ocr_line' id='line_1_9' title="bbox 355 1535 1028 1609; baseline -0.009 0"><span class='ocrx_word' id='word_1_54' title='bbox 355 1535 435 1609; x_wconf 90' lang='lat' dir='ltr'>cet.</span> <span class='ocrx_word' id='word_1_55' title='bbox 1027 1535 1028 1540; x_wconf 71' lang='lat'>&#39;</span> 
     </span>
    </p>

    <p class='ocr_par' dir='ltr' id='par_1_4' title="bbox 355 1647 1581 1876">
     <span class='ocr_line' id='line_1_10' title="bbox 463 1647 1581 1752; baseline -0.001 -28"><span class='ocrx_word' id='word_1_56' title='bbox 463 1647 655 1748; x_wconf 70' lang='lat' dir='ltr'>(Ca&#39;snya</span> <span class='ocrx_word' id='word_1_57' title='bbox 685 1647 803 1724; x_wconf 74' lang='lat' dir='ltr'>iosus,</span> <span class='ocrx_word' id='word_1_58' title='bbox 822 1671 965 1726; x_wconf 88' lang='lat' dir='ltr'>uuoro</span> <span class='ocrx_word' id='word_1_59' title='bbox 981 1671 1006 1722; x_wconf 93' lang='lat' dir='ltr'><strong>o</strong></span> <span class='ocrx_word' id='word_1_60' title='bbox 1023 1671 1222 1752; x_wconf 64' lang='lat' dir='ltr'>npyruuu,</span> <span class='ocrx_word' id='word_1_61' title='bbox 1251 1671 1452 1750; x_wconf 68' lang='lat' dir='ltr'>pascuus</span> <span class='ocrx_word' id='word_1_62' title='bbox 1578 1675 1581 1688; x_wconf 91' lang='lat'>·</span> 
     </span>
     <span class='ocr_line' id='line_1_11' title="bbox 355 1789 1019 1876; baseline -0.012 -26"><span class='ocrx_word' id='word_1_63' title='bbox 355 1794 584 1876; x_wconf 78' lang='lat' dir='ltr'>crnapuua,</span> <span class='ocrx_word' id='word_1_64' title='bbox 613 1793 745 1845; x_wconf 88' lang='lat' dir='ltr'>naua</span> <span class='ocrx_word' id='word_1_65' title='bbox 774 1793 894 1868; x_wconf 84' lang='lat' dir='ltr'>aparc</span> <span class='ocrx_word' id='word_1_66' title='bbox 925 1789 1019 1846; x_wconf 79' lang='lat' dir='ltr'>oso:</span> 
     </span>
    </p>

    <p class='ocr_par' dir='ltr' id='par_1_5' title="bbox 352 1883 1582 2354">
     <span class='ocr_line' id='line_1_12' title="bbox 457 1883 1582 1966; baseline 0 -2"><span class='ocrx_word' id='word_1_67' title='bbox 457 1889 538 1966; x_wconf 78' lang='lat' dir='ltr'>Ser</span> <span class='ocrx_word' id='word_1_68' title='bbox 578 1889 730 1966; x_wconf 88' lang='lat' dir='ltr'>Petrus</span> <span class='ocrx_word' id='word_1_69' title='bbox 774 1885 956 1966; x_wconf 86' lang='lat' dir='ltr'>Ciurano</span> <span class='ocrx_word' id='word_1_70' title='bbox 1000 1889 1113 1966; x_wconf 87' lang='lat' dir='ltr'>vuit:</span> <span class='ocrx_word' id='word_1_71' title='bbox 1154 1895 1200 1966; x_wconf 92' lang='lat' dir='ltr'>ut</span> <span class='ocrx_word' id='word_1_72' title='bbox 1239 1887 1364 1966; x_wconf 90' lang='lat' dir='ltr'>detur</span> <span class='ocrx_word' id='word_1_73' title='bbox 1391 1887 1454 1964; x_wconf 88' lang='lat' dir='ltr'>eis</span> <span class='ocrx_word' id='word_1_74' title='bbox 1579 1883 1582 1916; x_wconf 85' lang='lat'>¹</span> 
     </span>
     <span class='ocr_line' id='line_1_13' title="bbox 354 2007 1455 2090; baseline -0.003 -1"><span class='ocrx_word' id='word_1_75' title='bbox 354 2013 477 2090; x_wconf 86' lang='lat' dir='ltr'>etiam</span> <span class='ocrx_word' id='word_1_76' title='bbox 519 2007 808 2089; x_wconf 83' lang='lat' dir='ltr'>Antibaru</span> <span class='ocrx_word' id='word_1_77' title='bbox 825 2035 865 2086; x_wconf 86' lang='lat' dir='ltr'>ru</span> <span class='ocrx_word' id='word_1_78' title='bbox 909 2035 1002 2086; x_wconf 90' lang='lat' dir='ltr'>cum</span> <span class='ocrx_word' id='word_1_79' title='bbox 1032 2009 1118 2086; x_wconf 87' lang='lat' dir='ltr'>suis</span> <span class='ocrx_word' id='word_1_80' title='bbox 1149 2007 1381 2087; x_wconf 86' lang='lat' dir='ltr'>confinibus</span> <span class='ocrx_word' id='word_1_81' title='bbox 1409 2017 1455 2086; x_wconf 90' lang='lat' dir='ltr'>et</span> 
     </span>
     <span class='ocr_line' id='line_1_14' title="bbox 352 2129 1518 2224; baseline -0.004 -16"><span class='ocrx_word' id='word_1_82' title='bbox 352 2131 548 2208; x_wconf 80' lang='lat' dir='ltr'>Budua</span> <span class='ocrx_word' id='word_1_83' title='bbox 578 2153 699 2208; x_wconf 89' lang='lat' dir='ltr'>cum</span> <span class='ocrx_word' id='word_1_84' title='bbox 727 2129 922 2206; x_wconf 87' lang='lat' dir='ltr'>salinis</span> <span class='ocrx_word' id='word_1_85' title='bbox 953 2137 996 2206; x_wconf 90' lang='lat' dir='ltr'>et</span> <span class='ocrx_word' id='word_1_86' title='bbox 1023 2129 1281 2224; x_wconf 78' lang='lat' dir='ltr'>confinibus,</span> <span class='ocrx_word' id='word_1_87' title='bbox 1311 2137 1352 2206; x_wconf 86' lang='lat' dir='ltr'>et</span> <span class='ocrx_word' id='word_1_88' title='bbox 1379 2129 1450 2206; x_wconf 90' lang='lat' dir='ltr'>du·</span> <span class='ocrx_word' id='word_1_89' title='bbox 1516 2175 1518 2180; x_wconf 91' lang='lat'>·</span> 
     </span>
     <span class='ocr_line' id='line_1_15' title="bbox 354 2249 1292 2354; baseline -0.004 -25"><span class='ocrx_word' id='word_1_90' title='bbox 354 2253 437 2330; x_wconf 84' lang='lat' dir='ltr'>cati</span> <span class='ocrx_word' id='word_1_91' title='bbox 464 2251 578 2326; x_wconf 84' lang='lat' dir='ltr'>mille</span> <span class='ocrx_word' id='word_1_92' title='bbox 606 2251 646 2326; x_wconf 94' lang='lat' dir='ltr'>in</span> <span class='ocrx_word' id='word_1_93' title='bbox 676 2275 800 2339; x_wconf 84' lang='lat' dir='ltr'>anuo,</span> <span class='ocrx_word' id='word_1_94' title='bbox 828 2251 976 2328; x_wconf 87' lang='lat' dir='ltr'>saltem</span> <span class='ocrx_word' id='word_1_95' title='bbox 1007 2258 1051 2326; x_wconf 89' lang='lat' dir='ltr'>ut</span> <span class='ocrx_word' id='word_1_96' title='bbox 1079 2249 1148 2328; x_wconf 83' lang='lat' dir='ltr'>fiat</span> <span class='ocrx_word' id='word_1_97' title='bbox 1174 2253 1292 2354; x_wconf 84' lang='lat' dir='ltr'>pax.)</span> 
     </span>
    </p>

    <p class='ocr_par' dir='ltr' id='par_1_6' title="bbox 688 2385 1408 2484">
     <span class='ocr_line' id='line_1_16' title="bbox 688 2385 1408 2484; baseline 0 -34"><span class='ocrx_word' id='word_1_98' title='bbox 688 2385 791 2450; x_wconf 81' lang='lat' dir='ltr'>Secu.</span> <span class='ocrx_word' id='word_1_99' title='bbox 817 2386 929 2451; x_wconf 86' lang='lat' dir='ltr'>Cous.</span> <span class='ocrx_word' id='word_1_100' title='bbox 952 2388 1045 2484; x_wconf 72' lang='lat' dir='ltr'><strong>Rog.</strong></span> <span class='ocrx_word' id='word_1_101' title='bbox 1071 2385 1142 2450; x_wconf 86' lang='lat' dir='ltr'><strong>Lib.</strong></span> <span class='ocrx_word' id='word_1_102' title='bbox 1169 2385 1229 2452; x_wconf 83' lang='lat' dir='ltr'>lv.</span> <span class='ocrx_word' id='word_1_103' title='bbox 1253 2387 1299 2452; x_wconf 87' lang='lat' dir='ltr'>ch</span> <span class='ocrx_word' id='word_1_104' title='bbox 1336 2387 1408 2450; x_wconf 87' lang='lat'>181.</span> 
     </span>
    </p>
   </div>
   <div class='ocr_carea' id='block_1_3' title="bbox 509 2589 1296 2712">
    <p class='ocr_par' dir='ltr' id='par_1_7' title="bbox 509 2589 1296 2712">
     <span class='ocr_line' id='line_1_17' title="bbox 509 2589 1296 2712; baseline -0.013 -23"><span class='ocrx_word' id='word_1_105' title='bbox 509 2589 769 2689; x_wconf 77' lang='lat' dir='ltr'>COhXV.</span> <span class='ocrx_word' id='word_1_106' title='bbox 814 2613 910 2687; x_wconf 67' lang='lat'>1411</span> <span class='ocrx_word' id='word_1_107' title='bbox 939 2615 1002 2689; x_wconf 74' lang='lat' dir='ltr'>aa.</span> <span class='ocrx_word' id='word_1_108' title='bbox 1031 2611 1296 2712; x_wconf 75' lang='lat' dir='ltr'><strong>Augusti.</strong></span> 
     </span>
    </p>
   </div>
   <div class='ocr_carea' id='block_1_4' title="bbox 351 2767 1451 3051">
    <p class='ocr_par' dir='ltr' id='par_1_8' title="bbox 351 2767 1451 3051">
     <span class='ocr_line' id='line_1_18' title="bbox 351 2767 1451 2845; baseline 0.002 -21"><span class='ocrx_word' id='word_1_109' title='bbox 351 2769 416 2842; x_wconf 66' lang='lat' dir='ltr'>itas</span> <span class='ocrx_word' id='word_1_110' title='bbox 441 2785 479 2824; x_wconf 87' lang='lat' dir='ltr'>ee</span> <span class='ocrx_word' id='word_1_111' title='bbox 504 2783 625 2825; x_wconf 70' lang='lat' dir='ltr'>euacua</span> <span class='ocrx_word' id='word_1_112' title='bbox 647 2784 748 2840; x_wconf 79' lang='lat' dir='ltr'>rueay</span> <span class='ocrx_word' id='word_1_113' title='bbox 772 2785 789 2822; x_wconf 87' lang='lat' dir='ltr'>u</span> <span class='ocrx_word' id='word_1_114' title='bbox 816 2782 978 2845; x_wconf 70' lang='lat' dir='ltr'>aausrpuy</span> <span class='ocrx_word' id='word_1_115' title='bbox 1003 2767 1261 2842; x_wconf 64' lang='lat' dir='ltr'>Caspapcsoun,</span> <span class='ocrx_word' id='word_1_116' title='bbox 1297 2785 1335 2839; x_wconf 67' lang='lat' dir='ltr'>pa</span> <span class='ocrx_word' id='word_1_117' title='bbox 1358 2785 1451 2827; x_wconf 66' lang='lat' dir='ltr'>noxe</span> 
     </span>
     <span class='ocr_line' id='line_1_19' title="bbox 353 2865 1451 2947; baseline -0.002 -17"><span class='ocrx_word' id='word_1_118' title='bbox 353 2889 522 2944; x_wconf 67' lang='lat' dir='ltr'>noropuru</span> <span class='ocrx_word' id='word_1_119' title='bbox 544 2872 661 2928; x_wconf 80' lang='lat' dir='ltr'>insana</span> <span class='ocrx_word' id='word_1_120' title='bbox 691 2865 876 2944; x_wconf 79' lang='lat' dir='ltr'>iiacrpiura</span> <span class='ocrx_word' id='word_1_121' title='bbox 912 2885 929 2924; x_wconf 84' lang='lat' dir='ltr'>u</span> <span class='ocrx_word' id='word_1_122' title='bbox 955 2871 1065 2945; x_wconf 62' lang='lat' dir='ltr'>hophu</span> <span class='ocrx_word' id='word_1_123' title='bbox 1101 2891 1119 2928; x_wconf 87' lang='lat' dir='ltr'>u</span> <span class='ocrx_word' id='word_1_124' title='bbox 1143 2873 1274 2946; x_wconf 71' lang='lat' dir='ltr'>Aneucy</span> <span class='ocrx_word' id='word_1_125' title='bbox 1297 2873 1451 2947; x_wconf 68' lang='lat' dir='ltr'>topatus,</span> 
     </span>
     <span class='ocr_line' id='line_1_20' title="bbox 461 2973 1346 3051; baseline 0.001 -19"><span class='ocrx_word' id='word_1_126' title='bbox 461 2994 498 3049; x_wconf 68' lang='lat' dir='ltr'>pa</span> <span class='ocrx_word' id='word_1_127' title='bbox 522 2989 657 3048; x_wconf 70' lang='lat' dir='ltr'>nonaup</span> <span class='ocrx_word' id='word_1_128' title='bbox 678 2991 722 3031; x_wconf 71' lang='lat' dir='ltr'>cs</span> <span class='ocrx_word' id='word_1_129' title='bbox 746 2973 920 3031; x_wconf 69' lang='lat' dir='ltr'>nonaxon,</span> <span class='ocrx_word' id='word_1_130' title='bbox 942 2975 1166 3034; x_wconf 74' lang='lat' dir='ltr'>Maeranhuna</span> <span class='ocrx_word' id='word_1_131' title='bbox 1191 2993 1346 3051; x_wconf 66' lang='lat' dir='ltr'>nporuan</span> 
     </span>
    </p>
   </div>
   <div class='ocr_carea' id='block_1_5' title="bbox 555 3069 1289 3154">
    <p class='ocr_par' dir='ltr' id='par_1_9' title="bbox 555 3069 1289 3154">
     <span class='ocr_line' id='line_1_21' title="bbox 555 3069 1289 3154; baseline 0.001 -20"><span class='ocrx_word' id='word_1_132' title='bbox 555 3081 689 3148; x_wconf 78' lang='lat' dir='ltr'>Baume,</span> <span class='ocrx_word' id='word_1_133' title='bbox 713 3093 772 3134; x_wconf 80' lang='lat' dir='ltr'>ano</span> <span class='ocrx_word' id='word_1_134' title='bbox 797 3095 836 3134; x_wconf 86' lang='lat' dir='ltr'>cs</span> <span class='ocrx_word' id='word_1_135' title='bbox 864 3069 947 3134; x_wconf 75' lang='lat' dir='ltr'>dani</span> <span class='ocrx_word' id='word_1_136' title='bbox 970 3077 1063 3136; x_wconf 72' lang='lat' dir='ltr'>uentu</span> <span class='ocrx_word' id='word_1_137' title='bbox 1087 3077 1246 3154; x_wconf 84' lang='lat' dir='ltr'>nouupin.</span> <span class='ocrx_word' id='word_1_138' title='bbox 1287 3077 1289 3081; x_wconf 79' lang='grc'>’</span> 
     </span>
    </p>
   </div>
   <div class='ocr_carea' id='block_1_6' title="bbox 351 3195 1582 4510">
    <p class='ocr_par' dir='ltr' id='par_1_10' title="bbox 351 3195 1582 4510">
     <span class='ocr_line' id='line_1_22' title="bbox 457 3195 1451 3299; baseline -0.001 -24"><span class='ocrx_word' id='word_1_139' title='bbox 457 3197 599 3298; x_wconf 89' lang='lat' dir='ltr'>Capta.</span> <span class='ocrx_word' id='word_1_140' title='bbox 648 3195 753 3275; x_wconf 89' lang='lat' dir='ltr'>Cum</span> <span class='ocrx_word' id='word_1_141' title='bbox 783 3221 930 3275; x_wconf 87' lang='lat' dir='ltr'>comes</span> <span class='ocrx_word' id='word_1_142' title='bbox 956 3202 1000 3272; x_wconf 89' lang='lat' dir='ltr'>et</span> <span class='ocrx_word' id='word_1_143' title='bbox 1028 3195 1271 3299; x_wconf 80' lang='lat' dir='ltr'>capitaneus</span> <span class='ocrx_word' id='word_1_144' title='bbox 1299 3203 1451 3276; x_wconf 91' lang='lat' dir='ltr'>noster</span> 
     </span>
     <span class='ocr_line' id='line_1_23' title="bbox 353 3317 1448 3420; baseline 0.002 -27"><span class='ocrx_word' id='word_1_145' title='bbox 353 3319 568 3396; x_wconf 79' lang='lat' dir='ltr'>Scutari</span> <span class='ocrx_word' id='word_1_146' title='bbox 595 3343 673 3420; x_wconf 87' lang='lat' dir='ltr'>per</span> <span class='ocrx_word' id='word_1_147' title='bbox 701 3319 862 3396; x_wconf 76' lang='lat' dir='ltr'>litteras</span> <span class='ocrx_word' id='word_1_148' title='bbox 887 3333 998 3402; x_wconf 81' lang='lat' dir='ltr'>suas,</span> <span class='ocrx_word' id='word_1_149' title='bbox 1028 3317 1145 3396; x_wconf 85' lang='lat' dir='ltr'>datas</span> <span class='ocrx_word' id='word_1_150' title='bbox 1174 3317 1242 3397; x_wconf 85' lang='lat' dir='ltr'>die</span> <span class='ocrx_word' id='word_1_151' title='bbox 1273 3323 1448 3396; x_wconf 76' lang='lat' dir='ltr'>12men·</span> 
     </span>
     <span class='ocr_line' id='line_1_24' title="bbox 353 3423 1582 3540; baseline 0 -25"><span class='ocrx_word' id='word_1_152' title='bbox 353 3441 411 3516; x_wconf 87' lang='lat' dir='ltr'>sis</span> <span class='ocrx_word' id='word_1_153' title='bbox 428 3437 530 3514; x_wconf 86' lang='lat' dir='ltr'>Julii</span> <span class='ocrx_word' id='word_1_154' title='bbox 557 3438 699 3540; x_wconf 88' lang='lat' dir='ltr'>elapsi,</span> <span class='ocrx_word' id='word_1_155' title='bbox 727 3436 958 3538; x_wconf 86' lang='lat' dir='ltr'>scripserit,</span> <span class='ocrx_word' id='word_1_156' title='bbox 973 3437 1090 3538; x_wconf 87' lang='lat' dir='ltr'>quud</span> <span class='ocrx_word' id='word_1_157' title='bbox 1117 3443 1216 3538; x_wconf 88' lang='lat' dir='ltr'>post</span> <span class='ocrx_word' id='word_1_158' title='bbox 1231 3461 1448 3515; x_wconf 85' lang='lat' dir='ltr'>recessum</span> <span class='ocrx_word' id='word_1_159' title='bbox 1580 3423 1582 3440; x_wconf 72' lang='grc'>’</span> 
     </span>
     <span class='ocr_line' id='line_1_25' title="bbox 352 3555 1449 3661; baseline 0.001 -27"><span class='ocrx_word' id='word_1_160' title='bbox 352 3557 506 3636; x_wconf 89' lang='lat' dir='ltr'>nobilis</span> <span class='ocrx_word' id='word_1_161' title='bbox 547 3559 626 3636; x_wconf 88' lang='lat' dir='ltr'>viri</span> <span class='ocrx_word' id='word_1_162' title='bbox 662 3556 744 3634; x_wconf 83' lang='lat' dir='ltr'>Ser</span> <span class='ocrx_word' id='word_1_163' title='bbox 773 3555 886 3635; x_wconf 86' lang='lat' dir='ltr'>Petri</span> <span class='ocrx_word' id='word_1_164' title='bbox 926 3555 1199 3648; x_wconf 80' lang='lat' dir='ltr'>Lauredano,</span> <span class='ocrx_word' id='word_1_165' title='bbox 1241 3557 1449 3661; x_wconf 76' lang='lat' dir='ltr'>capitanci</span> 
     </span>
     <span class='ocr_line' id='line_1_26' title="bbox 352 3677 1449 3781; baseline -0.003 -23"><span class='ocrx_word' id='word_1_166' title='bbox 352 3682 487 3758; x_wconf 86' lang='lat' dir='ltr'>nostri</span> <span class='ocrx_word' id='word_1_167' title='bbox 519 3678 639 3766; x_wconf 85' lang='lat' dir='ltr'>Culii,</span> <span class='ocrx_word' id='word_1_168' title='bbox 667 3680 861 3781; x_wconf 87' lang='lat' dir='ltr'>pervenit</span> <span class='ocrx_word' id='word_1_169' title='bbox 890 3677 940 3754; x_wconf 86' lang='lat' dir='ltr'>ad</span> <span class='ocrx_word' id='word_1_170' title='bbox 969 3703 1116 3781; x_wconf 87' lang='lat' dir='ltr'>pacem</span> <span class='ocrx_word' id='word_1_171' title='bbox 1148 3701 1244 3756; x_wconf 89' lang='lat' dir='ltr'>cum</span> <span class='ocrx_word' id='word_1_172' title='bbox 1271 3677 1449 3755; x_wconf 79' lang='lat' dir='ltr'>Balsa</span> 
     </span>
     <span class='ocr_line' id='line_1_27' title="bbox 354 3797 1447 3904; baseline 0.001 -28"><span class='ocrx_word' id='word_1_173' title='bbox 354 3800 704 3880; x_wconf 79' lang='lat' dir='ltr'>Stracimiri</span> <span class='ocrx_word' id='word_1_174' title='bbox 731 3823 810 3904; x_wconf 88' lang='lat' dir='ltr'>per</span> <span class='ocrx_word' id='word_1_175' title='bbox 838 3797 954 3876; x_wconf 87' lang='lat' dir='ltr'>ilium</span> <span class='ocrx_word' id='word_1_176' title='bbox 983 3802 1183 3889; x_wconf 86' lang='lat' dir='ltr'>modum,</span> <span class='ocrx_word' id='word_1_177' title='bbox 1212 3823 1336 3902; x_wconf 85' lang='lat' dir='ltr'>quern</span> <span class='ocrx_word' id='word_1_178' title='bbox 1365 3799 1447 3877; x_wconf 92' lang='lat' dir='ltr'>dic-</span> 
     </span>
     <span class='ocr_line' id='line_1_28' title="bbox 354 3919 1447 4024; baseline -0.001 -25"><span class='ocrx_word' id='word_1_179' title='bbox 354 3929 420 3999; x_wconf 89' lang='lat' dir='ltr'>tus</span> <span class='ocrx_word' id='word_1_180' title='bbox 448 3923 690 4024; x_wconf 79' lang='lat' dir='ltr'>capitaneus</span> <span class='ocrx_word' id='word_1_181' title='bbox 718 3921 1018 4023; x_wconf 82' lang='lat' dir='ltr'>praticaverat,</span> <span class='ocrx_word' id='word_1_182' title='bbox 1045 3919 1244 3998; x_wconf 82' lang='lat' dir='ltr'>videlicet</span> <span class='ocrx_word' id='word_1_183' title='bbox 1271 3921 1324 3997; x_wconf 89' lang='lat' dir='ltr'>de</span> <span class='ocrx_word' id='word_1_184' title='bbox 1354 3923 1447 3998; x_wconf 86' lang='lat' dir='ltr'>dan·</span> 
     </span>
     <span class='ocr_line' id='line_1_29' title="bbox 352 4037 1448 4145; baseline 0 -25"><span class='ocrx_word' id='word_1_185' title='bbox 352 4037 408 4120; x_wconf 82' lang='lat' dir='ltr'>do</span> <span class='ocrx_word' id='word_1_186' title='bbox 436 4041 630 4119; x_wconf 87' lang='lat' dir='ltr'>Baisae</span> <span class='ocrx_word' id='word_1_187' title='bbox 657 4041 888 4119; x_wconf 86' lang='lat' dir='ltr'>Buduam</span> <span class='ocrx_word' id='word_1_188' title='bbox 925 4065 1020 4117; x_wconf 88' lang='lat' dir='ltr'>cum</span> <span class='ocrx_word' id='word_1_189' title='bbox 1061 4041 1324 4145; x_wconf 79' lang='lat' dir='ltr'>pertinentiis</span> <span class='ocrx_word' id='word_1_190' title='bbox 1350 4043 1448 4134; x_wconf 70' lang='lat' dir='ltr'>suis</span> 
     </span>
     <span class='ocr_line' id='line_1_30' title="bbox 353 4163 1446 4244; baseline -0.003 0"><span class='ocrx_word' id='word_1_191' title='bbox 353 4169 690 4244; x_wconf 85' lang='lat' dir='ltr'>contratam</span> <span class='ocrx_word' id='word_1_192' title='bbox 728 4163 1066 4242; x_wconf 74' lang='lat' dir='ltr'>Sabotanae</span> <span class='ocrx_word' id='word_1_193' title='bbox 1108 4169 1150 4240; x_wconf 87' lang='lat' dir='ltr'>et</span> <span class='ocrx_word' id='word_1_194' title='bbox 1178 4164 1355 4242; x_wconf 86' lang='lat' dir='ltr'>ducatos</span> <span class='ocrx_word' id='word_1_195' title='bbox 1385 4163 1446 4241; x_wconf 86' lang='lat'><strong>·11·</strong></span> 
     </span>
     <span class='ocr_line' id='line_1_31' title="bbox 354 4283 1444 4386; baseline 0.001 -26"><span class='ocrx_word' id='word_1_196' title='bbox 354 4283 467 4362; x_wconf 81' lang='lat' dir='ltr'>mille</span> <span class='ocrx_word' id='word_1_197' title='bbox 496 4284 536 4360; x_wconf 92' lang='lat' dir='ltr'>in</span> <span class='ocrx_word' id='word_1_198' title='bbox 566 4307 675 4360; x_wconf 86' lang='lat' dir='ltr'>anuo</span> <span class='ocrx_word' id='word_1_199' title='bbox 705 4285 758 4360; x_wconf 87' lang='lat' dir='ltr'>de</span> <span class='ocrx_word' id='word_1_200' title='bbox 787 4283 1026 4362; x_wconf 78' lang='lat' dir='ltr'>introitibus</span> <span class='ocrx_word' id='word_1_201' title='bbox 1055 4283 1309 4377; x_wconf 67' lang='lat' dir='ltr'>scrutari,</span> <span class='ocrx_word' id='word_1_202' title='bbox 1338 4308 1444 4386; x_wconf 88' lang='lat' dir='ltr'>quac</span> 
     </span>
     <span class='ocr_line' id='line_1_32' title="bbox 351 4403 1442 4510; baseline 0.004 -30"><span class='ocrx_word' id='word_1_203' title='bbox 351 4427 434 4509; x_wconf 85' lang='lat' dir='ltr'>pax</span> <span class='ocrx_word' id='word_1_204' title='bbox 475 4403 660 4484; x_wconf 84' lang='lat' dir='ltr'>debehat</span> <span class='ocrx_word' id='word_1_205' title='bbox 698 4429 835 4508; x_wconf 89' lang='lat' dir='ltr'>usque</span> <span class='ocrx_word' id='word_1_206' title='bbox 865 4411 913 4484; x_wconf 80' lang='lat'>15</span> <span class='ocrx_word' id='word_1_207' title='bbox 951 4405 1038 4483; x_wconf 85' lang='lat' dir='ltr'>dies</span> <span class='ocrx_word' id='word_1_208' title='bbox 1079 4411 1179 4485; x_wconf 81' lang='lat' dir='ltr'>une</span> <span class='ocrx_word' id='word_1_209' title='bbox 1219 4407 1442 4510; x_wconf 84' lang='lat' dir='ltr'>proximos</span> 
     </span>
    </p>
   </div>
   <div class='ocr_carea' id='block_1_7' title="bbox 0 0 1598 5112">
    <p class='ocr_par' dir='ltr' id='par_1_11' title="bbox 0 0 1598 5112">
     <span class='ocr_line' id='line_1_33' title="bbox 0 0 1598 5112; baseline 0 0"><span class='ocrx_word' id='word_1_210' title='bbox 0 0 1598 5112; x_wconf 95' lang='lat' dir='ltr'> </span> 
     </span>
    </p>
   </div>
  </div>
 </body>
</html>
