3212 5116
1079 329 1270 446 ’mr'

180 577 244 631 em
274 555 477 635 addantur
514 555 552 632 in
582 553 857 632 comissiones
898 553 1076 632 eliorum
1119 553 1269 655 cupite·

185 701 370 754 neorum
412 675 516 754 Cutfi
560 676 819 764 futurorum,
847 699 952 775 quae
992 671 1180 753 similiter
1208 677 1273 752 de·

179 795 306 875 beant
334 796 579 875 observare.

257 899 555 996 ³Ambexatori
583 921 722 992 utitem
750 915 905 993 domini
947 917 1111 1014 regis
1150 917 1270 992 Ras-

180 1037 302 1116 eiue
333 1044 376 1114 ut
404 1035 806 1116 Caterinorum
837 1035 1145 1138 respondeatur
1174 1061 1268 1114 cum

179 1161 261 1237 iilis
287 1161 447 1264 puteris
475 1158 629 1246 verbis,
654 1183 762 1260 quae
791 1154 977 1235 dominio
1006 1157 1272 1247 videbuntur,

182 1279 295 1382 quod
331 1282 582 1359 intendimus
623 1279 791 1360 mittere
833 1281 1149 1358 ambuxetorem
1177 1304 1269 1358 nos·

182 1411 293 1478 trum
321 1427 402 1503 pro
430 1419 549 1504 pace·
568 1412 608 1479 et
638 1401 873 1480 concordio
912 1401 1128 1478 tractando
1157 1400 1267 1476 inter

181 1529 325 1624 partes
351 1521 606 1624 praedictas.

545 1641 639 1708 Misti
665 1642 725 1706 del
749 1641 889 1708 Senatu
914 1639 1075 1704 ΧΧΧΙΙΙ.
1102 1641 1155 1704 ch.
1177 1641 1230 1704 32.

261 1777 551 1876 CXXVIII.
583 1801 693 1873 1369.
725 1795 1194 1900 refleptemnris.

181 1941 404 1996 naeraanena
429 1954 672 1996 sanor-renen
697 1953 759 1994 uon
782 1955 845 1994 nna
868 1953 1106 2012 prosperorum
1131 1953 1273 2012 euunpr,

373 2043 497 2116 nauety
524 2043 637 2116 bypba
658 2045 825 2100 Ramnete
851 2059 868 2097 n
893 2043 1085 2116 Koropena.

287 2159 443 2262 Capta:
483 2159 605 2258 Quod
661 2158 922 2238 ambassator
959 2168 1104 2237 noster
1142 2158 1274 2236 iturus

183 2279 459 2358 Ceterum
500 2277 652 2357 hebeat
693 2279 929 2356 libertatem
969 2280 1010 2357 in
1050 2304 1148 2356 casu
1189 2304 1272 2380 quo

174 2427 267 2502 -pax
298 2401 667 2478 remaneetsolum
696 2426 774 2502 pro
802 2399 829 2476 J
840 2425 938 2476 ura
967 2401 1032 2478 de
1059 2399 1275 2490 Balsce,

184 2521 307 2600 dandi
351 2521 575 2600 terminum
616 2519 693 2600 XV
731 2521 892 2598 dierum
921 2523 986 2600 vet
1014 2523 1054 2600 in
1082 2523 1191 2600 infra
1220 2519 1272 2598 ei·

184 2643 279 2719 dem
307 2641 450 2730 durae,
480 2642 529 2754 ud
559 2641 865 2721 removendum
897 2647 938 2720 et
966 2642 1274 2720 disurmendum

185 2788 262 2841 suu
290 2765 466 2863 navigia.
1099 2775 1111 2784 “

288 2883 394 2962 Item
422 2885 461 2961 in
501 2909 599 2964 casu
653 2912 736 2987 quo
766 2911 848 2989 pax
885 2891 1100 2963 remaneat
1139 2885 1274 2962 solum

185 3030 265 3107 pro
295 3005 527 3094 Ceturinis,
555 3007 619 3084 vet
648 3002 761 3113 quod
802 3007 964 3085 nollent
1018 3006 1274 3084 condescen-

185 3129 290 3205 dere
320 3127 368 3204 ad
395 3136 516 3231 pecta
545 3128 642 3204 alias
669 3126 807 3205 habita
837 3152 931 3205 cum
960 3126 1071 3205 dicto
1099 3123 1203 3202 dure
1232 3133 1274 3204 et

186 3247 326 3326 dictus
354 3245 458 3324 dura
485 3248 615 3328 veltet
642 3257 684 3327 et
712 3256 825 3328 esset
854 3255 1076 3328 contentus
1115 3244 1274 3324 habere

188 3378 233 3447 et
262 3369 491 3448 observare
526 3370 616 3471 ipsa
643 3377 787 3470 pacta,
816 3368 930 3472 quod
970 3368 1100 3447 dictus
1141 3364 1277 3442 amba·

187 3497 314 3568 xutor
342 3489 454 3568 facto
482 3487 941 3592 superindeaequidquid
981 3489 1082 3565 boni
1108 3487 1277 3592 poterit,

185 3611 389 3688 Venetiae
429 3615 690 3702 revertatur,
719 3617 761 3687 et
787 3633 866 3711 pro
896 3609 979 3686 hoc
1020 3633 1103 3684 non
1131 3606 1278 3686 intelli·

190 3738 313 3831 gatur
341 3727 454 3830 quod
480 3751 562 3833 pax
591 3735 804 3808 remanent
831 3753 908 3831 pro
936 3728 1029 3829 ipso
1057 3725 1173 3804 dura.

292 3850 400 3929 Item
446 3849 577 3952 possit
618 3851 753 3930 dictus
794 3850 1039 3925 ambaxetor
1079 3848 1275 3952 accipere

192 3995 319 4049 unum
361 3969 634 4074 interpretem
675 3971 784 4048 ultra
824 3967 1020 4045 familiam
1055 3977 1097 4047 et
1125 3993 1276 4072 expen-

192 4118 258 4169 sus
286 4089 366 4168 sibi
393 4090 598 4170 limitatas.
1170 4079 1174 4092 ’

642 4189 736 4258 nnn
751 4193 781 4256 r.
799 4191 886 4258 sen.
909 4137 1085 4256 xxxrus
1103 4193 1158 4257 on.
1181 4191 1233 4255 ss.
