3206 5110
317 377 402 492 '⁰⁰6

335 587 413 666 tari
455 587 507 669 ad
546 583 679 665 dictae
708 585 899 664 civitates
927 590 970 662 et
1012 586 1129 678 ioca,
1156 611 1231 666 seu
1259 587 1436 692 aliquam

335 708 518 810 ipsarum
547 705 687 806 aliqua
718 703 862 797 ruodo,
888 707 955 784 rei
983 705 1166 808 ingenio,
1193 709 1268 788 sed
1298 707 1438 810 prohi-

336 827 495 907 bebunt
523 847 616 906 eum
645 825 815 904 effectu.
857 824 908 904 Et
938 828 1052 926 quod
1081 827 1232 928 aliquis
1258 829 1313 906 de
1340 827 1439 905 Tra·

334 948 448 1048 gurii
474 972 558 1024 uon
595 947 798 1038 adducet,
835 969 919 1024 nec
945 945 1133 1050 portabit
1159 939 1240 1052 pe'r
1266 973 1336 1035 se,
1369 954 1440 1026 aut

335 1068 458 1146 alium
496 1066 549 1145 de
575 1066 908 1147 mercationibus
943 1073 1011 1144 aut
1038 1067 1127 1148 aiiis
1162 1067 1289 1150 rebus
1314 1067 1438 1146 dieta·

335 1211 425 1264 rum
454 1191 692 1270 terrarum,
730 1192 774 1266 et
802 1183 1027 1282 cujuslibet
1054 1189 1235 1287 ipsarum
1264 1187 1313 1266 ad
1344 1188 1437 1268 ciri·

334 1315 461 1385 tatem
490 1307 685 1400 venetie,
712 1309 777 1386 vel
809 1309 1171 1408 aiiquumterram
1202 1297 1436 1390 subiectam

333 1426 520 1506 duminio
552 1426 839 1507 venetiarum.
874 1427 926 1506 Et
960 1428 995 1503 ai
1024 1427 1173 1529 aliquis
1200 1431 1254 1508 de
1280 1429 1438 1526 'l'ragu-

335 1546 412 1632 ric,
442 1555 483 1626 ct
510 1546 703 1628 districtu
732 1552 786 1624 et.
815 1556 896 1626 cet.

904 1647 1185 1718 Corueuroriaie
1213 1650 1239 1714 1.
1264 1649 1319 1716 eh.
1347 1654 1396 1715 19.

335 1729 679 1831 nxhvaaca.
708 1757 757 1829 ιο
797 1751 1147 1840 remuniri,
1178 1751 1320 1830 incra.
1350 1751 1438 1827 vu.

468 1877 586 1932 fluento
611 1891 712 1949 aueay
736 1875 1004 1951 liydpocaurour,
1029 1875 1152 1952 Auapiu
1188 1875 1304 1950 3uary.

511 1971 682 2052 Andree
712 1975 855 2055 [lauro
886 1975 1030 2054 comiti
1071 1975 1255 2075 Rugusii.

436 2089 542 2173 Cum
582 2093 813 2173 discretum
854 2095 989 2173 virum
1029 2093 1220 2175 Marcum
1255 2094 1438 2192 {stregu

337 2221 560 2316 patronum
590 2215 804 2318 presentis
830 2215 949 2313 galee
964 2239 1042 2317 pro
1058 2211 1309 2316 accipiendo
1326 2213 1436 2288 bom·
1556 2215 1563 2221 ’

334 2333 474 2412 bicem
502 2339 746 2410 nostrorum
776 2331 975 2426 fidelium,
1005 2333 1074 2434 qui
1103 2333 1157 2410 de
1186 2330 1439 2432 galeis‚qua·

334 2479 426 2531 rum
455 2462 548 2531 erat
589 2451 833 2558 capitaneus
863 2451 1017 2531 nobilis
1058 2451 1121 2528 vir
1148 2449 1303 2528 Petrus
1332 2449 1422 2528 con

335 2585 485 2653 tareno
502 2571 723 2673 Ragusium
753 2579 1060 2669 remanserunt,
1089 2573 1187 2652 iiiuc
1214 2571 1439 2675 presentia·

334 2697 431 2774 iiter
458 2696 812 2782 transmittamuS‚
852 2695 1076 2796 prudentie
1117 2703 1260 2771 vestre
1297 2689 1438 2770 scribi·

335 2841 426 2891 mus
454 2837 535 2917 per
561 2843 654 2905 nou,
681 2823 723 2896 et
750 2827 940 2896 nostrum
980 2815 1226 2908 consitium,
1261 2813 1439 2916 precipi-

335 2935 446 3014 endo
476 2939 747 3030 mandantes,
776 2947 982 3039 (auretenus
1011 2937 1167 3015 dictum
1197 2931 1439 3014 bombiceru

334 3054 470 3136 eidem
512 3059 661 3148 Marco
704 3059 803 3136 dare
843 3059 1034 3136 debeatis
1078 3055 1291 3136 venecias
1327 3057 1439 3134 deie-

334 3180 520 3258 rendum.

438 3303 588 3380 Datum
630 3299 848 3378 innostro
878 3297 1016 3378 drrcaii
1051 3297 1216 3402 palacio
1246 3297 1442 3376 Venetia·

337 3447 427 3500 rum
469 3423 547 3499 sub
590 3419 657 3498 die
701 3427 749 3499 19
789 3419 1007 3500 Februarii
1050 3427 1162 3500 1308.
1207 3420 1441 3498 indictione

335 3541 528 3644 septima,
638 3539 711 3604 Lib.
736 3539 885 3606 litterar.
911 3547 1046 3605 secret.
1072 3537 1239 3623 collegii.
1264 3537 1317 3601 rh.
1342 3539 1394 3600 25.

697 3708 945 3808 cxcvi.
973 3735 1089 3810 raca.

617 3858 732 3914 [laeuo
756 3869 857 3928 uueay
881 3855 1159 3929 dyduocaarcur..

703 3933 858 4014 Comiti
889 3933 1067 4034 Ragusii.

436 4071 591 4157 Habito
634 4099 713 4177 per
749 4073 892 4154 literae
921 4069 1076 4152 nobilis
1104 4069 1185 4148 viri
1214 4072 1260 4148 S.
1289 4069 1441 4150 Marini
1579 4175 1580 4182 Ν

334 4195 555 4294 Basegrio,
592 4221 643 4274 ac
671 4198 763 4295 ejus
791 4190 1068 4295 precesserat,
1094 4189 1280 4292 qualiter
1307 4187 1440 4268 inomi-
