3154 5102
218 491 434 597 iitprimo
464 494 515 574 ad
542 492 721 595 primum
746 491 971 592 oapttnlurn
999 494 1053 572 de
1080 488 1176 574 nn.
1205 501 1311 574 cent.
1392 575 1397 586 ,

221 609 431 716 equitibus
453 620 495 688 et
523 609 607 697 CC,
632 609 840 712 peditibus
867 619 910 688 et
936 619 1016 690 cet.
1044 610 1315 718 Respondes,

220 732 431 834 tunquod
458 733 586 808 simus
614 731 802 809 contenti
833 731 934 809 dare
962 732 1002 808 ei
1033 732 1115 810 CC.
1146 736 1310 836 equites

221 853 349 933 et-C.
385 852 570 954 pedites,
612 852 843 930 seeundum
886 852 998 954 quod
1038 854 1138 932 alius
1175 855 1307 958 requi·

219 976 313 1054 sivit
339 980 383 1050 et
409 978 632 1052 contentus
660 971 747 1060 tuit3
776 995 870 1048 oum
900 971 1051 1074 quibus
1079 974 1228 1054 debeat
1255 976 1310 1054 fa·

221 1120 320 1175 cere
357 1103 399 1172 et
437 1115 671 1197 procurare
712 1093 920 1172 honorem
960 1105 1151 1174 nostrum
1180 1105 1222 1177 et
1248 1121 1308 1175 su·

220 1241 303 1304 um,
332 1239 424 1294 cum
463 1215 716 1302 conditione,
745 1215 855 1316 quod
895 1216 1103 1318 possimus
1131 1215 1183 1294 de
1211 1211 1310 1320 ipsis

221 1336 415 1440 gentibus
444 1343 485 1414 et
513 1342 633 1435 porte
661 1334 842 1439 ipsarum
864 1319 1081 1414 'ordinare
1110 1343 1153 1414 et
1180 1337 1312 1439 dispo·

221 1481 323 1538 nere
351 1465 394 1536 et
420 1457 661 1558 precipere,
691 1455 799 1534 siout
827 1455 990 1558 quando
1021 1465 1063 1536 et
1090 1457 1161 1536 ubi
1188 1457 1312 1538 nobis

221 1579 429 1658 videbitur
455 1602 534 1680 pro
563 1575 675 1654 bono
703 1575 882 1655 unionis.

305 1737 367 1817 Ad
384 1733 614 1815 seeundum
631 1735 867 1836 capitulum,
881 1761 958 1841 per
973 1737 1085 1838 quod
1101 1737 1206 1840 petit
1219 1761 1311 1841 pro·

221 1857 426 1936 visionem
442 1865 484 1934 et
511 1864 591 1936 oet.
619 1856 947 1962 Respondentur:
976 1855 1133 1959 quodsi
1176 1859 1311 1936 eveni-

222 1985 311 2072 ret,
340 1979 450 2081 quod
494 2002 689 2055 comes
732 1977 1061 2077 Gregorius
1104 1978 1313 2056 amitteret

195 2123 354 2196 esuum,
385 2097 525 2174 taliter
553 2099 666 2200 quod
698 2121 778 2174 non
806 2095 984 2176 haberet
1022 2097 1130 2174 unde
1157 2097 1313 2188 vivere,

222 2217 453 2296 dominatio
483 2225 628 2296 nostra
656 2213 909 2321 providebit,
936 2221 981 2293 ut
1007 2217 1085 2294 sibi
1122 2219 1312 2296 conveni·

224 2365 297 2420 ens
340 2339 567 2443 apparebit.
622 2339 674 2416 ut
702 2337 738 2414 si
766 2339 849 2416 uilo
878 2347 1071 2444 tempore
1100 2345 1315 2419 contracta

148 2451 150 2460 ’
223 2455 498 2562 perderetur,
553 2467 595 2537 et
654 2459 918 2560 postmodum
989 2469 1314 2565 recuperaretur

223 2601 301 2682 per
328 2603 428 2668 nos,
463 2579 616 2658 erimus
655 2578 734 2656 sibi
775 2579 1029 2659 fauorabites
1059 2592 1101 2657 et
1128 2579 1310 2682 gratiosi,

223 2705 269 2776 ut
307 2701 398 2803 ipse
441 2709 482 2778 et
533 2699 594 2776 sui
651 2707 906 2804 recuperare
961 2699 1146 2789 valeant,
1199 2701 1312 2803 quod

224 2827 289 2898 est
315 2845 446 2899 suum.
601 2892 603 2898 ,

325 2977 389 3058 Ad
417 2977 583 3054 tertium
625 2954 873 3079 capitutum,
900 2977 933 3055 si
971 2983 1106 3054 eastra
1145 3001 1222 3082 per
1250 2979 1315 3055 de·

224 3099 494 3176 sentationem
536 3101 802 3183 contractae,
840 3099 907 3174 vel
942 3097 1122 3176 deffectu
1163 3095 1315 3189 victua·

226 3219 322 3296 tium
353 3225 421 3296 aut
448 3217 664 3296 hominum
693 3220 829 3296 teneri
855 3243 937 3296 non
963 3225 1136 3322 possent
1164 3233 1207 3296 et
1235 3225 1315 3298 cet.

226 3339 555 3444 Respondentur:
585 3338 698 3440 quod
726 3364 818 3415 oum
848 3339 1114 3417 diotusoasus
1142 3363 1314 3418 occure·

225 3467 303 3560 ret,
333 3459 644 3562 providebimus
671 3468 817 3538 nostro
847 3483 997 3564 posse,
1027 3459 1136 3562 quod
1163 3461 1315 3538 victua·

227 3583 280 3660 iia
307 3580 488 3659 habeant
513 3604 592 3681 pro
609 3580 785 3684 pecunia
802 3585 843 3656 et
870 3605 1035 3658 omnem
1063 3581 1248 3657 favorem
1274 3587 1316 3658 et

228 3701 447 3782 eonsilium
486 3699 758 3779 libentissime
802 3701 1114 3804 impendemus,
1156 3705 1200 3776 ut
1226 3701 1314 3803 ipsn

228 3829 362 3900 eastra
390 3823 631 3900 conservari
659 3821 831 3925 possint.

328 3976 390 4056 Ad
409 3982 624 4077 quartum,
652 3977 686 4053 si
714 3976 870 4056 inimici
899 3976 1143 4054 obsiderent
1180 3979 1313 4052 oestro

229 4122 300 4176 sua
330 4103 371 4175 et
398 4103 480 4176 cet.
534 4095 875 4202 despondeatur:
903 4099 1015 4200 quod
1044 4095 1083 4173 in
1111 4095 1194 4172 boc
1222 4117 1321 4197 pro.
