3220 5118
333 353 379 420 et

421 535 709 644 CCGXW.
741 560 851 636 roeo.
879 563 919 636 c.
942 554 1345 662 septembris.-

211 817 214 826 .
248 753 251 762 ¹
337 771 553 826 Hacronrendr
584 787 620 826 aa
644 785 804 826 renerent
837 767 969 842 Kynos,
1003 786 1022 825 o
1045 785 1245 842 nocrynamo
1280 786 1433 846 nporm

337 873 459 930 Brimo
484 889 503 926 n
527 867 628 938 licie,
654 891 672 928 n
695 887 715 926 o
737 887 926 944 peronnae,
947 859 1038 944 horn
1062 887 1166 929 nonne
1191 872 1239 930 ou
1264 891 1302 930 ce
1326 889 1429 930 floreo

542 989 712 1048 nornpnrn
736 991 779 1030 or,
802 976 980 1032 Barnous.
1016 969 1231 1056 (Cspnteuo.)

443 1130 765 1259 Respondentur
819 1159 1041 1260 capitaneo
1083 1166 1231 1237 nostro
1273 1157 1435 1261 Cuiphi:

341 1279 625 1356 intelleximus
678 1281 873 1382 praticas
917 1303 994 1380 per
1034 1305 1111 1358 vos
1151 1287 1195 1358 et
1235 1280 1434 1359 comitem

342 1398 586 1476 Scutori
613 1397 775 1481 habites
805 1423 900 1476 cum
929 1398 1008 1476 iilis
1037 1400 1217 1479 dominis
1244 1401 1297 1478 de
1326 1399 1435 1488 inde,

342 1519 412 1622 qui
442 1519 633 1596 videntur
660 1543 756 1598 esse
784 1519 993 1623 dispositi,
1020 1519 1129 1614 velle
1156 1521 1320 1598 servire
1348 1544 1436 1596 nos·

343 1649 408 1716 tro
438 1639 625 1717 dominio
657 1648 845 1720 contre
887 1639 1120 1730 Belsem
1156 1640 1435 1724 eteniam,
1559 1667 1561 1675 ’

343 1785 521 1863 quorum
550 1764 678 1868 aliqui
705 1763 786 1840 iam
813 1769 910 1838 sunt
950 1761 1223 1851 concordati,
1264 1785 1434 1868 respon·

342 1883 488 1960 demus
519 1939 758 1961 .......
786 1882 933 1963 damus
961 1881 1081 1961 vobis
1110 1883 1349 1962 libertatem
1377 1882 1433 1960 di·

342 2002 488 2081 videre
516 2005 625 2083 inter
654 2004 760 2082 istos
788 2003 998 2101 dominos,
1027 2005 1246 2107 speciatim
1274 2003 1303 2080 J
1316 2028 1436 2082 uen-
1525 2105 1532 2114 ,

344 2147 464 2200 nem
495 2121 810 2216 Castrioti‚
838 2126 949 2202 itiam
978 2123 1279 2226 provisionem,
1314 2147 1436 2226 quam

344 2244 544 2320 dabamus
571 2244 782 2321 annuatim
797 2245 960 2334 Balsae3
986 2299 997 2322 .
1027 2299 1037 2320 .
1063 2271 1077 2320 ¹.
1107 2304 1114 2318 .
1143 2247 1178 2322 si
1206 2267 1311 2323 vcro
1325 2243 1437 2322 vide·

344 2363 435 2438 ritis
471 2365 755 2442 necessarium
785 2366 878 2444 fore
904 2365 1051 2442 venire
1079 2368 1130 2442 ad
1158 2389 1305 2466 pacem
1344 2388 1435 2442 cum

343 2483 495 2580 Balsa,
538 2485 800 2565 declaramus
828 2487 951 2566 vobis
984 2495 1156 2566 nostrae
1198 2485 1438 2564 intentionis

344 2603 526 2689 esse‚.si
552 2603 755 2704 possibile
785 2613 871 2700 est,
900 2605 1045 2684 videre
1073 2605 1246 2684 totalem
1275 2603 1435 2682 ruinam

344 2728 387 2798 et
412 2723 748 2818 destructionem
775 2725 950 2812 Boisac3
993 2779 1237 2806 .......
1272 2723 1436 2824 quando

344 2850 484 2921 cutem
511 2843 807 2934 iudicaveritis,
836 2845 979 2925 utilius
996 2845 1089 2923 iore
1105 2846 1155 2922 ad
1172 2869 1322 2948 pacem
1348 2868 1440 2925 con·

344 2963 606 3042 descendere
636 2965 906 3071 comitatos,
949 2965 1095 3044 damus
1124 2963 1245 3041 vobis
1274 2963 1438 3042 liberte·

345 3094 427 3163 tem
456 3077 506 3164 ad
536 3086 632 3177 hoc,
661 3110 755 3162 cum
783 3087 864 3164 hac
893 3085 1050 3170 forma:
1078 3083 1298 3173 videlicet,
1327 3083 1438 3186 quod

348 3203 540 3283 restituat
567 3214 714 3284 nostro
743 3207 930 3284 dominio
961 3207 1173 3284 civitatem
1211 3201 1443 3282 Drivasti

347 3351 443 3404 cnm
471 3325 733 3427 pertinentiis
759 3327 846 3404 suis
876 3335 919 3404 et
946 3325 1053 3402 iliud
1092 3323 1204 3428 quod
1234 3331 1350 3402 tenet
1378 3349 1442 3401 co-

272 3538 274 3544 r
349 3449 517 3526 miratus
547 3445 658 3524 Sco
675 3457 690 3524 t
705 3471 727 3522 a
743 3473 764 3524 r
781 3448 807 3532 i,
837 3456 879 3526 et
907 3447 1020 3548 quod
1048 3452 1267 3524 remanent
1294 3448 1441 3524 nostro

347 3567 533 3647 dominio
584 3573 843 3656 castrum
884 3565 1041 3644 Bude
1085 3591 1181 3644 cum
1221 3563 1363 3641 salinis
1405 3567 1444 3640 et

349 3695 542 3766 contrata
570 3687 800 3776 nostine,
828 3699 871 3765 et
898 3686 1132 3788 quodcum
1160 3691 1275 3762 terro
1302 3693 1443 3762 nostro
1569 3719 1570 3760 t

350 3806 553 3886 Catari
595 3816 637 3886 et
666 3807 872 3887 Cetarinis
908 3805 1023 3887 notio
1051 3804 1181 3884 modo
1221 3802 1374 3883 debeat
1401 3829 1442 3880 se
1569 3835 1570 3844 ἰ

349 3933 568 4036 impedire,
597 3957 677 4010 nec
705 3933 856 4010 abillis
885 3927 1037 4028 aliquid
1067 3935 1231 4032 petere.
1261 3933 1304 4003 et
1333 3925 1441 4027 quod

352 4053 505 4132 nuttam
535 4054 822 4156 provisionem
851 4048 1006 4126 hebent
1033 4055 1221 4125 anostro
1248 4045 1441 4122 dominio.

352 4219 396 4230 -
441 4173 484 4249 Si
525 4195 628 4252 vero
668 4171 841 4249 Balsa
894 4169 983 4246 sine
1029 4167 1273 4272 provisione
1315 4165 1442 4243 nollet
