3186 5112
1185 407 1250 472 487

153 609 342 688 maximo
383 609 536 691 alamno
574 607 770 698 Scutari,
813 610 903 714 ipae
940 613 1157 692 existente
1198 609 1251 688 (ie

152 731 301 819 Baium
329 731 598 810 recordando
630 729 731 816 tibi,
760 731 877 832 quod
904 756 983 834 per
1008 734 1129 810 iatam
1157 755 1247 810 rem

6 879 9 902 ·
154 853 300 942 solam,
328 851 411 930 nou
441 853 646 928 vellemus
672 859 914 954 propterea,
942 853 1058 955 quod
1081 877 1165 956 pax
1181 853 1244 930 de·

152 973 332 1052 sisteret.
383 972 437 1051 ut
463 974 602 1052 dando
626 972 883 1052 antivarum
910 981 955 1051 ut
983 975 1138 1077 dictum
1167 981 1244 1069 est,

152 1105 341 1198 procura
367 1094 420 1172 de
449 1092 644 1172 iaciendo
673 1093 760 1180 sic,
797 1094 910 1194 quod
938 1117 1023 1171 non
1066 1093 1140 1170 des
1166 1093 1272 1203 sibi

150 1213 334 1315 aliquem
375 1213 622 1300 denarium,
662 1213 773 1290 sicut
801 1211 1043 1292 continetur
1069 1215 1109 1291 in
1139 1235 1243 1316 pace

6 1319 7 1356 ²
153 1335 260 1416 lacta
287 1359 368 1437 per
395 1333 652 1437 provisores.

256 1523 301 1602 Si
329 1530 469 1603 autem
496 1550 579 1604 non
609 1527 723 1604 iuret
764 1528 918 1606 modus
945 1528 997 1603 de
1030 1487 1242 1627 poescndo

6 1673 7 1744 Γ
153 1645 409 1726 concordari
452 1669 545 1723 cunr
587 1645 711 1752 Ralsa
739 1669 818 1749 per
857 1643 1009 1722 modos
1051 1642 1244 1743 superius

151 1766 318 1864 dictos,
359 1763 434 1843 sed
464 1768 577 1870 quod
605 1791 687 1875 pur
726 1768 855 1844 vellet
895 1765 1242 1844 Antivarum

151 1889 301 1974 libere,
317 1897 358 1966 et
373 1912 457 1966 non
486 1887 584 1964 dare
602 1885 783 1978 obsides,
797 1913 891 1968 nam
916 1885 1060 1965 avisari
1086 1910 1243 1972 sumus,

151 2008 265 2110 quod
294 2007 335 2083 in
364 2031 417 2084 eo
449 2029 548 2084 casu
575 2009 667 2110 ipse
695 2031 778 2083 non
809 2005 1021 2092 obtinebit
1061 2007 1241 2106 aliquam

6 2133 7 2158 ¹
150 2151 312 2230 paoem,
337 2129 379 2202 ct
405 2125 653 2230 procurabit
681 2127 877 2230 aquirere
906 2127 1120 2233 residuum
1149 2149 1241 2200 nos·

6 2317 7 2320 a
150 2257 316 2326 trorum
358 2245 580 2334 locorum,
606 2255 665 2324 'et
694 2245 968 2348 cognoscitur
1010 2246 1242 2334 evidenter,

149 2364 264 2467 quod
292 2365 404 2442 iuret
431 2363 510 2442 sibi
537 2365 670 2466 magis
700 2365 806 2443 abile
836 2370 886 2444 ad
931 2367 1240 2466 guerizandum

148 2485 330 2564 habente
358 2485 451 2586 ipso
480 2511 601 2564 unam
629 2494 798 2576 terram,
827 2513 950 2590 quam
978 2513 1062 2566 nou
1090 2487 1241 2563 baben·

147 2615 189 2684 tc
219 2607 425 2710 aliquam,
466 2607 656 2687 volumus
697 2609 812 2710 quod
857 2605 968 2686 iacta
995 2632 1073 2710 per
1098 2616 1140 2684 te
1170 2608 1240 2684 illa

6 2743 8 2820 g
147 2729 329 2807 honesta
354 2731 642 2817 *excruciatione
666 2751 778 2842 quae
805 2730 880 2808 tibi
909 2726 1139 2818 ridebitur,
1168 2727 1239 2802 do·

146 2849 263 2928 mino
306 2847 935 2952 dveapotoetdominac
977 2850 1240 2927 Maraeet

147 2970 240 3048 aliia
256 2967 459 3057 dominis,
489 2970 559 3070 qui
576 2968 651 3046 tibi
678 2969 944 3066 videbuntur,
974 2977 1017 3046 et
1038 2969 1238 3068 justifica·

69 3151 74 3168 ,
146 3087 198 3164 tis
226 3085 381 3166 nostris
402 3085 590 3184 juribus,
618 3089 799 3190 qualiter
826 3113 906 3192 per
933 3113 1013 3165 noe
1040 3113 1125 3168 nou
1153 3087 1235 3165 dei·

6 3211 8 3300 g
143 3209 353 3294 iecitnec
366 3207 528 3286 defficit
543 3208 593 3286 ad
608 3211 833 3290 volendum
861 3211 1121 3314 Balsampro
1148 3209 1237 3286 filio

145 3335 321 3418 nostru,
363 3337 540 3430 accepto
579 3334 629 3409 ab
662 3329 740 3406 illis
782 3327 990 3408 amicabili
1030 3335 1236 3413 comeatu.

6 3499 7 3504 Ν
145 3449 304 3527 debeas
331 3447 474 3563 redire
503 3450 553 3527 ad
582 3452 769 3550 regimen
799 3458 913 3544 tuum
943 3446 1170 3528 Scirtari.

246 3621 299 3701 Iit
326 3623 421 3724 quia
448 3647 533 3701 non
562 3623 660 3702 iacit
686 3644 766 3727 pro
795 3621 916 3700 nobis
953 3623 1004 3699 ad
1043 3621 1235 3699 standum

143 3744 378 3844 inguerra,
405 3761 485 3820 nec
513 3743 636 3821 etiam
664 3745 705 3821 in
734 3745 941 3846 expensis,
968 3765 1113 3818 sumus
1141 3765 1235 3819 con·

143 3863 276 3951 tenti,
305 3863 486 3966 quodrin
517 3887 615 3942 casu
645 3887 730 3966 quo
758 3887 841 3940 non
869 3861 1232 3941 moveaturnovi·

145 3991 207 4060 tae
233 4007 313 4085 per
339 3983 546 4062 Balaam
576 3986 625 4062 ad
643 3985 825 4086 aliquem
850 3985 1043 4062 locorum
1071 3987 1234 4059 nostr-oc

144 4127 262 4198 rum,
304 4111 348 4182 tu
375 4104 615 4183 dissimulet
658 4129 754 4183 cum
791 4105 885 4208 ipso
923 4127 1043 4206 quam
1086 4101 1234 4212 melius

144 4229 281 4326 poten,
314 4231 357 4302 et
383 4249 567 4329 procura
594 4231 688 4306 toto
716 4249 845 4331 ponae
874 4237 960 4315 tuo,
991 4225 1105 4326 quod
1135 4223 1233 4300 liant

143 4345 412 4426 sufferentiae
438 4349 739 4452 intermittas,
777 4357 819 4430 et
848 4348 961 4452 quod
991 4347 1159 4428 interim
1187 4350 1229 4424 tu

554 4501 556 4506 -
966 4470 1028 4534 27⁴*
