<?xml version="1.0" encoding="UTF-8"?>
<!DOCTYPE html PUBLIC "-//W3C//DTD XHTML 1.0 Transitional//EN"
    "http://www.w3.org/TR/xhtml1/DTD/xhtml1-transitional.dtd">
<html xmlns="http://www.w3.org/1999/xhtml" xml:lang="en" lang="en">
 <head>
  <title>
</title>
<meta http-equiv="Content-Type" content="text/html;charset=utf-8" />
  <meta name='ocr-system' content='tesseract 3.04.00' />
  <meta name='ocr-capabilities' content='ocr_page ocr_carea ocr_par ocr_line ocrx_word'/>
</head>
<body>
  <div class='ocr_page' id='page_1' title='image "./actaarchivivene00sergoog_0352.png"; bbox 0 0 3228 5108; ppageno 0'>
   <div class='ocr_carea' id='block_1_1' title="bbox 350 396 416 462">
    <p class='ocr_par' dir='ltr' id='par_1_1' title="bbox 350 396 416 462">
     <span class='ocr_line' id='line_1_1' title="bbox 350 396 416 462; baseline 0 0"><span class='ocrx_word' id='word_1_1' title='bbox 350 396 416 462; x_wconf 61' lang='grc' dir='ltr'>Μ</span> 
     </span>
    </p>
   </div>
   <div class='ocr_carea' id='block_1_2' title="bbox 348 594 1439 1182">
    <p class='ocr_par' dir='ltr' id='par_1_2' title="bbox 348 594 1439 1182">
     <span class='ocr_line' id='line_1_2' title="bbox 352 594 1439 703; baseline -0.005 -27"><span class='ocrx_word' id='word_1_2' title='bbox 352 609 394 678; x_wconf 90' lang='lat' dir='ltr'><strong>et</strong></span> <span class='ocrx_word' id='word_1_3' title='bbox 419 597 643 703; x_wconf 88' lang='lat' dir='ltr'><strong>procurari</strong></span> <span class='ocrx_word' id='word_1_4' title='bbox 672 594 785 674; x_wconf 88' lang='lat' dir='ltr'><strong>omni</strong></span> <span class='ocrx_word' id='word_1_5' title='bbox 826 595 979 674; x_wconf 75' lang='lat' dir='ltr'><strong>ellectu</strong></span> <span class='ocrx_word' id='word_1_6' title='bbox 1007 601 1049 671; x_wconf 87' lang='lat' dir='ltr'><strong>et</strong></span> <span class='ocrx_word' id='word_1_7' title='bbox 1075 595 1439 698; x_wconf 85' lang='lat' dir='ltr'><strong>plenitudinevo·</strong></span> 
     </span>
     <span class='ocr_line' id='line_1_3' title="bbox 351 717 1437 820; baseline -0.004 -22"><span class='ocrx_word' id='word_1_8' title='bbox 351 723 484 799; x_wconf 89' lang='lat' dir='ltr'><strong>tumus</strong></span> <span class='ocrx_word' id='word_1_9' title='bbox 513 734 555 798; x_wconf 88' lang='lat' dir='ltr'><strong>et</strong></span> <span class='ocrx_word' id='word_1_10' title='bbox 582 717 773 801; x_wconf 85' lang='lat' dir='ltr'><strong>tractari,</strong></span> <span class='ocrx_word' id='word_1_11' title='bbox 802 721 936 820; x_wconf 89' lang='lat' dir='ltr'><strong>ipsum</strong></span> <span class='ocrx_word' id='word_1_12' title='bbox 976 720 1141 796; x_wconf 86' lang='lat' dir='ltr'><strong>sincere</strong></span> <span class='ocrx_word' id='word_1_13' title='bbox 1182 719 1437 795; x_wconf 84' lang='lat' dir='ltr'><strong>benevolen-</strong></span> 
     </span>
     <span class='ocr_line' id='line_1_4' title="bbox 348 827 1437 942; baseline -0.008 -21"><span class='ocrx_word' id='word_1_14' title='bbox 348 844 430 922; x_wconf 83' lang='lat' dir='ltr'><strong>tiae</strong></span> <span class='ocrx_word' id='word_1_15' title='bbox 460 827 641 935; x_wconf 84' lang='lat' dir='ltr'><strong>brachiis</strong></span> <span class='ocrx_word' id='word_1_16' title='bbox 669 840 957 942; x_wconf 73' lang='lat' dir='ltr'><strong>amplexantes</strong></span> <span class='ocrx_word' id='word_1_17' title='bbox 987 845 1029 916; x_wconf 91' lang='lat' dir='ltr'><strong>et</strong></span> <span class='ocrx_word' id='word_1_18' title='bbox 1056 838 1234 918; x_wconf 85' lang='lat' dir='ltr'><strong>tirmiter</strong></span> <span class='ocrx_word' id='word_1_19' title='bbox 1260 847 1437 917; x_wconf 86' lang='lat' dir='ltr'><strong>statuen-</strong></span> 
     </span>
     <span class='ocr_line' id='line_1_5' title="bbox 348 952 1435 1063; baseline -0.006 -24"><span class='ocrx_word' id='word_1_20' title='bbox 348 973 438 1053; x_wconf 83' lang='lat' dir='ltr'><strong>tes,</strong></span> <span class='ocrx_word' id='word_1_21' title='bbox 487 964 602 1063; x_wconf 89' lang='lat' dir='ltr'><strong>quod</strong></span> <span class='ocrx_word' id='word_1_22' title='bbox 642 961 814 1058; x_wconf 75' lang='lat' dir='ltr'><strong>singulis</strong></span> <span class='ocrx_word' id='word_1_23' title='bbox 857 952 1147 1058; x_wconf 86' lang='lat' dir='ltr'><strong>libertatibus,</strong></span> <span class='ocrx_word' id='word_1_24' title='bbox 1204 959 1435 1052; x_wconf 84' lang='lat' dir='ltr'><strong>beneflciis,</strong></span> 
     </span>
     <span class='ocr_line' id='line_1_6' title="bbox 349 1079 1437 1182; baseline -0.006 -22"><span class='ocrx_word' id='word_1_25' title='bbox 349 1083 634 1160; x_wconf 80' lang='lat' dir='ltr'><strong>imunitatibus</strong></span> <span class='ocrx_word' id='word_1_26' title='bbox 663 1090 705 1160; x_wconf 85' lang='lat' dir='ltr'><strong>et</strong></span> <span class='ocrx_word' id='word_1_27' title='bbox 732 1079 962 1158; x_wconf 72' lang='lat' dir='ltr'><strong>honoribus</strong></span> <span class='ocrx_word' id='word_1_28' title='bbox 990 1081 1325 1182; x_wconf 82' lang='lat' dir='ltr'><strong>quibuscunque,</strong></span> <span class='ocrx_word' id='word_1_29' title='bbox 1354 1081 1437 1180; x_wconf 89' lang='lat' dir='ltr'><strong>qui·</strong></span> 
     </span>
    </p>
   </div>
   <div class='ocr_carea' id='block_1_3' title="bbox 349 1199 1570 1280">
    <p class='ocr_par' dir='ltr' id='par_1_3' title="bbox 349 1199 1570 1280">
     <span class='ocr_line' id='line_1_7' title="bbox 349 1199 1570 1280; baseline -0.003 0"><span class='ocrx_word' id='word_1_30' title='bbox 349 1208 426 1280; x_wconf 87' lang='lat' dir='ltr'><strong>bns</strong></span> <span class='ocrx_word' id='word_1_31' title='bbox 472 1203 539 1280; x_wconf 85' lang='lat' dir='ltr'><strong>alii</strong></span> <span class='ocrx_word' id='word_1_32' title='bbox 580 1200 854 1280; x_wconf 76' lang='lat' dir='ltr'><strong>honorabiles</strong></span> <span class='ocrx_word' id='word_1_33' title='bbox 893 1199 1051 1278; x_wconf 84' lang='lat' dir='ltr'><strong>Veneti</strong></span> <span class='ocrx_word' id='word_1_34' title='bbox 1077 1208 1121 1278; x_wconf 88' lang='lat' dir='ltr'><strong>et</strong></span> <span class='ocrx_word' id='word_1_35' title='bbox 1148 1201 1263 1279; x_wconf 87' lang='lat' dir='ltr'><strong>cives</strong></span> <span class='ocrx_word' id='word_1_36' title='bbox 1304 1200 1435 1276; x_wconf 87' lang='lat' dir='ltr'><strong>nostri</strong></span> <span class='ocrx_word' id='word_1_37' title='bbox 1567 1237 1570 1244; x_wconf 47' lang='lat'><strong>⁴</strong></span> 
     </span>
    </p>
   </div>
   <div class='ocr_carea' id='block_1_4' title="bbox 345 1319 1436 2387">
    <p class='ocr_par' dir='ltr' id='par_1_4' title="bbox 345 1319 1436 2387">
     <span class='ocr_line' id='line_1_8' title="bbox 348 1319 1435 1420; baseline -0.005 -19"><span class='ocrx_word' id='word_1_38' title='bbox 348 1329 518 1401; x_wconf 87' lang='lat' dir='ltr'><strong>utuntur</strong></span> <span class='ocrx_word' id='word_1_39' title='bbox 561 1329 601 1399; x_wconf 88' lang='lat' dir='ltr'><strong>et</strong></span> <span class='ocrx_word' id='word_1_40' title='bbox 638 1321 841 1420; x_wconf 84' lang='lat' dir='ltr'><strong>gaudent,</strong></span> <span class='ocrx_word' id='word_1_41' title='bbox 883 1319 992 1396; x_wconf 88' lang='lat' dir='ltr'><strong>idem</strong></span> <span class='ocrx_word' id='word_1_42' title='bbox 1034 1319 1325 1398; x_wconf 88' lang='lat' dir='ltr'><strong>serenissimus</strong></span> <span class='ocrx_word' id='word_1_43' title='bbox 1365 1319 1435 1396; x_wconf 81' lang='lat' dir='ltr'><strong>do-</strong></span> 
     </span>
     <span class='ocr_line' id='line_1_9' title="bbox 347 1442 1435 1538; baseline -0.006 -16"><span class='ocrx_word' id='word_1_44' title='bbox 347 1444 481 1522; x_wconf 89' lang='lat' dir='ltr'><strong>minus</strong></span> <span class='ocrx_word' id='word_1_45' title='bbox 525 1468 600 1520; x_wconf 86' lang='lat' dir='ltr'><strong>rex</strong></span> <span class='ocrx_word' id='word_1_46' title='bbox 631 1443 670 1518; x_wconf 93' lang='lat' dir='ltr'><strong>in</strong></span> <span class='ocrx_word' id='word_1_47' title='bbox 712 1442 904 1518; x_wconf 86' lang='lat' dir='ltr'><strong>Venetiis</strong></span> <span class='ocrx_word' id='word_1_48' title='bbox 930 1447 972 1517; x_wconf 87' lang='lat' dir='ltr'><strong>et</strong></span> <span class='ocrx_word' id='word_1_49' title='bbox 1000 1446 1121 1519; x_wconf 84' lang='lat' dir='ltr'><strong>extra</strong></span> <span class='ocrx_word' id='word_1_50' title='bbox 1165 1442 1300 1519; x_wconf 92' lang='lat' dir='ltr'><strong>libere</strong></span> <span class='ocrx_word' id='word_1_51' title='bbox 1342 1463 1435 1538; x_wconf 80' lang='lat' dir='ltr'><strong>gau·</strong></span> 
     </span>
     <span class='ocr_line' id='line_1_10' title="bbox 346 1559 1434 1662; baseline -0.006 -18"><span class='ocrx_word' id='word_1_52' title='bbox 346 1569 443 1644; x_wconf 80' lang='lat' dir='ltr'><strong>duat</strong></span> <span class='ocrx_word' id='word_1_53' title='bbox 482 1567 686 1643; x_wconf 89' lang='lat' dir='ltr'><strong>decetero</strong></span> <span class='ocrx_word' id='word_1_54' title='bbox 716 1559 758 1641; x_wconf 85' lang='lat' dir='ltr'><strong>et</strong></span> <span class='ocrx_word' id='word_1_55' title='bbox 784 1567 938 1660; x_wconf 86' lang='lat' dir='ltr'><strong>utatur.</strong></span> <span class='ocrx_word' id='word_1_56' title='bbox 989 1562 1036 1639; x_wconf 91' lang='lat' dir='ltr'><strong>ln</strong></span> <span class='ocrx_word' id='word_1_57' title='bbox 1065 1564 1182 1662; x_wconf 84' lang='lat' dir='ltr'><strong>cuius</strong></span> <span class='ocrx_word' id='word_1_58' title='bbox 1224 1563 1285 1638; x_wconf 92' lang='lat' dir='ltr'><strong>rei</strong></span> <span class='ocrx_word' id='word_1_59' title='bbox 1313 1559 1434 1638; x_wconf 88' lang='lat' dir='ltr'><strong>iidem</strong></span> 
     </span>
     <span class='ocr_line' id='line_1_11' title="bbox 347 1682 1435 1787; baseline -0.005 -25"><span class='ocrx_word' id='word_1_60' title='bbox 347 1695 388 1764; x_wconf 88' lang='lat' dir='ltr'><strong>et</strong></span> <span class='ocrx_word' id='word_1_61' title='bbox 416 1685 666 1764; x_wconf 87' lang='lat' dir='ltr'><strong>evidentiam</strong></span> <span class='ocrx_word' id='word_1_62' title='bbox 693 1683 1045 1787; x_wconf 75' lang='lat' dir='ltr'><strong>pleniorem,</strong></span> <span class='ocrx_word' id='word_1_63' title='bbox 1083 1683 1229 1760; x_wconf 85' lang='lat' dir='ltr'><strong>fieri</strong></span> <span class='ocrx_word' id='word_1_64' title='bbox 1264 1682 1435 1780; x_wconf 83' lang='lat' dir='ltr'><strong>j-ussi·</strong></span> 
     </span>
     <span class='ocr_line' id='line_1_12' title="bbox 348 1803 1434 1904; baseline -0.007 -22"><span class='ocrx_word' id='word_1_65' title='bbox 348 1831 462 1882; x_wconf 86' lang='lat' dir='ltr'><strong>mus</strong></span> <span class='ocrx_word' id='word_1_66' title='bbox 492 1811 547 1882; x_wconf 86' lang='lat' dir='ltr'><strong>et</strong></span> <span class='ocrx_word' id='word_1_67' title='bbox 575 1805 686 1881; x_wconf 88' lang='lat' dir='ltr'><strong>bulla</strong></span> <span class='ocrx_word' id='word_1_68' title='bbox 713 1811 856 1880; x_wconf 89' lang='lat' dir='ltr'><strong>nostra</strong></span> <span class='ocrx_word' id='word_1_69' title='bbox 885 1825 1011 1878; x_wconf 84' lang='lat' dir='ltr'><strong>aurea</strong></span> <span class='ocrx_word' id='word_1_70' title='bbox 1038 1805 1250 1904; x_wconf 86' lang='lat' dir='ltr'><strong>pendente</strong></span> <span class='ocrx_word' id='word_1_71' title='bbox 1275 1803 1434 1880; x_wconf 78' lang='lat' dir='ltr'><strong>misniri.</strong></span> 
     </span>
     <span class='ocr_line' id='line_1_13' title="bbox 346 1915 1432 2026; baseline -0.005 -24"><span class='ocrx_word' id='word_1_72' title='bbox 346 1928 457 2026; x_wconf 79' lang='lat' dir='ltr'><strong>(sic).</strong></span> <span class='ocrx_word' id='word_1_73' title='bbox 485 1927 635 2004; x_wconf 87' lang='lat' dir='ltr'><strong>Datum</strong></span> <span class='ocrx_word' id='word_1_74' title='bbox 650 1926 690 2002; x_wconf 90' lang='lat' dir='ltr'><strong>in</strong></span> <span class='ocrx_word' id='word_1_75' title='bbox 717 1929 862 2002; x_wconf 91' lang='lat' dir='ltr'><strong>nostro</strong></span> <span class='ocrx_word' id='word_1_76' title='bbox 892 1924 1028 2001; x_wconf 89' lang='lat' dir='ltr'><strong>ducali</strong></span> <span class='ocrx_word' id='word_1_77' title='bbox 1057 1923 1225 2026; x_wconf 82' lang='lat' dir='ltr'><strong>palatio,</strong></span> <span class='ocrx_word' id='word_1_78' title='bbox 1256 1947 1337 1998; x_wconf 85' lang='lat' dir='ltr'><strong>ano</strong></span> <span class='ocrx_word' id='word_1_79' title='bbox 1364 1915 1432 1998; x_wconf 89' lang='lat' dir='ltr'><strong>do-</strong></span> 
     </span>
     <span class='ocr_line' id='line_1_14' title="bbox 345 2039 1436 2124; baseline -0.005 -2"><span class='ocrx_word' id='word_1_80' title='bbox 345 2046 523 2124; x_wconf 78' lang='lat' dir='ltr'><strong>minicae</strong></span> <span class='ocrx_word' id='word_1_81' title='bbox 538 2042 833 2123; x_wconf 80' lang='lat' dir='ltr'><strong>incsrnationis</strong></span> <span class='ocrx_word' id='word_1_82' title='bbox 849 2039 1312 2122; x_wconf 72' lang='lat' dir='ltr'><strong>mccclxxxxvrul</strong></span> <span class='ocrx_word' id='word_1_83' title='bbox 1326 2065 1436 2118; x_wconf 89' lang='lat' dir='ltr'><strong>men·</strong></span> 
     </span>
     <span class='ocr_line' id='line_1_15' title="bbox 345 2160 1424 2265; baseline -0.003 -24"><span class='ocrx_word' id='word_1_84' title='bbox 345 2163 542 2241; x_wconf 72' lang='lat' dir='ltr'><strong>sisinnii</strong></span> <span class='ocrx_word' id='word_1_85' title='bbox 571 2165 639 2240; x_wconf 91' lang='lat' dir='ltr'><strong>die</strong></span> <span class='ocrx_word' id='word_1_86' title='bbox 666 2163 846 2248; x_wconf 88' lang='lat' dir='ltr'><strong>decimo,</strong></span> <span class='ocrx_word' id='word_1_87' title='bbox 875 2160 1103 2240; x_wconf 83' lang='lat' dir='ltr'><strong>indictione</strong></span> <span class='ocrx_word' id='word_1_88' title='bbox 1130 2161 1317 2265; x_wconf 84' lang='lat' dir='ltr'><strong>septima.</strong></span> <span class='ocrx_word' id='word_1_89' title='bbox 1420 2221 1424 2228; x_wconf 84' lang='lat'><em>.</em></span> 
     </span>
     <span class='ocr_line' id='line_1_16' title="bbox 699 2298 1392 2387; baseline -0.007 -23"><span class='ocrx_word' id='word_1_90' title='bbox 699 2298 812 2364; x_wconf 82' lang='lat' dir='ltr'><strong>Liber</strong></span> <span class='ocrx_word' id='word_1_91' title='bbox 834 2299 995 2387; x_wconf 81' lang='lat' dir='ltr'><strong>privileg.</strong></span> <span class='ocrx_word' id='word_1_92' title='bbox 1019 2299 1141 2379; x_wconf 85' lang='lat' dir='ltr'><strong>l-mus,</strong></span> <span class='ocrx_word' id='word_1_93' title='bbox 1167 2300 1296 2366; x_wconf 80' lang='lat' dir='ltr'><strong>charta</strong></span> <span class='ocrx_word' id='word_1_94' title='bbox 1321 2302 1392 2366; x_wconf 74' lang='lat'>132.</span> 
     </span>
    </p>
   </div>
   <div class='ocr_carea' id='block_1_5' title="bbox 565 2430 1284 2574">
    <p class='ocr_par' dir='ltr' id='par_1_5' title="bbox 565 2430 1284 2620">
     <span class='ocr_line' id='line_1_17' title="bbox 565 2430 1284 2574; baseline -0.004 -3"><span class='ocrx_word' id='word_1_95' title='bbox 565 2473 781 2572; x_wconf 84' lang='lat' dir='ltr'><strong>ocxn.</strong></span> <span class='ocrx_word' id='word_1_96' title='bbox 813 2496 924 2572; x_wconf 76' lang='lat' dir='ltr'><strong>no.</strong></span> <span class='ocrx_word' id='word_1_97' title='bbox 953 2499 1017 2570; x_wconf 80' lang='lat'><strong>21.</strong></span> <span class='ocrx_word' id='word_1_98' title='bbox 1045 2430 1231 2574; x_wconf 64' lang='lat' dir='ltr'><strong>sunit?</strong></span> <span class='ocrx_word' id='word_1_99' title='bbox 1265 2457 1284 2554; x_wconf 75' lang='grc' dir='ltr'><strong>ἰ</strong></span> 
     </span>
    </p>
   </div>
   <div class='ocr_carea' id='block_1_6' title="bbox 344 2654 1468 3044">
    <p class='ocr_par' dir='ltr' id='par_1_6' title="bbox 346 2654 1434 2730">
     <span class='ocr_line' id='line_1_18' title="bbox 346 2654 1434 2730; baseline -0.001 -20"><span class='ocrx_word' id='word_1_100' title='bbox 346 2654 522 2726; x_wconf 67' lang='grc' dir='ltr'><strong>Οῃοιοιη</strong></span> <span class='ocrx_word' id='word_1_101' title='bbox 545 2669 731 2727; x_wconf 70' lang='lat' dir='ltr'><strong>nocasnusy</strong></span> <span class='ocrx_word' id='word_1_102' title='bbox 757 2669 944 2730; x_wconf 69' lang='lat' dir='ltr'><strong>rccncpapa</strong></span> <span class='ocrx_word' id='word_1_103' title='bbox 966 2656 1190 2726; x_wconf 65' lang='lat' dir='ltr'><strong>nasonem,</strong></span> <span class='ocrx_word' id='word_1_104' title='bbox 1204 2673 1243 2726; x_wconf 64' lang='lat' dir='ltr'><strong>aa</strong></span> <span class='ocrx_word' id='word_1_105' title='bbox 1256 2655 1434 2714; x_wconf 72' lang='lat' dir='ltr'><strong>Maerunln</strong></span> 
     </span>
    </p>

    <p class='ocr_par' dir='ltr' id='par_1_7' title="bbox 345 2753 1468 2832">
     <span class='ocr_line' id='line_1_19' title="bbox 345 2753 1468 2832; baseline 0.003 -20"><span class='ocrx_word' id='word_1_106' title='bbox 345 2771 469 2830; x_wconf 78' lang='lat' dir='ltr'><strong>nencry</strong></span> <span class='ocrx_word' id='word_1_107' title='bbox 491 2756 651 2832; x_wconf 76' lang='lat' dir='ltr'><strong>upiliua‘ru</strong></span> <span class='ocrx_word' id='word_1_108' title='bbox 675 2761 801 2832; x_wconf 77' lang='lat' dir='ltr'><strong>nbrony</strong></span> <span class='ocrx_word' id='word_1_109' title='bbox 823 2775 944 2828; x_wconf 22' lang='lat' dir='ltr'><strong>sessio(</strong></span> <span class='ocrx_word' id='word_1_110' title='bbox 958 2776 1047 2832; x_wconf 60' lang='lat' dir='ltr'><strong>noas</strong></span> <span class='ocrx_word' id='word_1_111' title='bbox 1071 2777 1162 2823; x_wconf 81' lang='lat' dir='ltr'><strong>cnoro</strong></span> <span class='ocrx_word' id='word_1_112' title='bbox 1185 2777 1322 2828; x_wconf 75' lang='lat' dir='ltr'><strong>anacrs,</strong></span> <span class='ocrx_word' id='word_1_113' title='bbox 1355 2775 1436 2816; x_wconf 81' lang='lat' dir='ltr'><strong>saro</strong></span> <span class='ocrx_word' id='word_1_114' title='bbox 1464 2753 1468 2759; x_wconf 84' lang='grc'><strong>’</strong></span> 
     </span>
    </p>

    <p class='ocr_par' dir='ltr' id='par_1_8' title="bbox 344 2863 1435 3044">
     <span class='ocr_line' id='line_1_20' title="bbox 344 2863 1435 2938; baseline 0.002 -23"><span class='ocrx_word' id='word_1_115' title='bbox 344 2877 384 2934; x_wconf 73' lang='lat' dir='ltr'><strong>sy</strong></span> <span class='ocrx_word' id='word_1_116' title='bbox 407 2877 571 2934; x_wconf 81' lang='lat' dir='ltr'><strong>caseryro,</strong></span> <span class='ocrx_word' id='word_1_117' title='bbox 595 2878 633 2934; x_wconf 65' lang='lat' dir='ltr'><strong>aa</strong></span> <span class='ocrx_word' id='word_1_118' title='bbox 658 2878 809 2938; x_wconf 63' lang='lat' dir='ltr'><strong>neppam</strong></span> <span class='ocrx_word' id='word_1_119' title='bbox 833 2880 986 2938; x_wconf 78' lang='lat' dir='ltr'><strong>npornns</strong></span> <span class='ocrx_word' id='word_1_120' title='bbox 1011 2863 1153 2938; x_wconf 77' lang='lat' dir='ltr'><strong>Typane,</strong></span> <span class='ocrx_word' id='word_1_121' title='bbox 1178 2881 1195 2924; x_wconf 80' lang='lat' dir='ltr'><strong>a</strong></span> <span class='ocrx_word' id='word_1_122' title='bbox 1217 2881 1256 2936; x_wconf 61' lang='lat' dir='ltr'><strong>aa</strong></span> <span class='ocrx_word' id='word_1_123' title='bbox 1273 2865 1312 2921; x_wconf 79' lang='lat' dir='ltr'><strong>lse</strong></span> <span class='ocrx_word' id='word_1_124' title='bbox 1336 2877 1435 2938; x_wconf 80' lang='lat' dir='ltr'><strong>asopo</strong></span> 
     </span>
     <span class='ocr_line' id='line_1_21' title="bbox 488 2965 1292 3044; baseline 0.006 -23"><span class='ocrx_word' id='word_1_125' title='bbox 488 2965 615 3038; x_wconf 66' lang='lat' dir='ltr'><strong>po6nra</strong></span> <span class='ocrx_word' id='word_1_126' title='bbox 643 2970 769 3026; x_wconf 74' lang='lat' dir='ltr'><strong>noscis</strong></span> <span class='ocrx_word' id='word_1_127' title='bbox 792 2985 857 3040; x_wconf 67' lang='lat' dir='ltr'><strong>opo</strong></span> <span class='ocrx_word' id='word_1_128' title='bbox 879 2967 1095 3044; x_wconf 82' lang='lat' dir='ltr'><strong>xpncrisscau</strong></span> <span class='ocrx_word' id='word_1_129' title='bbox 1119 2984 1292 3040; x_wconf 68' lang='lat' dir='ltr'><strong>naapaona.</strong></span> 
     </span>
    </p>
   </div>
   <div class='ocr_carea' id='block_1_7' title="bbox 267 3116 1440 4414">
    <p class='ocr_par' dir='ltr' id='par_1_9' title="bbox 267 3116 1440 4414">
     <span class='ocr_line' id='line_1_22' title="bbox 446 3116 1436 3220; baseline 0 -26"><span class='ocrx_word' id='word_1_130' title='bbox 446 3116 566 3216; x_wconf 78' lang='lat' dir='ltr'><strong>Quod</strong></span> <span class='ocrx_word' id='word_1_131' title='bbox 583 3117 892 3220; x_wconf 82' lang='lat' dir='ltr'><strong>respondeatur</strong></span> <span class='ocrx_word' id='word_1_132' title='bbox 907 3119 1072 3198; x_wconf 86' lang='lat' dir='ltr'><strong>oratori</strong></span> <span class='ocrx_word' id='word_1_133' title='bbox 1098 3118 1161 3195; x_wconf 90' lang='lat' dir='ltr'><strong>dc</strong></span> <span class='ocrx_word' id='word_1_134' title='bbox 1173 3117 1299 3196; x_wconf 89' lang='lat' dir='ltr'><strong>mini</strong></span> <span class='ocrx_word' id='word_1_135' title='bbox 1318 3117 1389 3194; x_wconf 82' lang='lat' dir='ltr'><strong>A&#39;v</strong></span> <span class='ocrx_word' id='word_1_136' title='bbox 1401 3143 1436 3194; x_wconf 86' lang='lat' dir='ltr'><strong>a·</strong></span> 
     </span>
     <span class='ocr_line' id='line_1_23' title="bbox 347 3236 1439 3340; baseline 0.002 -26"><span class='ocrx_word' id='word_1_137' title='bbox 347 3236 529 3326; x_wconf 89' lang='lat' dir='ltr'><strong>lonae,</strong></span> <span class='ocrx_word' id='word_1_138' title='bbox 559 3238 631 3340; x_wconf 91' lang='lat' dir='ltr'><strong>qui</strong></span> <span class='ocrx_word' id='word_1_139' title='bbox 658 3239 727 3318; x_wconf 94' lang='lat' dir='ltr'><strong>hic</strong></span> <span class='ocrx_word' id='word_1_140' title='bbox 757 3247 842 3328; x_wconf 86' lang='lat' dir='ltr'><strong>est,</strong></span> <span class='ocrx_word' id='word_1_141' title='bbox 870 3242 920 3318; x_wconf 90' lang='lat' dir='ltr'><strong>ad</strong></span> <span class='ocrx_word' id='word_1_142' title='bbox 948 3240 1017 3318; x_wconf 84' lang='lat' dir='ltr'><strong>illa</strong></span> <span class='ocrx_word' id='word_1_143' title='bbox 1047 3261 1154 3340; x_wconf 87' lang='lat' dir='ltr'><strong>quae</strong></span> <span class='ocrx_word' id='word_1_144' title='bbox 1180 3239 1304 3315; x_wconf 86' lang='lat' dir='ltr'><strong>nobis</strong></span> <span class='ocrx_word' id='word_1_145' title='bbox 1334 3237 1439 3316; x_wconf 83' lang='lat' dir='ltr'><strong>dixit</strong></span> 
     </span>
     <span class='ocr_line' id='line_1_24' title="bbox 267 3357 1438 3460; baseline 0.008 -32"><span class='ocrx_word' id='word_1_146' title='bbox 267 3406 279 3428; x_wconf 46' lang='lat' dir='ltr'><strong>s</strong></span> <span class='ocrx_word' id='word_1_147' title='bbox 343 3381 421 3460; x_wconf 94' lang='lat' dir='ltr'><strong>pro</strong></span> <span class='ocrx_word' id='word_1_148' title='bbox 449 3363 569 3460; x_wconf 87' lang='lat' dir='ltr'><strong>parte</strong></span> <span class='ocrx_word' id='word_1_149' title='bbox 598 3361 755 3438; x_wconf 92' lang='lat' dir='ltr'><strong>domini</strong></span> <span class='ocrx_word' id='word_1_150' title='bbox 783 3363 858 3448; x_wconf 91' lang='lat' dir='ltr'><strong>sui,</strong></span> <span class='ocrx_word' id='word_1_151' title='bbox 887 3360 1050 3440; x_wconf 86' lang='lat' dir='ltr'><strong>scilicet</strong></span> <span class='ocrx_word' id='word_1_152' title='bbox 1076 3361 1129 3437; x_wconf 94' lang='lat' dir='ltr'><strong>de</strong></span> <span class='ocrx_word' id='word_1_153' title='bbox 1156 3357 1340 3437; x_wconf 87' lang='lat' dir='ltr'><strong>volendo</strong></span> <span class='ocrx_word' id='word_1_154' title='bbox 1368 3384 1438 3437; x_wconf 91' lang='lat' dir='ltr'><strong>no·</strong></span> 
     </span>
     <span class='ocr_line' id='line_1_25' title="bbox 344 3477 1437 3583; baseline 0.004 -29"><span class='ocrx_word' id='word_1_155' title='bbox 344 3477 408 3559; x_wconf 92' lang='lat' dir='ltr'><strong>bis</strong></span> <span class='ocrx_word' id='word_1_156' title='bbox 436 3480 537 3558; x_wconf 88' lang='lat' dir='ltr'><strong>dare</strong></span> <span class='ocrx_word' id='word_1_157' title='bbox 567 3481 659 3559; x_wconf 88' lang='lat' dir='ltr'><strong>loca</strong></span> <span class='ocrx_word' id='word_1_158' title='bbox 689 3507 789 3575; x_wconf 72' lang='lat' dir='ltr'><strong>sua,</strong></span> <span class='ocrx_word' id='word_1_159' title='bbox 819 3509 912 3561; x_wconf 89' lang='lat' dir='ltr'><strong>cum</strong></span> <span class='ocrx_word' id='word_1_160' title='bbox 943 3485 1185 3561; x_wconf 90' lang='lat' dir='ltr'><strong>conditione</strong></span> <span class='ocrx_word' id='word_1_161' title='bbox 1214 3482 1330 3583; x_wconf 90' lang='lat' dir='ltr'><strong>quod</strong></span> <span class='ocrx_word' id='word_1_162' title='bbox 1357 3505 1437 3558; x_wconf 89' lang='lat' dir='ltr'><strong>nos</strong></span> 
     </span>
     <span class='ocr_line' id='line_1_26' title="bbox 345 3595 1435 3704; baseline 0.002 -30"><span class='ocrx_word' id='word_1_163' title='bbox 345 3597 572 3678; x_wconf 86' lang='lat' dir='ltr'><strong>debeamus</strong></span> <span class='ocrx_word' id='word_1_164' title='bbox 599 3595 827 3704; x_wconf 89' lang='lat' dir='ltr'><strong>providere</strong></span> <span class='ocrx_word' id='word_1_165' title='bbox 842 3603 893 3680; x_wconf 91' lang='lat' dir='ltr'><strong>de</strong></span> <span class='ocrx_word' id='word_1_166' title='bbox 909 3627 960 3680; x_wconf 90' lang='lat' dir='ltr'><strong>eo</strong></span> <span class='ocrx_word' id='word_1_167' title='bbox 976 3603 1044 3679; x_wconf 80' lang='lat' dir='ltr'><strong>hie</strong></span> <span class='ocrx_word' id='word_1_168' title='bbox 1071 3602 1138 3678; x_wconf 86' lang='lat' dir='ltr'><strong>vel</strong></span> <span class='ocrx_word' id='word_1_169' title='bbox 1152 3599 1222 3691; x_wconf 91' lang='lat' dir='ltr'><strong>ibi,</strong></span> <span class='ocrx_word' id='word_1_170' title='bbox 1249 3601 1309 3678; x_wconf 85' lang='lat' dir='ltr'><strong>ita</strong></span> <span class='ocrx_word' id='word_1_171' title='bbox 1322 3599 1435 3702; x_wconf 90' lang='lat' dir='ltr'><strong>quod</strong></span> 
     </span>
     <span class='ocr_line' id='line_1_27' title="bbox 344 3719 1435 3825; baseline -0.004 -27"><span class='ocrx_word' id='word_1_172' title='bbox 344 3719 580 3800; x_wconf 78' lang='lat' dir='ltr'><strong>honorilice</strong></span> <span class='ocrx_word' id='word_1_173' title='bbox 610 3748 705 3800; x_wconf 88' lang='lat' dir='ltr'><strong>cum</strong></span> <span class='ocrx_word' id='word_1_174' title='bbox 733 3748 807 3801; x_wconf 87' lang='lat' dir='ltr'><strong>sua</strong></span> <span class='ocrx_word' id='word_1_175' title='bbox 823 3725 991 3804; x_wconf 64' lang='lat' dir='ltr'><strong>&#39;familia</strong></span> <span class='ocrx_word' id='word_1_176' title='bbox 1016 3723 1151 3825; x_wconf 86' lang='lat' dir='ltr'><strong>possit</strong></span> <span class='ocrx_word' id='word_1_177' title='bbox 1193 3723 1353 3801; x_wconf 86' lang='lat' dir='ltr'><strong>ducere</strong></span> <span class='ocrx_word' id='word_1_178' title='bbox 1379 3719 1435 3794; x_wconf 88' lang='lat' dir='ltr'><strong>ri·</strong></span> 
     </span>
     <span class='ocr_line' id='line_1_28' title="bbox 343 3839 1440 3943; baseline -0.005 -27"><span class='ocrx_word' id='word_1_179' title='bbox 343 3847 426 3917; x_wconf 86' lang='lat' dir='ltr'><strong>tam</strong></span> <span class='ocrx_word' id='word_1_180' title='bbox 454 3863 585 3929; x_wconf 85' lang='lat' dir='ltr'><strong>suam;</strong></span> <span class='ocrx_word' id='word_1_181' title='bbox 614 3845 726 3943; x_wconf 89' lang='lat' dir='ltr'><strong>quod</strong></span> <span class='ocrx_word' id='word_1_182' title='bbox 749 3867 827 3922; x_wconf 90' lang='lat' dir='ltr'><strong>nos</strong></span> <span class='ocrx_word' id='word_1_183' title='bbox 855 3847 1165 3943; x_wconf 87' lang='lat' dir='ltr'><strong>cognoscimus,</strong></span> <span class='ocrx_word' id='word_1_184' title='bbox 1193 3843 1307 3943; x_wconf 89' lang='lat' dir='ltr'><strong>quod</strong></span> <span class='ocrx_word' id='word_1_185' title='bbox 1324 3839 1440 3917; x_wconf 78' lang='lat' dir='ltr'><strong>obla.</strong></span> 
     </span>
     <span class='ocr_line' id='line_1_29' title="bbox 341 3957 1435 4066; baseline -0.001 -30"><span class='ocrx_word' id='word_1_186' title='bbox 341 3957 398 4036; x_wconf 84' lang='lat' dir='ltr'><strong>tio</strong></span> <span class='ocrx_word' id='word_1_187' title='bbox 429 3981 553 4059; x_wconf 87' lang='lat' dir='ltr'><strong>quam</strong></span> <span class='ocrx_word' id='word_1_188' title='bbox 581 3959 703 4038; x_wconf 88' lang='lat' dir='ltr'><strong>nobis</strong></span> <span class='ocrx_word' id='word_1_189' title='bbox 748 3963 848 4042; x_wconf 85' lang='lat' dir='ltr'><strong>facit</strong></span> <span class='ocrx_word' id='word_1_190' title='bbox 875 3964 966 4066; x_wconf 86' lang='lat' dir='ltr'><strong>ipse</strong></span> <span class='ocrx_word' id='word_1_191' title='bbox 1007 3964 1199 4040; x_wconf 87' lang='lat' dir='ltr'><strong>domiuus</strong></span> <span class='ocrx_word' id='word_1_192' title='bbox 1240 3985 1340 4036; x_wconf 88' lang='lat' dir='ltr'><strong>suus</strong></span> <span class='ocrx_word' id='word_1_193' title='bbox 1380 3957 1435 4036; x_wconf 91' lang='lat' dir='ltr'><strong>de</strong></span> 
     </span>
     <span class='ocr_line' id='line_1_30' title="bbox 341 4079 1434 4183; baseline -0.003 -25"><span class='ocrx_word' id='word_1_194' title='bbox 341 4079 447 4159; x_wconf 88' lang='lat' dir='ltr'><strong>locis</strong></span> <span class='ocrx_word' id='word_1_195' title='bbox 476 4081 575 4168; x_wconf 86' lang='lat' dir='ltr'><strong>suis,</strong></span> <span class='ocrx_word' id='word_1_196' title='bbox 603 4081 800 4182; x_wconf 89' lang='lat' dir='ltr'><strong>procedit</strong></span> <span class='ocrx_word' id='word_1_197' title='bbox 827 4083 1029 4160; x_wconf 89' lang='lat' dir='ltr'><strong>asincera</strong></span> <span class='ocrx_word' id='word_1_198' title='bbox 1057 4082 1280 4161; x_wconf 82' lang='lat' dir='ltr'><strong>affectione</strong></span> <span class='ocrx_word' id='word_1_199' title='bbox 1308 4103 1434 4183; x_wconf 87' lang='lat' dir='ltr'><strong>quarn</strong></span> 
     </span>
     <span class='ocr_line' id='line_1_31' title="bbox 340 4199 1434 4304; baseline 0 -28"><span class='ocrx_word' id='word_1_200' title='bbox 340 4199 468 4276; x_wconf 88' lang='lat' dir='ltr'><strong>babet</strong></span> <span class='ocrx_word' id='word_1_201' title='bbox 494 4200 544 4275; x_wconf 89' lang='lat' dir='ltr'><strong>ad</strong></span> <span class='ocrx_word' id='word_1_202' title='bbox 572 4209 765 4279; x_wconf 88' lang='lat' dir='ltr'><strong>nostrum</strong></span> <span class='ocrx_word' id='word_1_203' title='bbox 805 4203 1063 4288; x_wconf 87' lang='lat' dir='ltr'><strong>dominium,</strong></span> <span class='ocrx_word' id='word_1_204' title='bbox 1090 4201 1143 4278; x_wconf 88' lang='lat' dir='ltr'><strong>dc</strong></span> <span class='ocrx_word' id='word_1_205' title='bbox 1171 4225 1254 4304; x_wconf 89' lang='lat' dir='ltr'><strong>quo</strong></span> <span class='ocrx_word' id='word_1_206' title='bbox 1297 4223 1434 4300; x_wconf 80' lang='lat' dir='ltr'><strong>regra-</strong></span> 
     </span>
     <span class='ocr_line' id='line_1_32' title="bbox 340 4318 1426 4414; baseline 0 -16"><span class='ocrx_word' id='word_1_207' title='bbox 340 4318 500 4398; x_wconf 86' lang='lat' dir='ltr'><strong>ciamur</strong></span> <span class='ocrx_word' id='word_1_208' title='bbox 526 4319 606 4400; x_wconf 88' lang='lat' dir='ltr'><strong>sibi</strong></span> <span class='ocrx_word' id='word_1_209' title='bbox 645 4321 759 4414; x_wconf 79' lang='lat' dir='ltr'><strong>satis.</strong></span> <span class='ocrx_word' id='word_1_210' title='bbox 816 4321 901 4400; x_wconf 81' lang='lat' dir='ltr'><strong>Sed</strong></span> <span class='ocrx_word' id='word_1_211' title='bbox 942 4321 1220 4402; x_wconf 87' lang='lat' dir='ltr'><strong>consideratis</strong></span> <span class='ocrx_word' id='word_1_212' title='bbox 1248 4319 1426 4400; x_wconf 85' lang='lat' dir='ltr'><strong>dirersis</strong></span> 
     </span>
    </p>
   </div>
   <div class='ocr_carea' id='block_1_8' title="bbox 0 0 1618 5108">
    <p class='ocr_par' dir='ltr' id='par_1_10' title="bbox 0 0 1618 5108">
     <span class='ocr_line' id='line_1_33' title="bbox 0 0 1618 5108; baseline 0 3"><span class='ocrx_word' id='word_1_213' title='bbox 0 0 1618 5108; x_wconf 95' lang='lat' dir='ltr'><strong> </strong></span> 
     </span>
    </p>
   </div>
  </div>
 </body>
</html>
