3192 5112
354 407 402 503 ml

419 593 645 692 LXXII·
673 613 785 690 tatu.
813 609 891 689 XV
917 609 999 688 ind.
1029 615 1072 688 lt
1103 599 1204 687 Ian
1226 599 1395 686 narii.
1439 617 1443 626 “

353 826 571 884 &namneum
595 819 761 896 upiltnru
797 835 925 896 nonypy
950 819 1358 891 tarraconensem„
1383 835 1442 879 no·

480 941 728 1002 cpcpcrayam
754 941 845 998 supr.
870 939 955 996 soar.
979 939 1082 998 spus
1106 925 1318 998 ycapcnorn.
1378 959 1380 965 ·

460 1093 600 1196 Capta:
628 1092 741 1192 quod
756 1092 967 1170 scribatur
994 1093 1218 1195 dompno
1245 1089 1448 1183 Heliae,

357 1211 469 1316 qnod
495 1213 735 1317 recepimus
764 1212 921 1288 litteras
936 1197 1055 1301 suas)
1073 1201 1338 1292 continentes
1362 1235 1448 1290 res·

264 1325 270 1340 ’
356 1359 533 1437 ponsum
562 1333 777 1411 domini
812 1336 942 1413 bani
970 1331 1021 1411 ad
1049 1335 1156 1414 lacta
1184 1358 1264 1438 pro
1295 1336 1446 1438 quibus

355 1457 512 1542 iverat,
551 1463 592 1532 et
620 1479 711 1531 eam
752 1455 875 1557 plene
918 1453 1209 1534 intelleximus,
1252 1455 1317 1533 Ad
1345 1479 1446 1558 quas

357 1576 690 1676 respondemus:
736 1575 849 1677 qnod
890 1579 1167 1677 respectando
1209 1575 1445 1682 perlectum

357 1719 545 1774 amorem
574 1703 616 1773 et
642 1697 853 1775 sincerum
877 1698 1153 1800 propositum,
1181 1697 1291 1801 quod
1319 1697 1447 1777 domi·

357 1845 433 1897 nus
474 1809 605 1897 banus
645 1821 778 1896 verbo
813 1825 854 1896 et
883 1843 1013 1921 opere
1055 1821 1240 1898 ostendit
1280 1819 1330 1896 ad
1358 1845 1448 1909 nos,

356 1938 534 2017 tirmiter
563 1937 774 2017 crchmus
804 1945 846 2016 et
874 1945 1064 2016 tenemus
1105 1938 1304 2026 indubie,
1335 1941 1447 2043 quod

356 2066 544 2138 nostrum
573 2059 780 2136 honorem
807 2067 849 2136 et
876 2061 1028 2136 statum
1055 2059 1093 2135 in
1125 2083 1224 2139 casu
1254 2061 1448 2170 quolibet

357 2179 498 2277 diligit.
528 2204 653 2281 quem
680 2203 782 2256 vere
810 2185 954 2282 potest
991 2180 1207 2282 proprium
1235 2185 1447 2284 reputare,

357 2292 399 2361 et
426 2282 627 2360 habemus
668 2283 781 2385 qnod
820 2281 1127 2385 sapientissime
1168 2289 1291 2361 etex
1320 2283 1447 2362 *bono

358 2403 450 2480 zelo
480 2407 522 2479 et
563 2401 649 2478 lide
689 2402 821 2488 dicat,
852 2411 895 2480 et
934 2409 1125 2506 putamus
1167 2391 1261 2480 esse
1301 2401 1449 2479 melius

357 2521 468 2625 quod
496 2523 605 2600 lacte
632 2523 796 2600 unionis
825 2531 866 2599 et
891 2523 970 2621 lige
999 2548 1079 2624 pro
1107 2523 1320 2626 praesenti
1345 2507 1448 2601 tem·

306 2633 312 2638 ’
356 2666 462 2746 pore
502 2647 746 2719 remaneant
771 2643 811 2717 in
850 2641 1051 2745 pendenti
1080 2645 1123 2720 et
1162 2649 1340 2721 secreta.
1396 2643 1449 2720 nt

357 2763 407 2840 ad
461 2763 615 2840 factum
671 2764 780 2864 quod
846 2767 999 2862 tangit,
1066 2763 1178 2866 quod
1232 2765 1282 2841 si·
1313 2763 1447 2842 nobis

358 2883 560 2986 placeret,
600 2885 889 2987 interponeret
916 2910 963 2961 se
992 2883 1169 2963 libenter
1195 2889 1275 2988 pro
1304 2907 1450 2963 recon-

358 3001 566 3080 ciliatione
605 3004 765 3080 inter
805 3023 996 3101 regem
1024 3002 1449 3103 Hungariae‘et

358 3144 447 3220 nos,
490 3120 748 3200 confidentes
777 3125 829 3200 de
882 3123 975 3227 ipso
1010 3124 1103 3227 plus
1143 3131 1264 3225 qttam
1305 3124 1444 3225 aliquo

356 3243 548 3344 principe
574 3243 640 3319 vel
683 3243 853 3320 domino
895 3242 1061 3338 mundi,
1090 3243 1210 3322 nobis
1237 3245 1377 3346 placet
1404 3251 1446 3320 et

356 3384 497 3440 sumus
524 3364 696 3440 multum
718 3363 917 3450 contenti,
945 3366 1058 3466 quod
1085 3365 1220 3467 possit
1234 3373 1312 3468 per
1331 3365 1444 3441 ill-um

357 3485 551 3571 modum,
580 3483 650 3584 qui
679 3484 717 3561 ei
745 3485 892 3561 melior
921 3485 1139 3581 videbitur,
1169 3510 1215 3562 sc
1244 3487 1445 3564 intromit·

358 3613 448 3685 tere
483 3607 535 3681 de
575 3603 867 3706 pacificatione
907 3605 1015 3681 inter
1053 3606 1188 3708 ipsum
1231 3629 1374 3706 regem
1403 3613 1447 3686 et

359 3751 453 3815 noar,
480 3728 502 3827 §
534 3735 576 3803 et
603 3728 715 3827 quod
743 3729 974 3828 persentiat
999 3727 1056 3808 de·
1079 3728 1291 3806 voluntate
1320 3737 1362 3806 et
1389 3729 1446 3806 in·

357 3845 547 3926 tentione
575 3871 648 3924 sua
676 3853 719 3925 et
745 3847 866 3924 nobis
894 3872 1017 3950 qnam
1046 3847 1176 3927 cicius
1204 3855 1444 3951 potest-no·

358 3974 449 4072 tum
489 3963 669 4072 -faoiat,3
703 3973 748 4044 ut
788 3965 899 4048 scire
940 3969 1177 4054 valeamus,
1224 3968 1323 4070 quid
1364 3993 1443 4070 pro

357 4081 521 4163 honore
549 4093 591 4163 et
618 4086 731 4164 bono
761 4094 908 4166 nostro
937 4086 1163 4191 superinde
1202 4087 1344 4198 tacere
1372 4089 1440 4166 ha·

361 4205 557 4302 beamus,
596 4209 937 4288 recomendando
978 4207 1114 4289 eidem
1155 4207 1361 4290 honorem
1403 4217 1446 4288 et
