3230 5104
1212 353 1430 446 acr'

182 587 405 664 molestum
433 585 559 664 fuerit
579 585 723 663 'eidem
753 585 924 664 domino
960 587 1082 678 duci,
1110 588 1150 666 id
1180 613 1277 692 pro·

184 707 297 784 lecto
339 708 431 784 iure
461 701 731 811 fraternitatis
771 715 814 784 et
847 706 1057 785 amicitiae
1098 713 1272 788 nostrae

183 823 304 902 nobis
342 824 544 927 displicet.
609 825 923 927 Laudamusquc
974 819 1291 906 excellentiam

183 971 299 1026 suam
329 971 408 1050 pro
451 955 606 1048 quanto
636 947 675 1022 in
706 947 880 1024 materia
924 947 999 1024 isla
1018 947 1274 1050 ,prudenter

185 1067 299 1159 iecit,
327 1077 381 1145 et·
398 1071 505 1146 ccrti
521 1067 750 1160 reddimur,
779 1069 893 1171 qnod
923 1067 1030 1145 lilius
1066 1093 1166 1146 suris
1192 1069 1273 1148 sihi

187 1185 387 1265 obediens
430 1211 522 1264 esse
566 1188 679 1265 volet
720 1185 810 1265 et'a
849 1188 1051 1267 mandatis
1091 1189 1277 1289 paternis

186 1331 271 1386 trun
298 1306 504 1398 discedet,
532 1318 575 1386 et
604 1331 697 1384 enm
726 1307 884 1386 nostris
916 1309 1023 1384 bene
1059 1316 1101 1386 et
1130 1307 1273 1408 quiete

188 1427 373 1508 viciuar'e
401 1427 533 1504 volet.

289 1547 413 1626 Circa
441 1547 611 1625 domum
642 1573 763 1649 quam
792 1551 910 1652 petit,
939 1551 1137 1650 protecto
1167 1549 1276 1628 desi·

187 1671 345 1750 derium
374 1673 559 1746 nostrum
590 1669 666 1746 l'uit
694 1673 736 1746 et
764 1675 839 1755 est,
869 1695 969 1746 sarae
994 1671 1275 1749 excellentiae
1404 1697 1410 1708 ·

189 1792 335 1874 libenti
365 1793 502 1867 auimo
531 1789 802 1881 satisfacere,
846 1790 920 1866 aed
949 1800 993 1868 ut
1021 1791 1130 1868 idem
1161 1815 1278 1896 spec·

190 1911 326 1990 labilis
355 1919 505 1992 orator
529 1910 668 2012 potuit
681 1909 912 2009 intelligere
929 1917 972 1989 et
985 1910 1142 2001 ridere,
1157 1935 1280 2015 prope

190 2043 256 2111 ter
284 2032 546 2110 conditiones
573 2030 696 2108 lanius
727 2031 839 2109 urbis
868 2042 1062 2120 nostrae,
1104 2057 1188 2110 nou
1215 2057 1278 2112 re·

188 2155 406 2259 perinntur
447 2152 524 2230 nisi
562 2177 656 2232 cum
698 2155 877 2232 maxima
919 2153 1163 2232 difficultate
1206 2156 1278 2232 do·

188 2297 277 2350 mus
306 2275 488 2364 venales,
517 2272 566 2351 et'
589 2276 767 2354 maxime
794 2277 846 2352 dc
875 2275 965 2365 illis,
994 2297 1100 2376 qnae
1130 2273 1280 2353 illustri

186 2394 356 2473 dominu
384 2419 460 2472 suo
489 2397 759 2484 conveniant,
787 2399 862 2474 sed
890 2394 1090 2476 stabimus
1117 2394 1166 2473 ad
1196 2395 1280 2475 hoc

191 2519 352 2610 attenti,
380 2530 423 2596 et
451 2520 755 2623 quamprimum
787 2519 879 2596 fleri
908 2517 1122 2622 poteritid
1152 2515 1277 2597 libeu-

191 2649 256 2717 ter
284 2639 426 2716 facere
454 2638 707 2716 curabimus.
736 2639 902 2744 interea
930 2664 1036 2715 vero
1054 2641 1279 2718 sumusbe·
1323 2711 1325 2714 .

190 2785 243 2837 ne
273 2759 478 2838 contenti.
509 2761 620 2861 quod
650 2762 758 2837 sicut
784 2743 865 2837 sibi
892 2759 1172 2862 promisimus,
1212 2759 1278 2837 ha-

191 2881 287 2959 beat
315 2879 498 2959 nilictum
540 2881 689 2958 domus
718 2879 961 2983 predictae,
1005 2881 1129 2958 etita
1164 2878 1278 2954 illum

190 3000 258 3080 hic
281 3026 402 3103 quam
430 3000 610 3104 primum
639 2999 718 3078 sibi
746 3003 835 3080 dari
860 3002 1074 3080 iaciemus.

291 3124 355 3204 Ad
384 3133 544 3225 partem
574 3131 812 3223 tangentem
851 3125 1033 3200 benum
1061 3121 1279 3200 Paulum

190 3241 454 3320 Croutine
482 3243 673 3333 dicimuS,
703 3244 817 3346 quod
846 3244 1128 3324 intelleximus
1158 3267 1279 3344 quan·

188 3369 274 3440 tum
311 3364 565 3442 excellentia
608 3366 776 3442 ducis
817 3363 1054 3442 Steiaui
1096 3365 1281 3440 fraterne
1410 3453 1414 3460 ,

190 3483 269 3559 dici
301 3481 420 3559 nobis
449 3483 560 3562 lecit.
589 3485 746 3586 Estque
763 3486 825 3562 rei
846 3485 1012 3571 veritas,
1043 3483 1155 3584 quud
1172 3483 1279 3558 idem

188 3605 319 3682 banus
349 3603 570 3682 esthemo
613 3604 886 3684 scandalnsus
929 3611 972 3681 et
1000 3605 1105 3682 illius
1134 3604 1275 3680 cundi·

190 3727 328 3825 tionis,
356 3749 478 3828 quam
515 3726 710 3804 dominus
740 3751 846 3804 surra
874 3726 1034 3805 asserit.
1076 3727 1297 3825 Quoniam·

190 3852 411 3950 postquem
427 3845 594 3923 venitin
624 3845 656 3920 C
675 3871 735 3923 ro
753 3847 931 3937 nciam,
960 3869 1168 3948 uunquam
1193 3867 1280 3921 ces·

191 3966 296 4048 sarit
325 3967 552 4045 molestare
570 3976 613 4045 et
639 3968 874 4070 inquietare
890 3969 1085 4046 domiuos
1102 3969 1280 4045 circum·

189 4096 346 4168 stantes
374 4098 415 4164 et
441 4087 601 4166 ricinus
628 4113 740 4178 suos,
768 4112 846 4192 pro
875 4111 986 4166 nurtc
1014 4111 1115 4165 vero
1134 4111 1186 4163 ex
1216 4084 1280 4162 his

191 4234 298 4312 quae
326 4207 450 4286 nobie
479 4219 728 4297 occurrunt,
757 4231 841 4286 non
869 4207 1057 4285 ridemus
1099 4205 1195 4309 quid
1226 4205 1280 4284 di·
