3154 5102
255 547 361 626 vites
395 543 524 624 erra
562 541 688 624 fuerit
703 585 710 598 ·
728 551 870 626 nostre
898 547 941 624 et
965 565 1044 646 per
1070 567 1150 622 nos
1174 563 1347 648 posesrr

252 671 339 766 jrrn
377 667 582 746 trecentis
624 665 738 744 annis
767 673 809 742 et
836 667 958 749 ultre,
988 663 1076 742 sine
1116 663 1346 744 oontrndio·

258 789 371 866 tione
399 790 698 888 cujuscunque,
728 795 770 863 et
798 786 1032 864 exercitum
1067 807 1193 887 quem
1221 783 1345 866 hube-

258 933 371 1005 mus‚
401 907 606 986 hebemus
640 931 768 1010 supro
808 906 1025 984 territorio
1064 915 1239 992 nostro,
1266 927 1345 984 noo

256 1027 450 1108 iniurium
493 1027 617 1108 alicui
658 1025 883 1116 iaciemus,
923 1024 957 1102 si
998 1027 1112 1130 quod
1153 1033 1342 1106 nostrum

255 1159 320 1230 est
348 1161 392 1230 et
428 1151 503 1228 fuit
538 1173 617 1254 per
658 1147 960 1248 longitudinem
1002 1149 1102 1226 tenti
1143 1147 1347 1252 temporis

253 1271 453 1374 aquIrere
481 1293 771 1374 procuramus.
799 1269 850 1348 Et
875 1275 1108 1372 propterea
1122 1269 1345 1348 siintentio

254 1391 366 1494 regis
397 1401 460 1470 est
487 1389 646 1470 firmate
687 1413 817 1494 super
857 1387 965 1477 hoo,
1006 1413 1089 1467 non
1132 1387 1347 1468 videretur

253 1511 392 1598 nobis,
421 1511 536 1612 quod
563 1511 729 1590 mittere
757 1507 1347 1588 ombnssntemnostromittuo

251 1640 404 1736 posset
432 1629 586 1732 aliquid
615 1632 821 1722 relevare,
862 1630 938 1708 sed
965 1631 1002 1708 si
1030 1631 1118 1732 ipse
1154 1630 1346 1707 dominus

252 1752 384 1827 bonus
412 1750 596 1836 sentiret,
625 1750 737 1852 qnod
766 1749 941 1828 intentio
959 1750 1071 1850 regis
1088 1747 1344 1828 removendo

253 1899 303 1950 se
331 1869 381 1948 ab
410 1869 490 1949 isto
519 1870 631 1973 qnod
667 1871 781 1973 petit,
820 1871 931 1949 foret
960 1871 1008 1948 nd
1037 1869 1206 1975 aliquid,
1235 1868 1346 1972 quod

253 1994 395 2096 possit
421 1991 623 2071 inducere
653 2016 839 2070 umorem
868 1997 910 2070 et
937 1991 1263 2074 benivolentiam
1290 1993 1345 2070 in·

253 2123 322 2191 ter
349 2112 505 2193 dictum
533 2137 677 2214 regern
706 2119 749 2190 et
776 2125 886 2202 nos,'
906 2113 1179 2218 disponemus
1221 2137 1345 2216 quum

254 2235 308 2311 de
336 2233 511 2312 oonsilio
541 2233 636 2312 beni
665 2243 791 2325 esset,
829 2236 995 2314 mittere
1024 2235 1074 2311 nd
1102 2235 1259 2315 dictum
1287 2257 1346 2310 ro·

253 2379 350 2454 gem
377 2364 548 2432 nostros
579 2358 886 2446 ombexetores3
915 2363 956 2434 et
983 2355 1077 2434 ideo
1107 2381 1201 2436 eum
1229 2377 1346 2452 rogn-

254 2502 345 2553 mus
372 2475 590 2563 instanter,
620 2479 825 2578 quotenus
856 2502 951 2556 oum
980 2479 1019 2554 in
1047 2478 1140 2580 ipso
1157 2499 1345 2576 magnam

254 2619 374 2700 spem
411 2597 452 2672 et
488 2594 680 2674 fiduciam
721 2597 835 2673 vetut
874 2597 914 2672 in
958 2595 1086 2676 fratre
1129 2603 1170 2674 et
1210 2591 1345 2672 emico

255 2719 472 2796 carissimo
523 2715 752 2802 habemus,
803 2717 902 2796 vetit
950 2715 1071 2796 nobis
1111 2715 1345 2816 significare

253 2863 369 2918 sunm
397 2839 671 2932 intentionem
700 2849 742 2916 et
769 2839 988 2916 consilium
1017 2863 1148 2942 super
1180 2837 1277 2926 hoo;
1305 2845 1346 2916 et

254 2984 332 3038 nos
360 2964 403 3036 et
429 2963 574 3037 nostra
602 2961 785 3060 negotiu,
815 2985 897 3060 que
926 2985 998 3038 sun
1022 2959 1195 3064 propriu
1224 2983 1344 3062 repu-

255 3082 345 3156 tare
373 3083 526 3182 potest,
555 3077 714 3156 habere
742 3081 780 3155 in
811 3103 910 3158 casu
929 3079 1120 3180 quotibet
1147 3077 1344 3156 favorabi-

256 3197 353 3278 titer
382 3202 641 3278 comendotn.

708 3337 811 3402 Serr.
836 3339 925 3426 ung.
953 3337 1017 3402 Lib
1060 3339 1085 3402 1.
1100 3337 1148 3425 A.
1172 3337 1228 3399 ch.
1252 3335 1302 3398 38.

553 3561 672 3656 nn.
703 3585 812 3659 1346.
841 3587 866 3657 9
894 3581 1040 3658 utari.

256 3769 439 3845 Orronopr.
465 3789 655 3847 noossonry
682 3791 781 3834 ssent
798 3771 976 3850 l‘psropir‚
1008 3789 1048 3829 nr
1070 3787 1199 3846 sorore
1224 3787 1347 3846 oenoe,

502 3892 564 3934 noo
588 3875 671 3935 onst
697 3891 871 3951 operataue
905 3877 1098 3948 meruero.

358 4045 501 4149 Copta:
529 4043 835 4147 respondeatur
863 4047 914 4122 nd
943 4045 1122 4146 capituto
1162 4044 1343 4121 umbone·
1436 4141 1438 4148 Ι

252 4173 319 4242 tre
355 4165 590 4243 comitis
629 4163 911 4264 Gregorii
957 4162 995 4240 in
1025 4161 1344 4240 hunc-modum:
