3226 5112
1184 305 1251 456 ei

160 589 304 670 item
334 593 414 672 ohe
433 593 466 669 i’
494 591 827 672 oroivesoovo'do
853 591 906 672 de
933 594 971 673 io
999 595 1068 674 ior
1088 589 1195 688 otto,
1224 583 1248 674 e

10 771 21 790 .
163 714 202 790 io
239 710 414 792 obbodia
438 715 497 790 .de
524 720 636 790 souts
665 711 797 790 Morio
836 713 889 789 de
927 713 1097 804 liutem,
1125 716 1246 796 hobia

163 841 206 910 et
234 843 383 934 otegno
408 834 459 910 tew
476 857 553 910 suo
583 857 727 910 raxoo.
753 833 899 911 Item
927 833 1007 912 ohe
1035 836 1247 940 tutiipre·

163 953 191 1030 ti
220 953 300 1031 ohe
339 977 447 1032 sono
490 953 659 1032 citudiui
693 954 746 1030 de
782 953 998 1054 Antium,
1037 953 1184 1035 obiouo
1223 983 1249 1034 e

161 1071 415 1173 possiedono
432 1074 520 1149 -tuti
546 1073 560 1148 i
588 1071 780 1171 beneficii
812 1071 877 1149 ior
905 1073 984 1151 obe
1012 1095 1091 1152 eno
1120 1075 1172 1152 de
1188 1099 1248 1154 ro·

161 1217 260 1274 xou.
301 1193 445 1274 Item
488 1193 568 1270 che
609 1215 740 1270 nesun
783 1194 934 1276 eitodiu
974 1197 1027 1274 de
1059 1195 1250 1275 Antibsri

160 1313 275 1414 possi
300 1335 404 1390 over
431 1313 685 1414 provissiou‚
712 1315 872 1417 pronio,
901 1342 928 1392 o
956 1316 1079 1394 soido
1115 1340 1249 1396 overo

160 1453 267 1532 pega
295 1433 453 1518 oiouuo,
496 1434 643 1512 stando
680 1435 720 1510 io
749 1435 954 1515 Antibari.
996 1435 1139 1512 ltem
1168 1437 1248 1514 che

161 1573 316 1628 nessuu
345 1552 411 1628 ior
439 1553 589 1631 oitadio
617 1553 677 1629 sia
703 1553 888 1652 tegnudo
917 1553 1113 1633 andario
1153 1555 1248 1631 hos·

165 1677 205 1748 te
244 1669 404 1748 inorai
431 1696 507 1748 suo
546 1671 713 1751 confini.
753 1672 898 1751 ltem
937 1671 1018 1751 ohe
1053 1695 1100 1750 se
1134 1671 1249 1773 possi

162 1790 323 1871 cuudur
349 1789 389 1868 in
415 1791 607 1872 Antibori
648 1791 890 1878 formento,
924 1799 966 1870 ot
1003 1792 1103 1892 ogni
1143 1793 1250 1872 oltra

161 1933 302 2008 grossa
328 1911 394 1988 dai
422 1911 536 2011 iuogi
562 1935 586 1988 e
616 1912 654 1988 ie
684 1921 798 1990 terre
837 1911 929 1990 deta
969 1912 1251 1991 illustrissimo

160 2031 345 2129 signorio
373 2031 425 2110 de
453 2031 666 2110 Veniexia.
694 2032 770 2108 Nui
796 2041 1037 2112 veromente
1064 2033 1191 2114 oididi
1206 2040 1250 2111 et

160 2152 289 2230 intexi
316 2152 590 2255 suprascripti
611 2153 792 2254 capituli,
820 2178 898 2255 per
924 2157 1102 2234 autorito
1130 2183 1154 2234 e
1183 2157 1248 2235 bo.

161 2273 214 2348 iia
242 2297 269 2347 o
292 2270 362 2346 nui
405 2293 610 2348 concessa
646 2275 698 2350 da
732 2253 770 2349 ia
810 2272 1088 2353 illustrissimo
1126 2275 1250 2374 degui

4 2439 11 2454 ·
159 2391 341 2492 signoria
370 2389 421 2468 de
449 2391 678 2481 Veniemus,
704 2393 894 2496 'predeto
936 2395 1002 2472 ior
1042 2396 1123 2474 oitu
1152 2419 1248 2472 oum

162 2512 407 2592 uitrosoritti
436 2514 621 2616 capitoli,
647 2521 883 2604 aoootemo;
898 2515 964 2592 lor
978 2516 1165 2596 zuraudo
1180 2514 1256 2594 obv

74 2641 104 2654 ''
160 2656 304 2714 servor
331 2632 486 2714 fedeIta
515 2637 579 2712 ala
606 2637 814 2736 prelibato
841 2636 963 2735 dogoi
990 2637 1176 2736 signori&
1196 2636 1255 2714 de·

159 2751 371 2848 Veniexio,
400 2777 424 2828 o
451 2777 523 2830 sou
551 2753 715 2834 Murco.
756 2755 913 2858 Etper
957 2758 1028 2861 piu
1066 2759 1254 2839 fermezo

160 2875 340 2954 havemo
381 2897 518 2951 messo
558 2875 595 2952 ia
630 2881 775 2952 nostru
814 2874 927 2954 butio
967 2877 1100 2956 uxodo
1138 2877 1190 2953 do
1215 2901 1252 2952 s.

160 2993 306 3074 Murco
322 2993 598 3093 Evangeiisto.
625 2993 727 3072 Dato
754 2995 795 3072 in
823 2997 1091 3098 iufroseripto
1108 2999 1249 3095 luogo,

161 3114 202 3192 io
230 3113 909 3208 mccccxu111,inuiotionew‚
937 3117 1002 3194 adi
1024 3123 1073 3195 19
1086 3116 1153 3192 dei
1170 3141 1250 3192 me·
1319 3105 1321 3111 ’

162 3257 216 3310 xe
244 3236 297 3311 de
325 3234 463 3311 Mazo.
490 3233 772 3331 Quamobrem
801 3235 1005 3314 universis
1022 3243 1066 3314 et
1079 3235 1250 3334 singulis

35 3463 38 3466 Ι
161 3355 213 3432 de
240 3380 317 3432 ιιιο
347 3353 541 3432 mundato
572 3358 768 3456 potestati
795 3358 999 3456 Antibari,
1030 3355 1174 3437 comiti
1208 3363 1252 3433 et

163 3476 384 3578 oapitoueo
425 3473 606 3562 Scutari,
646 3475 889 3580 ceterisque
930 3477 1174 3556 rectoribus
1209 3481 1253 3551 et

161 3595 452 3698 provisoribus
479 3596 680 3688 Athonis,
719 3601 989 3700 presentibus
1016 3603 1058 3676 et
1086 3594 1251 3684 futuris

163 3741 259 3794 oum
286 3721 434 3795 nostro
463 3716 615 3794 minori
633 3717 812 3822 oonsilio
828 3718 1156 3822 suprascriptum
1171 3713 1249 3817 pri·

162 3836 361 3935 vilegium
378 3835 687 3925 confirmantes,
704 3835 890 3917 tideiitoti
918 3845 1061 3918 vestre
1088 3836 1251 3914 munda·

163 3981 266 4044 mus,
294 3963 500 4060 quotenus
528 3959 856 4060 suprascriptum
897 3957 1182 4062 privilegium,
1210 3962 1253 4032 et
1287 3991 1295 4003 ,

164 4077 304 4158 omnia
331 4103 414 4179 que
440 4103 518 4181 per
544 4078 645 4156 iiiud
673 4079 753 4194 sibi
782 4082 989 4184 promissa
1029 4073 1147 4165 suut.
1183 4067 1255 4180 deg
