3234 5116
330 629 596 736 requisitioni
633 621 737 712 suae
765 629 996 710 dominatio
1024 635 1167 708 nostra
1195 631 1310 709 nullo
1340 652 1424 707 mo·

331 753 385 833 do
428 753 797 833 condescenderet
833 775 914 834 nec
951 752 1190 832 assentiret.
1245 751 1330 834 seu
1356 777 1426 830 vo·

330 877 442 952 iente
469 875 640 958 domino
669 896 747 951 sno
776 870 921 954 veuirc
949 871 1002 950 ad
1028 871 1134 952 iusta
1163 879 1206 954 et
1231 872 1425 963 honesta,

330 1003 424 1080 sunt
453 993 573 1082 certi,
601 993 869 1096 quodetiam
898 998 1091 1071 nostrum
1119 991 1350 1070 dominium
1372 989 1423 1068 ab

329 1115 556 1220 honestate,
589 1137 673 1192 non
703 1115 940 1193 recederet.
994 1111 1048 1191 ut
1086 1138 1216 1218 super
1242 1115 1327 1194 hoc
1355 1115 1423 1192 de·

331 1237 454 1314 beant
481 1233 583 1314 dicti
605 1235 758 1313 'nostri
784 1233 972 1338 deputati
998 1237 1206 1315 sustinere
1227 1240 1324 1336 jura
1351 1257 1422 1313 no·

330 1363 431 1445 stra,
458 1353 658 1432 cumillis
687 1351 993 1457 pertinentibus
1006 1352 1161 1442 verbis,
1189 1373 1297 1458 quae
1323 1361 1424 1433 suae

329 1474 559 1578 sapientiae
586 1474 850 1553 ridebuntur.
902 1473 956 1552 ut
991 1475 1027 1552 si
1055 1474 1190 1554 dictus
1234 1473 1425 1555 ambassi-

331 1599 429 1672 ator
455 1593 605 1672 auditis
634 1593 756 1674 dictis
783 1595 939 1672 nostris
968 1595 1204 1698 deputatis,
1244 1593 1423 1674 ulterius

329 1736 375 1792 se
402 1715 614 1813 eiargaret
640 1713 693 1792 de
721 1713 953 1794 intentione
979 1714 1139 1792 domini
1165 1715 1254 1802 sui,
1296 1715 1423 1793 debe·

330 1829 515 1914 antdicti
543 1835 676 1913 nostri
704 1833 889 1936 deputati
917 1837 1192 1938 respondere,
1214 1835 1328 1938 quod
1355 1857 1423 1911 au·

329 1955 522 2034 diverunt
549 1977 622 2042 eu,
665 1979 771 2058 quae
798 1957 880 2035 sibi
905 1959 1159 2060 placuerunt
1184 1956 1353 2043 dicere,
1381 1961 1424 2034 et

330 2076 444 2178 quod
461 2079 740 2179 reportabunt
766 2085 912 2154 nostro
938 2077 1122 2156 dominio
1150 2077 1423 2157 intentionem

330 2219 472 2284 suam,
514 2203 563 2274 et
583 2221 663 2300 per
698 2203 889 2276 nostrum
918 2197 1146 2276 dominium
1185 2199 1323 2276 eidem
1351 2195 1425 2276 fiet

331 2314 469 2392 debita
497 2319 733 2420 responsio.

432 2435 478 2514 Si
518 2459 622 2515 vero
664 2440 802 2518 dictus
843 2437 1121 2517 ambassiator
1161 2435 1299 2514 audita
1339 2459 1424 2516 res-

329 2556 537 2658 ponsione
564 2565 710 2637 nostru
737 2559 1037 2666 suprascripta,
1064 2559 1239 2638 ulterius
1265 2581 1351 2636 non
1378 2583 1424 2638 se

330 2677 565 2777 eiargaret,
606 2702 688 2760 nec
717 2681 880 2792 aliquid,
905 2681 958 2757 de
986 2677 1218 2758 intentione
1261 2678 1423 2758 domini

329 2799 392 2876 sui
421 2799 659 2904 opperiret,
699 2801 985 2880 debeatunus
1026 2823 1082 2877 ex
1109 2798 1231 2880 dictis
1266 2800 1423 2879 nostris

332 2919 540 3022 deputatis
579 2920 620 2998 in
646 2945 820 3000 recessu
848 2945 950 3012 suo,
989 2945 1075 3000 non
1105 2919 1335 3000 ostendens
1361 2945 1424 2997 su·

330 3063 410 3144 per
436 3040 522 3119 hoc
548 3039 749 3120 habuisse
775 3041 1043 3120 collationem
1061 3053 1166 3119 cum'
1183 3039 1311 3118 sociis
1336 3039 1422 3120 suis

331 3159 499 3249 dicere,
534 3161 647 3262 quod
676 3167 821 3239 nostra
848 3159 1078 3240 dominatio
1106 3158 1329 3239 maximam
1356 3161 1423 3239 nd·

330 3279 598 3358 mirationem
626 3279 799 3362 habebit
825 3284 879 3360 de
906 3283 973 3360 his
1000 3303 1108 3384 quae
1135 3279 1314 3383 requirit
1341 3279 1424 3359 dic·¹

330 3409 395 3478 tus
424 3404 725 3504 ambassiator‚
756 3403 1054 3492 considerans,
1088 3403 1205 3506 quod
1232 3422 1311 3506 per
1338 3403 1426 3480 ilin-

330 3525 462 3598 strem
489 3523 702 3600 domiuum
732 3542 874 3611 suum,
903 3523 1000 3600 dum
1029 3530 1144 3602 esset
1169 3538 1266 3600 oum
1294 3521 1425 3622 genti.

331 3639 409 3717 bus
436 3642 522 3719 suis
557 3647 714 3722 contra
736 3639 986 3742 Scotorum,
1028 3643 1325 3746 provisoribus
1351 3665 1425 3720 no·

332 3762 432 3840 stris
458 3783 538 3843 nec¹
566 3763 856 3842 ambassiatori
884 3770 1045 3852 nostro,
1077 3783 1288 3864 nunquam
1316 3761 1422 3841 tates

333 3884 631 3984 requisitiones
660 3885 796 3965 iactae
823 3879 1017 3975 inerunt,
1059 3883 1213 3986 quihus
1249 3881 1425 3985 requisi·

332 4007 516 4084 tionibus
557 4009 672 4086 nutlo
709 4009 835 4086 modo
874 4003 1339 4093 condescenderemus,
1378 4009 1424 4082 et

332 4151 396 4224 ea,
426 4137 534 4228 quae
563 4129 663 4209 dicti
690 4129 877 4233 deputati
918 4129 1085 4208 adicio
1113 4121 1421 4208 ambassiatore

332 4248 568 4350 habebunt,
597 4253 822 4354 reportare
850 4247 1032 4329 debeant
1057 4249 1141 4330 isto
1170 4247 1424 4336 consiliunt
