3226 5112
324 610 684 713 ccccxxii.
714 637 826 712 mie.
855 637 917 712 ιι.
945 633 1109 714 cunm

91 805 100 824 ⁴
170 785 396 879 Hyuouohicu
411 814 621 870 caeremonia
644 830 679 870 ea
704 815 925 872 Macrauror‘r»
947 830 1138 872 uocueunre
1153 813 1265 898 Mopra

172 909 279 978 beno,
310 929 347 982 ua
371 930 460 970 noue
485 932 522 971 ca
547 932 695 973 cnecon
730 915 936 974 Creoauour.
971 917 1167 990 acinorum
1190 915 1265 973 Rer-

76 1003 80 1016 '
171 1029 286 1083 cnunc,
306 1019 660 1092 nealopameenhnna
683 1035 874 1095 yrouopurn
897 1039 997 1096 npu.
1043 1013 1266 1116 (Cupeheuo.)

273 1165 359 1246 Nos
396 1167 760 1250 Franciscus
795 1167 1044 1248 Foscari
1082 1163 1151 1250 dei
1178 1193 1266 1270 gru·

172 1285 228 1362 tia
255 1286 339 1364 dux
369 1287 663 1368 venetiarum:
691 1289 1062 1368 comittimus
1097 1287 1171 1366 ubi
1198 1315 1268 1366 no·

172 1405 246 1486 bili
273 1411 363 1488 viro
392 1409 588 1488 Marco
618 1411 776 1491 Geno
813 1409 934 1490 militi
963 1469 972 1488 .
1003 1468 1012 1487 .
1042 1467 1052 1488 .
1082 1407 1195 1512 quod
1224 1416 1268 1487 te

172 1518 391 1610 conferres
420 1531 686 1612 Ceterum
715 1541 758 1610 et
783 1590 794 1610 .
822 1589 832 1610 .
860 1557 941 1612 uno
969 1557 1064 1610 cum
1093 1530 1267 1609 Aiviso

171 1649 518 1760 Lauredanc
548 1711 559 1732 .
589 1713 597 1732 .
626 1653 817 1757 reperias
847 1662 886 1732 te
916 1679 1011 1734 cum
1042 1653 1274 1744 comite

171 1779 380 1849 nostro
411 1771 614 1850 Catari
643 1833 653 1853 .
683 1832 728 1851 ..
763 1775 815 1852 ut
842 1799 968 1876 quum
1007 1799 1076 1851 res
1103 1772 1267 1850 iliarum

171 1895 348 1996 partium
377 1899 551 1974 muitum
595 1897 785 2000 quotidie
825 1899 1065 1990 veriuntur,
1106 1917 1268 1997 nosque

171 2021 362 2117 optamus
403 2017 629 2119 plurimum
670 2016 777 2094 viam
821 2015 1045 2096 concordii
1083 2019 1127 2092 et
1153 2013 1269 2118 pacis

172 2158 221 2211 oc
258 2134 460 2213 celeriter
500 2135 706 2240 expedire
747 2135 818 2213 illu
854 2137 1024 2236 negotiu
1053 2193 1062 2210 .
1092 2193 1101 2212 .
1132 2192 1142 2212 .
1170 2155 1266 2211 nam

171 2255 308 2352 galeas
336 2261 503 2334 nostras
518 2255 559 2336 in
576 2255 656 2332 iilis
685 2253 876 2358 portibus
896 2263 1045 2334 tenere
1074 2278 1157 2332 nou
1173 2278 1268 2360 pos·

89 2394 94 2402 '
170 2400 335 2462 sumus,
363 2375 439 2452 sed
467 2376 568 2454 aiibi
596 2398 803 2454 exercere
840 2373 1129 2477 disponimus,
1157 2373 1197 2450 in
1226 2371 1271 2448 ii·

172 2499 339 2578 bertate
380 2498 553 2577 maioris
595 2501 726 2604 portis
767 2507 953 2577 restrum
994 2499 1270 2601 relinquimus

172 2623 221 2698 ad
251 2623 513 2700 tractandum
542 2621 851 2720 et‘habendum
878 2622 1157 2702 concordium
1174 2645 1269 2699 cum

173 2745 397 2842 comite
439 2741 687 2820 stefano
727 2743 1004 2834 vaivodc,
1033 2799 1043 2820 .
1074 2805 1080 2820 .
1112 2800 1163 2822 ..
1202 2741 1270 2819 vei

171 2865 222 2941 ad
250 2863 591 2942 concordandum
619 2888 696 2943 vos
723 2887 818 2942 cum
848 2871 1027 2966 quatvor
1068 2859 1268 2943 fratribus

170 2981 753 3074 Juruscvichiis,seu
782 2985 903 3062 simui
934 2985 1137 3062 eisemci
1167 2991 1270 3062 irec-

170 3113 260 3184 ture
288 3113 502 3208 utrunque
530 3105 809 3185 concordium
837 3161 848 3184 .
877 3161 888 3183 .
917 3167 924 3180 .

272 3227 324 3304 ut
337 3228 372 3304 si
388 3224 673 3304 deliberabitis
698 3229 801 3308 dere
828 3227 1083 3330 principium
1112 3248 1135 3301 a
1163 3247 1271 3326 qua·

172 3343 1269 3436 tvorfratribussuraseviohiiuvolu-

172 3493 275 3558 mue,
304 3469 416 3569 quod
446 3527 453 3542 .
483 3521 494 3542 .
523 3525 531 3542 .
559 3466 667 3544 detis
696 3491 871 3570 operum
901 3491 998 3546 cum
1028 3465 1089 3544 eis
1118 3464 1171 3544 ad
1199 3467 1270 3543 bo·

170 3593 269 3664 n'um
298 3587 572 3666 concordium
600 3587 821 3674 devenire,
847 3585 1066 3690 poscendo
1096 3582 1268 3688 promit·

172 3717 264 3788 tere
294 3764 305 3786 .
333 3767 344 3788 .
374 3767 382 3785 .
410 3733 543 3812 usque
581 3708 630 3786 ad
660 3707 837 3785 ducatos
873 3710 1104 3785 sexcentos
1132 3704 1185 3782 de
1213 3705 1270 3783 in·

172 3827 369 3908 troitibus
399 3829 562 3906 iliorum
591 3827 774 3930 partium
802 3825 960 3904 uentae
988 3825 1203 3905 inferioris
1231 3827 1274 3902 et

174 3950 351 4028 aliorum
383 3931 614 4038 iocorum(
636 3949 706 4050 qui
733 3947 1005 4050 pervenirent
1041 3945 1091 4024 ud
1129 3944 1272 4024 obedi-

174 4071 327 4152 entium
355 4077 543 4150 nostrum
572 4130 581 4147 .
610 4127 620 4150 .
648 4130 656 4148 .
686 4078 729 4149 et
756 4071 797 4149 in
826 4093 925 4150 casu
955 4093 1050 4148 cum
1080 4091 1272 4172 nonpos-

174 4195 275 4272 setis
304 4217 396 4272 cum
440 4193 501 4270 eis
544 4213 765 4298 remouere
795 4185 1063 4275 concordes,
1093 4212 1146 4264 ex
1189 4211 1272 4289 quc
