3212 5116
354 363 419 432 ulo

343 575 375 652 ll
392 599 412 651 a
431 599 491 652 ro
509 577 518 650 l
536 575 561 664 i,
605 574 832 670 collegium
867 573 1051 660 domini,
1081 573 1432 659 consiliariorum,

342 697 523 797 capitum
553 702 595 771 et
620 693 853 796 sapientum
883 697 1096 770 ambarum
1127 719 1335 780 manuum,
1364 695 1431 770 ha·

342 817 440 893 beat
481 817 718 892 libertatem
760 814 952 892 mittendi
996 827 1117 890 unam
1159 814 1434 892 sufficientem

341 959 569 1037 personam
598 937 647 1012 ad
675 944 820 1038 partes
849 934 1102 1034 Hungariae‚
1132 938 1181 1012 ad
1204 935 1432 1034 significan·

342 1053 438 1128 dum
465 1054 565 1130 sibi.¹
598 1055 841 1156 praedicta,
883 1077 961 1158 pro
1005 1058 1119 1133 bono
1174 1054 1431 1154 agendorum

344 1180 602 1260 nostrorum,
630 1176 850 1277 perillum
884 1177 1086 1262 modum,¹
1104 1179 1173 1277 qui
1201 1178 1316 1256 dicto
1345 1177 1430 1253 col-

343 1296 452 1394 legio
483 1295 592 1372 utilis
620 1295 849 1399 apparebit.

487 1471 591 1535 Secr.
617 1489 717 1536 cons.
740 1490 821 1558 rog.
835 1470 890 1536 lib.
903 1469 964 1535 lll.
978 1471 1016 1536 Ε.
1037 1471 1085 1557 (in
1100 1471 1208 1556 copia
1228 1471 1283 1534 rh.
1307 1474 1396 1554 1215.)

346 1659 715 1757 CLVIII-1388.
745 1677 938 1756 lndict.
968 1676 1440 1756 litteratissimi

366 1874 595 1929 llacraauenla
614 1888 859 1930 aanocuauuaa
886 1873 1032 1944 aryteru
1058 1887 1177 1944 apsaro
1202 1873 1417 1945 l'rapcuoua.

377 1993 381 1996 ⁸
445 2011 491 2088 ln
522 2009 704 2108 collegio
737 2010 911 2098 domini,
945 2011 1298 2098 consiliariorum,
1327 2009 1436 2112 capi·

343 2121 429 2188 tum
460 2121 501 2190 et
531 2111 764 2216 sapientum
795 2111 1012 2190 ambarum
1049 2137 1256 2210 manuum,
1286 2113 1438 2212 vigore
1560 2125 1564 2130 “

345 2233 656 2338 suprascriptae
688 2233 912 2322 libertatis,
942 2243 1082 2338 capta:

445 2389 725 2488 Laurenti
751 2390 857 2466 vade
888 2387 938 2466 ad
966 2387 1246 2490 praesentiam
1274 2385 1446 2466 domi.

344 2512 399 2588 ni
439 2510 604 2610 regis
645 2515 688 2586 ct
728 2510 1114 2588 excellentissimae
1168 2510 1438 2588 dominae

346 2633 592 2730 reginae
633 2631 988 2732 Hungariae‚
1026 2655 1121 2710 cum
1149 2633 1305 2724 nostris
1335 2630 1437 2710 litte·

345 2752 402 2830 ris
443 2754 723 2850 credulitatis,
763 2777 864 2854 quas
894 2751 968 2830 tibi
1011 2752 1188 2830 fecimus
1230 2749 1437 2849 exhiberi,
1477 2797 1480 2804 ·

346 2871 497 2973 quibus
524 2881 567 2950 et
592 2873 758 2973 utrique
800 2894 948 2948 eorum
977 2871 1088 2950 lacta
1130 2872 1304 2951 cordiali
1331 2871 1438 2948 salu·

345 2993 502 3071 tatione
530 3001 573 3070 et
600 2993 788 3092 generali
832 2990 1047 3068 oblatione
1090 3017 1185 3069 cum
1225 2993 1306 3068 illis
1346 3015 1437 3068 ver·

347 3111 422 3208 bis,
453 3136 560 3214 quae
589 3120 685 3190 luae
720 3111 951 3215 sapientiae
991 3111 1267 3200 videbuntur,
1309 3135 1437 3214 expo·

345 3257 435 3317 nes,
473 3234 651 3335 qualiter
679 3234 944 3310 intendentes
984 3255 1261 3342 perseverare
1290 3233 1331 3309 in
1359 3232 1438 3308 sin·

346 3376 445 3432 cera
474 3351 752 3457 dispositione
794 3361 937 3430 nostra
966 3361 1008 3430 et
1037 3353 1210 3431 cordiali
1250 3353 1440 3440 caritate,

347 3499 469 3575 quam
497 3474 699 3552 habemus
726 3473 776 3583 ad
814 3477 1053 3570 maJestates
1095 3497 1188 3551 suas
1217 3481 1259 3550 et
1286 3479 1437 3550 statum

345 3619 488 3684 suum,
528 3593 717 3671 dedimus
746 3602 788 3672 et
817 3596 1023 3672 continuo
1065 3618 1236 3696 operam
1277 3594 1435 3690 damus,

346 3715 398 3792 de
427 3715 645 3793 sentiendo
671 3715 723 3792 de
752 3714 827 3804 nis,
857 3739 965 3817 quae
995 3721 1224 3793 tractantur
1252 3713 1436 3799 etliunt,

346 3842 388 3912 et
404 3837 636 3938 praecipue
665 3819 930 3934 tangentibus
959 3837 1323 3914 conseruationem
1347 3857 1439 3933 reg·

346 3955 388 4032 ni
417 3963 459 4034 et
488 3979 673 4062 coronae
702 3977 814 4046 suast,
841 3963 886 4033 ut
913 3957 1122 4058 possimus
1151 3980 1225 4033 eos
1254 3955 1436 4034 reddere

347 4073 399 4150 de
429 4079 619 4156 omnibus
659 4078 922 4165 informatos,
952 4079 1002 4156 ad
1032 4077 1155 4155 linem
1195 4062 1313 4179 'quod
1341 4097 1434 4178 pos·

346 4197 427 4276 sint
454 4198 683 4300 providere
722 4201 952 4279 secundum
982 4201 1095 4300 quod
1123 4197 1303 4277 viderint
1331 4221 1437 4300 opus
