3206 5110
1238 411 1305 476 m
1430 502 1434 510 .

201 624 408 719 tempore.
464 617 552 714 Qua
592 617 782 694 tamdiu
836 641 966 717 penes
1021 599 1183 696 dictum
1236 645 1305 698 co-

202 738 343 814 mitem
372 738 496 816 Iadre
523 746 638 816 stare
666 738 832 827 debeat,
860 763 982 838 quiam
1001 741 1068 815 diu
1100 742 1188 844 ipsa
1216 767 1306 840 say·

76 933 83 942 ,
200 864 266 934 tea
294 859 361 934 vei
391 860 633 958 tiguumaut
663 859 761 958 tigni
787 861 856 960 qui
885 863 1112 962 dampnum
1139 861 1307 939 dederit

201 963 502 1062 in'Aimisium',
531 981 597 1055 vet
626 979 676 1054 ad
708 978 1209 1080 iocapredictaredibit,
1237 983 1304 1059 rei

201 1097 392 1176 homines
434 1102 535 1203 ipsi,
571 1102 641 1202 qui
671 1127 765 1177 cum
797 1099 996 1178 redierint
1025 1107 1157 1178 totum
1185 1101 1304 1178 ittunr

202 1221 423 1317 ‹tampnum
455 1221 681 1300 emendare
710 1247 757 1298 se
787 1221 996 1320 obligavit,
1025 1223 1304 1322 et'promisit,

203 1347 244 1414 et
285 1339 503 1420 satisfacio
553 1344 692 1444 dapno
744 1327 956 1443 predicto,
984 1341 1120 1420 dictus
1163 1366 1309 1420 eomes

104 1474 107 1480 ’
202 1457 326 1536 ladre
366 1465 557 1540 teneatur
595 1459 821 1538 restituere
850 1485 995 1538 aurum
1015 1467 1065 1537 et
1093 1469 1309 1557 argentum

204 1579 443 1678 predictum
472 1577 586 1656 dicto
616 1579 773 1656 comite
802 1581 1001 1677 Georgio.
1056 1579 1108 1656 ut
1136 1579 1170 1657 si
1198 1579 1308 1657 torte

204 1702 291 1799 ipsa
320 1707 459 1796 sas-tea
487 1699 553 1774 vel
585 1697 738 1796 tignum
767 1709 837 1778 aut
869 1698 977 1798 tigna
1005 1699 1071 1776 vet
1099 1723 1204 1797 gens
1234 1723 1308 1776 sua

204 1825 382 1919 propter
410 1821 604 1914 magnum
634 1817 795 1895 tuormn
827 1821 939 1919 quod
968 1819 1132 1898 faceret
1160 1828 1312 1906 contra

205 1943 326 2036 pacta
356 1941 560 2037 predicto,
587 1940 655 2016 voi
686 1939 764 2018 ntia
794 1938 847 2015 de
878 1961 1003 2017 causa
1032 1963 1114 2026 non
1155 1937 1311 2016 rediret

205 2057 245 2132 iu
273 2057 523 2148 Atmisium‚
557 2060 623 2134 vei
653 2061 704 2136 ad
735 2061 830 2135 ioca
860 2059 1064 2160 predicta,
1091 2057 1202 2136 sicut
1229 2059 1310 2138 dio·

208 2180 291 2252 tum
323 2184 387 2254 est
414 2201 554 2280 supra,
584 2179 638 2254 ita
668 2178 780 2279 quod
809 2183 940 2256 staret
967 2201 1047 2278 per
1067 2179 1173 2254 duos
1203 2201 1311 2254 men-

207 2323 276 2376 ses
305 2303 440 2382 extra,
483 2300 591 2374 ultra
620 2297 800 2402 primum
843 2321 1031 2382 mensem
1061 2297 1313 2398 predictum,¹

207 2428 341 2498 totum
383 2420 482 2496 iilud
527 2420 736 2522 (iconum,
779 2419 890 2519 quod
920 2420 1060 2498 datum
1091 2417 1241 2502 fuerit,
1269 2423 1313 2494 et

207 2565 284 2642 per
324 2540 538 2616 dominum
581 2541 733 2624 ducem
775 2537 1023 2639 requisitum
1065 2537 1167 2614 int'ra
1206 2539 1312 2614 diros

209 2683 374 2748 menses
404 2659 635 2760 predictae,
651 2661 788 2736 intere
808 2659 1018 2738 resarcire
1034 2683 1080 2736 se
1098 2651 1313 2757 obligavit,

209 2785 251 2858 ct
280 2781 491 2881 promisit.

312 2901 415 2976 item
445 2899 599 2976 eodem
633 2900 760 2976 modo
789 2897 982 2999 promisit
1000 2897 1136 2976 dictus
1167 2919 1314 2974 comes

210 3020 431 3120 Georgius,
461 3022 513 3098 de
555 3018 692 3121 dopuo
732 3021 831 3096 dato
859 3018 1033 3094 'tar-etta
1070 3017 1123 3093 de
1154 3017 1314 3096 Castra-

209 3143 335 3227 datto,
366 3146 405 3218 et
435 3141 547 3238 genti
575 3165 665 3228 sue,
694 3144 733 3214 et
762 3137 972 3239 Phytippo
997 3137 1184 3234 Georgio
1217 3161 1313 3215 cum

209 3269 333 3360 gente
364 3263 416 3338 de
459 3258 859 3348 herebannum
901 3263 944 3336 et
981 3257 1149 3332 solvere
1187 3256 1314 3332 lituus

209 3389 394 3483 quatuor
421 3381 549 3456 mittia
578 3379 846 3458 denariorum
876 3379 1138 3458 Venetorum
1169 3397 1316 3476 parvo·

211 3526 315 3592 rum,
342 3499 545 3576 videlicet
577 3499 713 3576 'libres
764 3495 895 3574 miliia
936 3493 1042 3570 infra
1088 3493 1178 3572 dies
1221 3492 1315 3572 XV.
1374 3571 1377 3580 ,

211 3621 434 3724 proximos
476 3627 705 3708 venturos,
739 3625 789 3695 ct
830 3618 1042 3704 residuum
1073 3613 1179 3692 inira
1208 3614 1315 3691 diros

213 3769 344 3822 annm
371 3743 593 3845 proximos
621 3763 732 3816 ntruc
765 3745 992 3827 venturos,
1020 3735 1184 3812 scilieet
1213 3759 1313 3833 quo·

214 3864 316 3940 tibet
344 3887 452 3938 anno
485 3861 610 3940 libras
639 3859 1015 3960 mittoquingcntns
1044 3855 1314 3934 denariorum

213 3985 475 4060 Venetorum
505 4003 745 4081 parvorum,
761 4003 894 4077 rusque
909 3975 960 4052 ad
987 3975 1315 4054 satisfactionem

214 4103 414 4198 integram
444 4105 555 4182 dicte
584 4123 746 4176 summe
777 4096 1033 4198 quantitatis.
1070 4095 1123 4174 Et
1150 4094 1181 4174 si
1211 4097 1316 4170 acci·
1348 4088 1352 4094 ’

213 4225 334 4314 derit,
371 4225 482 4324 quod
510 4223 621 4302 dicta
657 4230 771 4298 terra
798 4217 966 4322 Almiaii
990 4217 1126 4294 exiret
1155 4217 1207 4292 de
1237 4239 1316 4294 mu·
