3154 5102
396 562 727 648 damnificatioue
769 565 961 641 locorum
1002 565 1277 644 comitum
1323 564 1484 642 itudi·
1536 575 1540 580 '

395 684 999 785 sclavietGregorii,
1034 686 1312 769 comitum
1354 684 1486 766 Cor·

395 806 629 896 baviae,
679 805 940 906 aliorumque
998 807 1292 884 comitum
1336 804 1487 882 Scla-

259 923 263 931 ·
396 927 627 1014 vonna,
667 925 744 1002 nist
779 925 969 1002 viderent
1004 900 1334 1026 quonaone
1361 929 1488 1006 nrm-

397 1045 468 1138 cis,
496 1045 562 1122 vei
590 1051 870 1147 procurarent
900 1047 1489 1138 contranostrumhonorcm,

398 1174 440 1250 et
468 1166 563 1268 quia
592 1167 814 1256 credimus,
843 1165 957 1267 quod
987 1173 1097 1244 esset
1125 1169 1281 1246 bouum
1310 1177 1352 1248 at
1382 1169 1489 1250 facc-

397 1293 463 1366 ret
491 1311 570 1390 pro
600 1284 735 1375 nobie,
760 1287 796 1364 si
824 1284 924 1364 dicti
953 1285 1131 1364 comites
1173 1298 1345 1390 possent
1379 1289 1491 1372 uniri

398 1405 631 1494 nobiscum,
660 1413 702 1482 et
730 1403 780 1482 ad
807 1403 1078 1482 intentionem
1107 1411 1293 1490 nostram
1321 1409 1489 1494 consor·

399 1525 515 1616 mari,
543 1533 585 1604 et
612 1525 690 1633 ipsi
731 1525 976 1626 scripserint
1012 1524 1157 1612 nobis,
1198 1527 1312 1627 quod
1353 1528 1490 1608 dictus

399 1642 1397 1746 comesGregoriusadhocvidebatur
1434 1649 1491 1726 iu·
1564 1685 1568 1696 ·

402 1767 596 1856 teudere;
631 1768 823 1844 volumus
849 1768 894 1840 ut
920 1764 1021 1842 dare
1049 1763 1231 1843 debeant
1259 1765 1396 1846 eidem
1424 1793 1492 1846 co·

402 1887 489 1966 miti
518 1887 722 1986 Gregorio
765 1907 930 1963 omnem
968 1884 1117 1964 bonam
1144 1910 1262 1989 spem
1291 1893 1334 1964 et
1361 1888 1492 1967 inten-

401 2009 558 2086 tionem
588 2031 709 2109 quam
736 2013 926 2112 possunt,
955 2030 1048 2083 cum
1073 2005 1149 2082 iilis
1166 2005 1320 2109 pulcris
1348 2007 1493 2087 verbis

401 2137 442 2206 ct
469 2129 630 2228 modis,
674 2129 746 2232 qui
787 2127 868 2205 sibi
909 2125 1162 2206 uidebuntur
1201 2152 1281 2232 pro
1323 2128 1493 2210 honore

401 2256 559 2336 nostro,
588 2248 805 2326 trabentes
834 2245 884 2324 ab
913 2271 995 2335 co,
1025 2254 1219 2350 quantum
1258 2249 1349 2352 pius
1375 2257 1494 2352 pote·

402 2375 508 2454 runt,
538 2367 589 2446 de
617 2368 850 2446 intentione
876 2392 972 2456 sua,
1000 2375 1042 2446 ct
1069 2365 1348 2467 significantes
1373 2367 1495 2450 nobis

400 2490 601 2594 quidquid
643 2490 820 2568 iecerint
857 2499 899 2568 et
934 2489 1157 2568 habuerint
1185 2491 1223 2566 in
1252 2489 1495 2593 praedictis,

401 2609 677 2710 intelligendo,
707 2612 820 2713 quod
850 2612 1103 2713 parlamenta
1132 2634 1239 2713 quac
1264 2618 1495 2714 propterea

399 2733 549 2812 tierent
591 2758 684 2812 cum
714 2731 835 2812 dictis
879 2731 1128 2824 comitibus,
1157 2731 1253 2808 tiant
1281 2739 1400 2812 extra
1428 2731 1495 2810 ba·

401 2853 502 2932 stias
528 2858 707 2938 nostras,
737 2853 845 2930 sicut
873 2851 972 2928 alias
1003 2851 1138 2928 extitit
1167 2849 1416 2930 ordinatum.

504 2973 646 3077 Capta:
674 2973 786 3073 quod
815 2971 1127 3078 sapientes
1156 2969 1495 3052 sclavoniae

402 3093 640 3172 examinent
682 3091 939 3170 ambaxatam
982 3092 1212 3194 expositam
1253 3091 1374 3179 nobis
1415 3116 1494 3196 per

402 3213 710 3292 ambaxatorem
753 3212 975 3289 domini
1025 3211 1187 3310 regis
1227 3211 1492 3300 serviae,

402 3357 530 3440 super
570 3358 650 3435 qua
679 3332 778 3412 dent
805 3331 929 3411 uobis
971 3354 1089 3408 suum
1123 3331 1367 3424 consitium,
1396 3355 1492 3410 cum

403 3479 486 3560 qua
513 3455 668 3533 erimus
695 3453 765 3532 hio
794 3463 837 3532 et
862 3451 934 3531 fiet
961 3452 1069 3530 sicut
1096 3451 1316 3538 videbitur,
1339 3459 1380 3529 et
1407 3451 1491 3553 qui·

403 3571 503 3654 libet
530 3576 661 3677 possit
688 3597 847 3676 ponere
876 3583 1051 3678 partem.

771 3711 878 3777 Secr.
903 3711 994 3799 Rog.
1017 3709 1092 3775 Lib.
1118 3711 1142 3774 Ι.
1167 3729 1233 3775 seu
1255 3711 1290 3775 Α.
1318 3711 1374 3776 ch.
1397 3707 1447 3774 32.

685 3867 753 3964 h·
783 3887 895 3964 1346.
929 3889 952 3962 3
987 3883 1209 3962 Marcii.

427 4044 607 4120 Oarouopn
632 4061 671 4100 ua
696 4058 903 4120 opta-taraus
933 4053 1123 4099 oocaaana
1147 4053 1255 4112 spara
1281 4037 1469 4112 cpoeron..

511 4181 653 4286 Capta:
682 4181 912 4264 examinata
927 4173 1325 4258 ambaxatadomini
1355 4173 1493 4274 regis
