3206 5110
355 612 495 692 dictos
520 604 719 690 denarios
745 610 907 688 habere
934 605 1106 700 debere,
1133 608 1445 687 cuminlnstrn·

358 741 501 814 mento
528 733 646 837 pacis
674 731 974 812 contineantur
999 729 1107 810 haec
1132 731 1278 818 verba,
1303 721 1449 808 videli-

355 859 444 933 cet:
473 853 749 951 Dolccgno
779 849 894 930 chon
923 851 961 927 el
988 874 1036 927 so
1063 852 1276 938 destructo,
1303 875 1328 925 e
1356 848 1445 926 Ca·

354 981 471 1051 taro
501 971 613 1050 chon
642 971 680 1046 el
709 992 758 1050 so
787 971 991 1054 destreto,
1019 988 1149 1048 come
1171 970 1224 1045 ha
1252 969 1393 1046 abudo
1423 993 1448 1045 e

352 1089 536 1191 tegnudo
566 1093 604 1170 al
634 1101 778 1194 tempo
808 1090 875 1168 del
901 1089 1047 1190 olgnor
1082 1087 1262 1165 Zoral
1290 1086 1449 1168 Stra·

352 1211 518 1290 nimir
558 1239 581 1291 e
616 1211 683 1288 del
711 1234 788 1288 suo
817 1207 916 1289 lluol
945 1211 1074 1288 miser
1099 1209 1299 1300 Balsa,
1339 1209 1450 1286 iran-

354 1333 591 1414 obamonte„
633 1331 751 1410 siano
792 1331 846 1410 de
888 1331 926 1408 la
966 1329 1128 1434 prefata
1166 1330 1353 1430 signorla
1395 1331 1451 1407 de

352 1453 671 1538 Venicxia,
713 1451 839 1552 liqual
880 1451 918 1528 la
946 1451 1118 1530 antilata
1152 1451 1293 1530 inclita
1322 1451 1451 1551 dogal

353 1575 538 1676 signoria
566 1575 619 1651 de
647 1571 868 1659 Veniexia,
896 1577 1020 1668 tegna
1049 1593 1074 1646 e
1100 1593 1279 1673 possano
1306 1577 1450 1674 quieta

354 1691 728 1798 opacilioamente
770 1691 863 1770 iure
905 1689 1194 1792 proprietario
1236 1700 1450 1796 perpetuo

353 1825 395 1895 et
421 1818 758 1919 inperpetuum,
786 1835 910 1889 senza
939 1811 1086 1909 algrma
1113 1815 1260 1890 novlta
1283 1814 1450 1918 lmpazo

351 1937 395 2014 ni
423 1937 615 2015 molestia
645 1941 727 2014 cte.
754 1933 986 2036 Alegabant
1012 1935 1140 2034 igitur
1160 1934 1263 2014 dicti
1292 1935 1451 2013 ambas·

352 2059 546 2146 siatorcs,
578 2057 816 2160 quodcum
832 2063 1028 2159 tempore
1042 2055 1200 2134 domini
1227 2055 1449 2156 Georgii
1589 2121 1590 2176 ᾗ

352 2176 564 2256 otdomini
592 2178 785 2256 Balsae
814 2173 1006 2268 elusfilil,
1035 2175 1277 2255 Catarini
1304 2176 1449 2254 solvis-
1589 2177 1590 2234 ἶ

350 2301 445 2376 sent
471 2296 647 2377 ducatos
676 2296 1056 2392 mille-annuatim,
1099 2305 1142 2373 et
1178 2296 1290 2396 quod
1319 2295 1449 2376 inin·

351 2425 585 2498 strumento
614 2419 798 2510 dicatur,
841 2418 956 2521 quod
986 2418 1182 2498 Ceterum
1211 2419 1451 2498 retineatur

351 2559 431 2640 per
456 2543 648 2616 nostrum
674 2535 901 2617 dominium
931 2537 991 2614 uti
1018 2539 1450 2641 tenebatur-tempore

265 2685 272 2698 ·
352 2658 509 2736 domini
548 2659 789 2745 Balsaa,
833 2657 928 2736 inde
956 2655 1305 2745 concludebatur,
1334 2659 1449 2763 quod

350 2799 430 2880 per
457 2785 649 2860 nostrum
678 2778 907 2857 dominium
936 2777 1024 2856 dari
1044 2777 1254 2857 deberent
1269 2781 1451 2860 dominis

350 2895 438 2974 suis
466 2895 604 2976 ducati
643 2899 755 2979 mllle
784 2899 1006 2979 annuatim.
1061 2897 1125 2977 llx
1153 2899 1333 2977 adverso
1368 2923 1449 3000 pro

351 3021 473 3115 parte
513 3023 656 3096 nostra
698 3018 1036 3121 respondebatur
1077 3022 1163 3111 eie,
1208 3019 1295 3099 hoo
1334 3022 1450 3098 nullo

252 3133 255 3140 ’
352 3135 638 3240 modoposso
666 3137 856 3238 intelligi,
885 3141 980 3240 quin
1009 3139 1174 3218 invelle
1203 3143 1448 3244 praetende·

352 3280 402 3332 re
427 3257 588 3336 habere
613 3257 793 3336 ducatos
821 3260 935 3338 mille
951 3263 1175 3349 annuatim,⁴
1203 3265 1449 3344 necessario

351 3377 452 3479 poni
480 3376 664 3456 debebat
704 3386 746 3455 et
786 3379 880 3457 lieri
908 3382 1067 3459 mentio
1097 3402 1173 3484 per
1200 3407 1449 3487 expressum

351 3497 393 3573 in
420 3495 723 3596 instrumento,
765 3506 893 3603 prout
930 3499 1083 3580 lactum
1112 3503 1188 3584 fult
1216 3505 1257 3583 in
1285 3505 1449 3586 ducatis
1520 3542 1525 3550 ·

354 3613 484 3702 millo,
512 3639 619 3717 quos
646 3625 791 3697 nostra
819 3619 1051 3699 dominatio
1081 3623 1142 3701 eis
1172 3624 1449 3728 darepromi·

352 3735 407 3813 sit
433 3737 642 3816 annuatim
680 3740 720 3814 in
757 3741 826 3818 die
854 3745 1148 3845 assumptionis
1177 3749 1328 3826 beatae
1368 3750 1449 3825 vlr-

351 3856 460 3956 ginis
488 3859 540 3935 de
568 3858 811 3938 introitibus
839 3859 1018 3943 Scuta
1037 3867 1098 3942 ri.
1137 3865 1365 3950 Praeterea
1403 3871 1446 3948 in

226 4058 230 4079 ,
353 3975 611 4082 diotaparte
638 3981 903 4062 instrumenti
931 3983 1086 4064 dicitnr
1114 3987 1308 4068 Catonum
1347 4013 1445 4070 oum
1582 4081 1583 4095 p

353 4097 544 4177 districtu
573 4123 669 4178 esso
697 4099 856 4180 debere
882 4108 1020 4184 nostri
1048 4106 1220 4189 dominii
1247 4111 1443 4200 franche3

354 4216 389 4292 si
417 4224 556 4298 autem
583 4221 689 4300 solvi
717 4221 924 4307 deberent
963 4248 1042 4331 pro
1078 4255 1134 4312 eo
1162 4231 1301 4315 ducati
1328 4233 1445 4316 mille
