3220 5118
477 655 543 734 Ad
572 661 841 758 quartam
875 663 1095 758 partem,
1121 679 1201 760 per
1228 681 1352 760 quem
1379 680 1477 736 nos·

378 785 444 856 tro
473 775 662 855 dominio
690 773 949 878 significavit,
978 775 1135 856 dictum
1161 776 1373 858 dominum
1400 779 1475 856 im·

377 895 821 1000 peratoremtenuisse
849 897 902 974 de
931 897 1181 996 temporeis
1196 903 1361 1000 tempus
1382 920 1479 1002 pra-

379 1014 505 1092 ticam
534 1013 975 1100 cumAmustasa,
1016 1011 1147 1091 fratre
1191 1013 1479 1104 Chierizi,

379 1141 422 1213 et
448 1159 544 1212 cum
585 1137 819 1240 desputo
849 1131 1089 1225 Servios,
1118 1143 1160 1216 ct
1188 1133 1360 1214 domino
1391 1135 1480 1214 Ca·

383 1276 612 1353 ramano,
642 1263 684 1334 at
711 1255 826 1357 quod
853 1257 890 1334 si
904 1261 1049 1331 nostra
1077 1254 1323 1346 dominatio)
1349 1279 1480 1359 prop·

379 1383 446 1452 ter
474 1373 622 1453 damna
651 1381 851 1454 attentata
878 1397 983 1477 per
1021 1371 1098 1450 Tu
1115 1397 1137 1450 r
1153 1371 1219 1452 ch
1236 1399 1297 1452 os
1324 1381 1480 1455 contra

384 1495 574 1574 subditos
614 1503 810 1584 nostros,
850 1495 981 1576 vellet
1020 1520 1067 1572 se
1108 1519 1283 1581 movere
1326 1505 1481 1579 contra

380 1615 598 1711 Tarchos,
628 1617 812 1722 predicti
840 1615 998 1694 domini
1025 1641 1071 1694 se
1100 1617 1224 1698 etiam
1251 1623 1482 1697 moverent

349 1746 353 1752 '
381 1741 538 1848 aparte
567 1739 707 1814 terrae
737 1759 832 1816 cum
853 1735 940 1812 suis
968 1736 1167 1842 potentiis
1196 1745 1344 1818 contra
1370 1735 1480 1816 'Pur-

384 1855 491 1936 chos
518 1855 753 1958 predictos,
783 1861 825 1934 et
841 1856 896 1935 ob
924 1855 1011 1939 hoc
1039 1855 1174 1935 dictus
1203 1857 1481 1938 ambassiator

382 1976 512 2056 habet
538 1975 700 2054 litteras
728 1973 957 2054 directiuas
985 1973 1107 2056 dictis
1135 1975 1314 2056 dominis
1330 1985 1373 2056 et
1397 1985 1481 2056 cet.

382 2093 726 2200 Respondemus,
754 2093 866 2201 quod
894 2118 943 2174 ea
972 2118 1079 2198 quae
1107 2097 1243 2178 dictus
1271 2098 1481 2176 ambasia·

381 2227 451 2295 tor
486 2215 686 2316 exposuit
711 2239 840 2317 super
876 2215 987 2294 sacto
1015 2218 1203 2324 praticae
1243 2214 1481 2320 predictae,
1592 2217 1593 2226 ‘

298 2343 302 2355 ’
381 2335 573 2414 videmus
600 2343 643 2413 et
672 2335 976 2435 cognoscimus
1012 2335 1210 2438 optimam
1240 2335 1482 2440 dispositio·
1592 2349 1593 2366 *

381 2482 476 2536 nem
506 2453 763 2532 serenissimi
791 2451 948 2560 domini
969 2453 1236 2556 imperatoris
1253 2456 1304 2536 ad
1320 2455 1481 2536 bouum
1592 2469 1593 2504 t

382 2583 424 2654 et
451 2577 630 2652 salutem
660 2571 1020 2664 Christianorum,
1057 2581 1099 2654 et
1126 2573 1325 2654 similiter
1352 2599 1481 2680 quum

381 2697 510 2776 habet
538 2719 640 2796 erga
655 2701 848 2772 nostrum
876 2691 1120 2790 dominium,
1147 2695 1256 2775 sicut
1282 2697 1480 2798 superius

382 2815 594 2916 tetigimus
622 2837 723 2893 suae
752 2811 961 2890 maiestati
992 2813 1274 2912 regratiantes
1288 2814 1480 2903 dicimus,

384 2934 496 3036 quod
525 2934 873 3036 quociescunque
899 2931 1132 3010 videbimus
1160 2933 1359 3014 dominos
1386 2959 1479 3040 pre·

383 3057 523 3134 dictos
567 3061 610 3134 et
637 3054 853 3132 dominum
896 3077 1092 3156 negem
1133 3051 1479 3156 Hungariae

383 3183 553 3280 paratos
583 3175 899 3256 contradictus
926 3173 1149 3268 'Purchoa‚
1177 3185 1220 3254 ct
1245 3175 1487 3284 habeamus,

384 3317 533 3400 pacem
574 3319 669 3372 cum
711 3292 825 3373 dicto
868 3295 1040 3374 domino
1082 3317 1183 3398 rege
1223 3293 1474 3398 Hungariae,

384 3440 556 3520 semper
589 3415 853 3498 inveniemur
879 3418 1064 3520 prompti
1092 3439 1145 3498 ex
1173 3423 1293 3519 parte
1329 3425 1474 3496 nostra

315 3571 322 3581 ·
385 3538 436 3614 ad
464 3559 540 3628 ea,
580 3560 687 3638 quae
716 3546 977 3616 concernant
1017 3537 1173 3615 bonum
1215 3545 1257 3615 et
1296 3537 1473 3617 salutem

386 3657 725 3738 Christianorum
754 3665 900 3736 contra
925 3657 1121 3736 Turehos
1150 3657 1383 3760 predictos.
1458 3711 1461 3720 ,

741 3795 845 3862 Secr-
870 3795 981 3862 Cons.
1004 3797 1096 3885 Rog.
1121 3793 1192 3861 Lib.
1216 3793 1278 3862 vl.
1302 3797 1358 3862 ch.
1380 3797 1433 3862 85.

488 3987 903 4092 CCLXXXVII.
933 4012 1043 4088 rma.
1072 4011 1110 4087 a.
1140 4005 1388 4117 Aprilis.

384 4153 602 4211 literae-reni
624 4169 660 4212 aa
683 4139 865 4210 noanneane
890 4149 1135 4224 Macro-imru,
1157 4149 1301 4224 eayiers
1325 4165 1367 4206 rus
1388 4147 1472 4223 Typ-

465 4273 574 4314 reon
597 4271 737 4332 epernay
763 4255 895 4330 {inpane
921 4271 980 4318 cae
1004 4251 1151 4332 iipnuriit.
1175 4249 1391 4335 (Cepahcuo.)

491 4371 635 4476 Capta.
662 4371 783 4472 Quod
811 4371 883 4451 fiat
912 4369 1107 4449 comissio
1124 4369 1251 4448 nobili
1278 4370 1369 4448 viro
1396 4385 1471 4443 aer
