3154 5102
398 657 399 664 Ν
452 589 557 668 Nota
587 588 703 692 quod
730 611 844 668 arms
872 596 1071 670 contenta
1097 592 1139 668 in
1168 589 1318 670 litteris
1337 590 1437 670 dieti

349 709 504 788 domini
533 709 643 810 regis
680 717 777 788 sunt
815 708 948 790 haec:
980 755 1023 766 -
1052 710 1189 814 primo
1218 717 1437 789 trecentae

351 829 546 912 curaciae
587 877 629 888 —
669 831 850 910 trecenti
885 829 1128 912 schencheli
1165 873 1209 888 -
1248 837 1438 910 trecenta

350 953 508 1034 colaria
537 997 580 1006 —
611 959 802 1030 trecente
818 953 991 1030 barbate
1009 993 1052 1007 —-
1087 960 1130 1030 et
1162 949 1342 1032 trecenti
1370 949 1435 1028 oli·

273 1159 282 1188 Ι
348 1074 431 1178 pei,
462 1081 504 1152 et
531 1073 639 1151 facta
680 1072 757 1150 fuit
798 1071 944 1150 cedula
973 1071 1217 1152 officialibus
1259 1071 1437 1168 tabulae,

348 1197 464 1299 quod
505 1195 697 1274 facerent
746 1193 945 1272 bulletam
984 1193 1052 1276 Sr.
1101 1194 1331 1274 Matheo
1372 1193 1438 1270 de

348 1317 524 1394 Grado
554 1317 615 1393 de
643 1311 880 1414 Regusio
910 1339 989 1418 pro
1017 1312 1439 1413 dietodoninorege

347 1435 597 1516 extrahendi
625 1434 734 1514 dicta
752 1457 879 1526 orma,
907 1437 1112 1516 solvendo
1140 1439 1295 1516 datium
1318 1459 1436 1512 cons·

346 1567 498 1638 vetum.

854 1659 938 1725 Sec·
962 1657 1053 1748 Rog.
1078 1657 1186 1724 Libro
1210 1658 1235 1722 Ι.
1261 1660 1318 1724 eh.
1340 1658 1392 1722 20.

372 1831 567 1930 XLVI.
607 1847 1410 1954 1345.rnu.x1111.ruanuarn.

250 2042 253 2046 ’
342 2047 568 2116 3antoneso,
591 2063 803 2125 oprosopsra
827 2059 1107 2121 ynpasnresnnna
1132 2059 1325 2118 eysoseuse
1351 2043 1432 2102 nori·

345 2167 415 2220 ese,
437 2167 475 2223 pa
500 2169 618 2210 nemra
641 2169 827 2214 nanonasro
852 2167 1004 2226 uporaay
1018 2151 1171 2224 rsppnsts
1187 2153 1351 2222 noanon,
1373 2163 1447 2227 saox

344 2271 421 2314 mro
446 2271 620 2330 opepsaaee
643 2273 746 2318 saera
772 2261 943 2335 nlaapenn,
967 2271 1033 2329 aps
1058 2272 1075 2311 s
1098 2272 1139 2312 ro
1156 2269 1332 2327 npornano
1356 2269 1432 2328 yro-

387 2375 484 2438 npy,
508 2375 752 2421 sancrosancta
777 2378 815 2420 os
839 2361 973 2420 onnon
996 2361 1112 2417 Boose
1136 2375 1153 2414 a
1179 2375 1223 2416 cn
1244 2359 1392 2431 erana.

290 2515 292 2524 ’
447 2525 601 2630 Capta:
643 2531 756 2632 quod
793 2529 1106 2631 respondeatur
1142 2528 1362 2630 capitaneo
1392 2535 1434 2603 et

344 2648 698 2746 gubernatoribus
727 2648 882 2728 nostris
911 2655 1064 2739 terrae,
1080 2647 1131 2724 ad
1147 2647 1307 2726 litteras
1320 2670 1454 2759 quast

343 2767 464 2848 nobis
494 2771 697 2848 miserunt
725 2795 820 2849 curn
849 2769 999 2846 titteris
1028 2768 1198 2847 inclusis
1228 2767 1433 2846 comitis
1550 2762 1552 2772 '

343 2887 607 2976 uranici,
651 2879 963 2970 continentibus
1007 2889 1060 2967 de
1101 2888 1283 2991 quodem
1328 2897 1433 2966 trao-

286 3077 290 3088 .
343 3015 442 3096 tatu,
471 3035 595 3110 quem
624 3011 760 3090 dictus
792 3036 938 3090 comes
970 3010 1122 3087 asserit
1147 3008 1306 3086 habere
1328 3031 1433 3111 prae

342 3129 530 3206 manibus
571 3131 753 3209 infacto
781 3131 946 3218 Tinini,
990 3129 1104 3230 quod
1143 3131 1254 3208 sicut
1297 3129 1435 3206 sciunt

340 3251 383 3328 in
413 3251 723 3353 compositione
760 3253 871 3330 iacta
906 3275 984 3353 per
1012 3273 1086 3328 eos
1126 3276 1247 3328 cum
1288 3250 1436 3327 beno

340 3368 534 3448 Bosne
563 3378 607 3449 et
633 3368 943 3472 HungariS.
973 3369 1229 3471 promissum
1257 3368 1334 3446 fuit
1354 3392 1436 3471 pro

339 3496 461 3594 parte
488 3498 635 3570 nostra
661 3518 746 3572 non
773 3493 987 3576 invadere,
1026 3497 1174 3568 tenere
1203 3515 1289 3566 seu¹
1309 3515 1434 3569 occu·

339 3635 455 3712 pare,
482 3611 534 3690 de
561 3610 746 3704 iuribus,
786 3611 1028 3696 nobilibus,
1057 3610 1267 3710 gentibus,
1308 3609 1437 3690 terris

343 3733 747 3834 autpossesionibus
773 3734 929 3812 domini
956 3735 1102 3834 regis
1130 3731 1437 3830 Hungariae

341 3857 384 3928 et
422 3849 540 3951 regni
580 3853 657 3930 sui.
710 3855 870 3932 Verum
908 3877 992 3930 non
1020 3851 1187 3931 videtur
1213 3851 1335 3936 nobis
1363 3850 1436 3928 ho·

340 3976 518 4057 nestrrm,
545 3995 626 4052 nee
653 3973 796 4052 facere
823 3999 902 4078 pro
939 3973 1058 4052 factis
1095 3972 1278 4067 nostris,
1307 3973 1438 4052 intro-

340 4089 506 4170 mittere
534 4113 611 4168 nos
640 4094 692 4170 de
719 4095 833 4172 dicto
871 4101 1057 4172 castro
1093 4091 1288 4188 Tinini,
1319 4094 1437 4194 quod

338 4235 417 4314 per
443 4211 543 4290 dicti
578 4213 691 4309 regis
732 4219 900 4311 gentem
941 4212 1257 4317 presentialiter
1297 4219 1436 4301 custo,-
