3154 5102
1179 437 1222 504 87

137 639 358 720 Ser-siae
386 645 606 721 consulunt
632 643 838 746 sapientes
865 645 1116 754 responderi
1144 670 1221 726 am·

137 761 325 840 baxatori
352 787 443 840 suo:

235 931 288 1011 Et
314 931 449 1035 primo
477 931 529 1008 ad
557 933 737 1035 primum
754 935 991 1036 capitulum,
1007 937 1223 1016 continens

136 1057 173 1132 io
203 1055 355 1134 effectu
392 1053 457 1131 de
493 1055 899 1146 coronatione
935 1056 1114 1136 suain
1142 1059 1223 1136 im·

12 1269 13 1276 x
136 1176 298 1278 perio
341 1173 1060 1278 Constantinopolitano,
1102 1203 1224 1280 quam

12 1339 13 1376 1
135 1296 255 1375 nobis
269 1295 319 1372 ad
333 1297 525 1398 gaudium
541 1295 756 1398 significat,
772 1297 1090 1398 respondeatur,
1110 1299 1225 1400 quod

136 1415 188 1494 ob
215 1417 445 1521 specialem
473 1419 759 1514 devotionem,
792 1442 912 1520 quam
940 1442 1110 1522 semper
1137 1442 1226 1518 ges·

12 1589 14 1612 .
135 1540 259 1615 simus
289 1545 331 1614 et
357 1539 540 1638 gerimus
582 1538 631 1613 ad
673 1563 789 1615 sumn
832 1541 1117 1638 majestatem,
1146 1564 1225 1618 nos

137 1665 177 1750 et
202 1661 343 1734 nostra
373 1659 615 1749 comunitas,
656 1658 708 1736 de
732 1655 1052 1760 quibuscunque
1094 1657 1224 1738 hono·

135 1781 247 1858 ribus
275 1787 319 1856 et
346 1777 478 1876 gloria
506 1801 606 1855 suae
637 1779 862 1876 majestatis
891 1777 1114 1882 plurimum
1130 1801 1223 1878 gau·

136 1903 291 1988 demus,
307 1909 516 2003 tamquam
530 1899 785 1978 serenissimi
805 1907 856 2000 ¹et
878 1898 1114 1978 honorandi
1130 1897 1223 1975 ami·

136 2021 171 2099 ci
200 2030 242 2098 et
268 2017 402 2098 affinis
428 2017 572 2112 nostri,
601 2019 845 2098 affectantes
885 2025 1153 2120 augmentum
1182 2025 1224 2096 et

12 2147 13 2242 ξ
133 2143 497 2221 conservationem
525 2149 656 2222 status
685 2143 964 2220 excellentiae
993 2165 1115 2228 suae,
1152 2165 1219 2219 ve·
1293 2145 1297 2156 '

12 2289 13 2334 ι
135 2269 190 2344 lut
216 2263 450 2367 proprium,
480 2283 575 2341 oum
603 2262 786 2342 sciamus
814 2265 1069 2362 majestatem
1107 2285 1221 2340 suam

12 2391 13 2450 ἵ
133 2387 307 2485 diligere
337 2391 512 2464 econtra
539 2394 727 2477 nostrum
752 2383 959 2462 honorem
989 2387 1030 2462 et
1057 2389 1221 2470 statum,

12 2491 14 2550 Ψ
132 2511 174 2584 et
200 2507 309 2584 sicut
337 2507 611 2607 cognovimus
637 2530 715 2610 per
735 2505 929 2584 effectum
945 2503 984 2580 in
1001 2501 1221 2602 magnilica

12 2699 14 2734 ,
133 2627 345 2707 oblatione
372 2650 452 2730 per
480 2651 572 2702 eum
614 2625 736 2703 nobis
777 2625 883 2703 facta
923 2647 1005 2699 non
1046 2630 1111 2700 est
1138 2621 1220 2712 diu,

12 2835 13 2838 Ν
78 2796 80 2804 *
132 2753 183 2830 de
224 2753 351 2850 gente
387 2770 460 2824 sua
489 2746 538 2823 ad
566 2751 752 2824 nostrum
788 2745 1029 2832 servitium,
1072 2749 1218 2822 contro

130 2871 311 2948 ledram.
365 2867 417 2945 nt
443 2846 540 2944 ideo
571 2867 847 2967 regratiamur
874 2890 973 2944 suae
1002 2863 1219 2964 majestati,

130 2993 181 3070 de
211 2989 409 3092 eoquod
437 2987 559 3066 nobis
586 2995 683 3064 nota
724 2987 823 3066 facit
864 2987 952 3065 eius
993 2984 1140 3086 gaudia
1176 2989 1219 3059 et

131 3117 329 3201 honores,
357 3138 463 3216 quae
492 3119 609 3212 grata
637 3107 921 3210 multipliciter
947 3116 1041 3187 sunt
1073 3106 1216 3186 animis

132 3231 297 3318 nostris,
326 3231 422 3334 quia
462 3230 717 3334 suplicamus
746 3230 959 3318 altissimo,
995 3231 1112 3331 ‚quod
1148 3227 1218 3304 ho·

133 3377 259 3430 nores
287 3359 328 3430 et
355 3351 651 3430 excellentiam
678 3375 794 3428 suam
833 3357 1054 3428 conservet
1082 3355 1124 3424 et
1151 3369 1215 3421 au·

135 3483 231 3574 goat
257 3473 481 3551 maximum
509 3481 664 3550 votum.

234 3645 298 3727 Ad
335 3645 551 3724 iactum
587 3670 691 3725 vero
728 3645 983 3732 unionis,
1012 3665 1133 3745 quam
1162 3637 1216 3719 in·

135 3777 197 3847 ter
223 3767 359 3870 ipsum
388 3775 532 3844 etnos
559 3764 648 3844 fieri
674 3771 804 3867 petit,
834 3789 912 3869 pro
943 3760 1216 3864 aquisitio-

135 3913 197 3966 ne
236 3887 479 3990 imperii
522 3881 1100 3986 Constantinopolis.
1139 3878 1215 3958 lle·

136 4011 401 4112 spondeatur:
417 4011 528 4111 quod
557 4009 715 4087 animus
728 4014 872 4086 noster
886 4027 1055 4109 semper
1079 4001 1217 4080 unitus

136 4135 174 4206 ct
199 4129 428 4208 conformis
455 4139 532 4228 est,
562 4129 613 4208 ad
641 4129 852 4236 quaelibet
874 4151 973 4207 suae
991 4122 1214 4225 majestatis

137 4245 391 4352 beneplacita
420 4255 461 4329 el
487 4249 687 4329 honoros.
713 4251 870 4328 Verum
898 4253 1074 4352 propter
1099 4265 1217 4342 guer-
