<?xml version="1.0" encoding="UTF-8"?>
<!DOCTYPE html PUBLIC "-//W3C//DTD XHTML 1.0 Transitional//EN"
    "http://www.w3.org/TR/xhtml1/DTD/xhtml1-transitional.dtd">
<html xmlns="http://www.w3.org/1999/xhtml" xml:lang="en" lang="en">
 <head>
  <title>
</title>
<meta http-equiv="Content-Type" content="text/html;charset=utf-8" />
  <meta name='ocr-system' content='tesseract 3.04.00' />
  <meta name='ocr-capabilities' content='ocr_page ocr_carea ocr_par ocr_line ocrx_word'/>
</head>
<body>
  <div class='ocr_page' id='page_1' title='image "./actaarchivivene00sergoog_0279.png"; bbox 0 0 3236 5108; ppageno 0'>
   <div class='ocr_carea' id='block_1_1' title="bbox 1236 353 1297 416">
    <p class='ocr_par' dir='ltr' id='par_1_1' title="bbox 1236 353 1297 416">
     <span class='ocr_line' id='line_1_1' title="bbox 1236 353 1297 416; baseline -0.033 0"><span class='ocrx_word' id='word_1_1' title='bbox 1236 353 1297 416; x_wconf 70' lang='lat'><strong>201</strong></span> 
     </span>
    </p>
   </div>
   <div class='ocr_carea' id='block_1_2' title="bbox 206 533 1443 779">
    <p class='ocr_par' dir='ltr' id='par_1_2' title="bbox 206 533 1443 779">
     <span class='ocr_line' id='line_1_2' title="bbox 208 533 1443 656; baseline 0.006 -28"><span class='ocrx_word' id='word_1_2' title='bbox 208 547 369 632; x_wconf 83' lang='lat' dir='ltr'><strong>habere</strong></span> <span class='ocrx_word' id='word_1_3' title='bbox 395 555 516 632; x_wconf 85' lang='lat' dir='ltr'><strong>certa</strong></span> <span class='ocrx_word' id='word_1_4' title='bbox 541 557 663 656; x_wconf 84' lang='lat' dir='ltr'><strong>pacta</strong></span> <span class='ocrx_word' id='word_1_5' title='bbox 693 557 734 632; x_wconf 90' lang='lat' dir='ltr'><strong>et</strong></span> <span class='ocrx_word' id='word_1_6' title='bbox 762 555 1068 636; x_wconf 77' lang='lat' dir='ltr'><strong>conventiones</strong></span> <span class='ocrx_word' id='word_1_7' title='bbox 1097 581 1194 638; x_wconf 87' lang='lat' dir='ltr'><strong>cum</strong></span> <span class='ocrx_word' id='word_1_8' title='bbox 1213 581 1296 635; x_wconf 89' lang='lat' dir='ltr'><strong>om·</strong></span> <span class='ocrx_word' id='word_1_9' title='bbox 1440 533 1443 544; x_wconf 46' lang='lat'><strong>¹</strong></span> 
     </span>
     <span class='ocr_line' id='line_1_3' title="bbox 206 676 1442 779; baseline 0.003 -27"><span class='ocrx_word' id='word_1_10' title='bbox 206 676 342 762; x_wconf 88' lang='lat' dir='ltr'><strong>nibus,</strong></span> <span class='ocrx_word' id='word_1_11' title='bbox 369 677 420 754; x_wconf 92' lang='lat' dir='ltr'><strong>ad</strong></span> <span class='ocrx_word' id='word_1_12' title='bbox 449 698 557 776; x_wconf 86' lang='lat' dir='ltr'><strong>quae</strong></span> <span class='ocrx_word' id='word_1_13' title='bbox 597 677 721 779; x_wconf 82' lang='lat' dir='ltr'><strong>pacta</strong></span> <span class='ocrx_word' id='word_1_14' title='bbox 756 683 900 779; x_wconf 89' lang='lat' dir='ltr'><strong>partes</strong></span> <span class='ocrx_word' id='word_1_15' title='bbox 942 676 1147 777; x_wconf 79' lang='lat' dir='ltr'>obligatae</span> <span class='ocrx_word' id='word_1_16' title='bbox 1188 685 1296 767; x_wconf 90' lang='lat' dir='ltr'><strong>sunt,</strong></span> <span class='ocrx_word' id='word_1_17' title='bbox 1440 711 1442 716; x_wconf 59' lang='grc'><em>’</em></span> 
     </span>
    </p>
   </div>
   <div class='ocr_carea' id='block_1_3' title="bbox 206 795 1299 1982">
    <p class='ocr_par' dir='ltr' id='par_1_3' title="bbox 206 795 1299 1982">
     <span class='ocr_line' id='line_1_4' title="bbox 206 795 1296 898; baseline 0.002 -24"><span class='ocrx_word' id='word_1_18' title='bbox 206 797 261 874; x_wconf 87' lang='lat' dir='ltr'><strong>ita</strong></span> <span class='ocrx_word' id='word_1_19' title='bbox 278 795 391 896; x_wconf 86' lang='lat' dir='ltr'><strong>quod</strong></span> <span class='ocrx_word' id='word_1_20' title='bbox 419 796 679 874; x_wconf 82' lang='lat' dir='ltr'><strong>nullomodo</strong></span> <span class='ocrx_word' id='word_1_21' title='bbox 696 797 747 872; x_wconf 91' lang='lat' dir='ltr'><strong>ad</strong></span> <span class='ocrx_word' id='word_1_22' title='bbox 776 795 897 874; x_wconf 89' lang='lat' dir='ltr'><strong>istam</strong></span> <span class='ocrx_word' id='word_1_23' title='bbox 926 798 1050 898; x_wconf 83' lang='lat' dir='ltr'><strong>ligam</strong></span> <span class='ocrx_word' id='word_1_24' title='bbox 1078 799 1296 876; x_wconf 85' lang='lat' dir='ltr'><strong>attendere</strong></span> 
     </span>
     <span class='ocr_line' id='line_1_5' title="bbox 206 915 1297 1018; baseline 0.002 -26"><span class='ocrx_word' id='word_1_25' title='bbox 206 917 453 1001; x_wconf 76' lang='lat' dir='ltr'><strong>valeremus,</strong></span> <span class='ocrx_word' id='word_1_26' title='bbox 483 916 576 1016; x_wconf 90' lang='lat' dir='ltr'><strong>quia</strong></span> <span class='ocrx_word' id='word_1_27' title='bbox 605 923 749 1018; x_wconf 89' lang='lat' dir='ltr'><strong>posset</strong></span> <span class='ocrx_word' id='word_1_28' title='bbox 789 915 963 1006; x_wconf 89' lang='lat' dir='ltr'><strong>nimium</strong></span> <span class='ocrx_word' id='word_1_29' title='bbox 996 917 1297 1018; x_wconf 75' lang='lat' dir='ltr'><strong>praejradicium</strong></span> 
     </span>
     <span class='ocr_line' id='line_1_6' title="bbox 207 1036 1299 1142; baseline 0.001 -25"><span class='ocrx_word' id='word_1_30' title='bbox 207 1049 355 1117; x_wconf 87' lang='lat' dir='ltr'><strong>nostro</strong></span> <span class='ocrx_word' id='word_1_31' title='bbox 383 1036 507 1116; x_wconf 87' lang='lat' dir='ltr'><strong>statui</strong></span> <span class='ocrx_word' id='word_1_32' title='bbox 533 1059 755 1137; x_wconf 83' lang='lat' dir='ltr'><strong>generare;</strong></span> <span class='ocrx_word' id='word_1_33' title='bbox 784 1045 1071 1142; x_wconf 86' lang='lat' dir='ltr'><strong>etpropterca</strong></span> <span class='ocrx_word' id='word_1_34' title='bbox 1099 1063 1299 1140; x_wconf 75' lang='lat' dir='ltr'><strong>rogamus</strong></span> 
     </span>
     <span class='ocr_line' id='line_1_7' title="bbox 207 1157 1298 1264; baseline -0.002 -24"><span class='ocrx_word' id='word_1_35' title='bbox 207 1163 342 1264; x_wconf 86' lang='lat' dir='ltr'><strong>ipsum</strong></span> <span class='ocrx_word' id='word_1_36' title='bbox 371 1157 582 1236; x_wconf 88' lang='lat' dir='ltr'><strong>dominum</strong></span> <span class='ocrx_word' id='word_1_37' title='bbox 609 1183 774 1258; x_wconf 84' lang='lat' dir='ltr'><strong>regem,</strong></span> <span class='ocrx_word' id='word_1_38' title='bbox 803 1168 1007 1262; x_wconf 87' lang='lat' dir='ltr'><strong>quatenus</strong></span> <span class='ocrx_word' id='word_1_39' title='bbox 1035 1184 1119 1238; x_wconf 88' lang='lat' dir='ltr'><strong>nos·</strong></span> <span class='ocrx_word' id='word_1_40' title='bbox 1140 1160 1298 1238; x_wconf 87' lang='lat' dir='ltr'><strong>babere</strong></span> 
     </span>
     <span class='ocr_line' id='line_1_8' title="bbox 206 1279 1297 1360; baseline 0 -2"><span class='ocrx_word' id='word_1_41' title='bbox 206 1280 309 1360; x_wconf 85' lang='lat' dir='ltr'><strong>velit</strong></span> <span class='ocrx_word' id='word_1_42' title='bbox 361 1285 597 1358; x_wconf 81' lang='lat' dir='ltr'><strong>excusatos.</strong></span> <span class='ocrx_word' id='word_1_43' title='bbox 654 1279 812 1360; x_wconf 84' lang='lat' dir='ltr'>Reddat</span> <span class='ocrx_word' id='word_1_44' title='bbox 855 1288 993 1360; x_wconf 86' lang='lat' dir='ltr'><strong>tamen</strong></span> <span class='ocrx_word' id='word_1_45' title='bbox 1034 1306 1080 1358; x_wconf 85' lang='lat' dir='ltr'><strong>se</strong></span> <span class='ocrx_word' id='word_1_46' title='bbox 1119 1281 1297 1360; x_wconf 85' lang='lat' dir='ltr'><strong>certissi-</strong></span> 
     </span>
     <span class='ocr_line' id='line_1_9' title="bbox 206 1401 1282 1504; baseline 0.001 -25"><span class='ocrx_word' id='word_1_47' title='bbox 206 1425 333 1487; x_wconf 90' lang='lat' dir='ltr'><strong>mum,</strong></span> <span class='ocrx_word' id='word_1_48' title='bbox 363 1401 476 1504; x_wconf 90' lang='lat' dir='ltr'><strong>quod</strong></span> <span class='ocrx_word' id='word_1_49' title='bbox 504 1408 638 1478; x_wconf 87' lang='lat' dir='ltr'><strong>terras</strong></span> <span class='ocrx_word' id='word_1_50' title='bbox 668 1411 709 1480; x_wconf 87' lang='lat' dir='ltr'><strong>ct</strong></span> <span class='ocrx_word' id='word_1_51' title='bbox 737 1401 929 1480; x_wconf 89' lang='lat' dir='ltr'><strong>subditos</strong></span> <span class='ocrx_word' id='word_1_52' title='bbox 957 1423 1057 1478; x_wconf 85' lang='lat' dir='ltr'><strong>suos</strong></span> <span class='ocrx_word' id='word_1_53' title='bbox 1085 1427 1164 1480; x_wconf 89' lang='lat' dir='ltr'><strong>nos</strong></span> <span class='ocrx_word' id='word_1_54' title='bbox 1191 1425 1282 1480; x_wconf 85' lang='lat' dir='ltr'><strong>scm</strong></span> 
     </span>
     <span class='ocr_line' id='line_1_10' title="bbox 207 1519 1297 1625; baseline -0.002 -25"><span class='ocrx_word' id='word_1_55' title='bbox 207 1545 285 1625; x_wconf 86' lang='lat' dir='ltr'><strong>per</strong></span> <span class='ocrx_word' id='word_1_56' title='bbox 312 1519 560 1598; x_wconf 82' lang='lat' dir='ltr'><strong>habebimus</strong></span> <span class='ocrx_word' id='word_1_57' title='bbox 588 1527 634 1598; x_wconf 90' lang='lat' dir='ltr'><strong>ut</strong></span> <span class='ocrx_word' id='word_1_58' title='bbox 659 1527 830 1600; x_wconf 89' lang='lat' dir='ltr'><strong>nostros</strong></span> <span class='ocrx_word' id='word_1_59' title='bbox 857 1523 1070 1625; x_wconf 88' lang='lat' dir='ltr'><strong>proprios,</strong></span> <span class='ocrx_word' id='word_1_60' title='bbox 1115 1523 1297 1622; x_wconf 84' lang='lat' dir='ltr'><strong>benigne</strong></span> 
     </span>
     <span class='ocr_line' id='line_1_11' title="bbox 207 1639 1296 1742; baseline -0.001 -22"><span class='ocrx_word' id='word_1_61' title='bbox 207 1651 250 1720; x_wconf 85' lang='lat' dir='ltr'><strong>ct</strong></span> <span class='ocrx_word' id='word_1_62' title='bbox 265 1639 554 1735; x_wconf 78' lang='lat' dir='ltr'><strong>favorabiliter</strong></span> <span class='ocrx_word' id='word_1_63' title='bbox 581 1641 894 1732; x_wconf 67' lang='lat' dir='ltr'><strong>recommissum</strong></span> <span class='ocrx_word' id='word_1_64' title='bbox 922 1649 1122 1742; x_wconf 84' lang='lat' dir='ltr'><strong>rogantes</strong></span> <span class='ocrx_word' id='word_1_65' title='bbox 1149 1651 1193 1722; x_wconf 92' lang='lat' dir='ltr'><strong>ut</strong></span> <span class='ocrx_word' id='word_1_66' title='bbox 1205 1668 1296 1720; x_wconf 91' lang='lat' dir='ltr'><strong>ver·</strong></span> 
     </span>
     <span class='ocr_line' id='line_1_12' title="bbox 206 1762 1297 1844; baseline 0.003 -4"><span class='ocrx_word' id='word_1_67' title='bbox 206 1789 252 1840; x_wconf 91' lang='lat' dir='ltr'><strong>sa</strong></span> <span class='ocrx_word' id='word_1_68' title='bbox 279 1764 373 1842; x_wconf 89' lang='lat' dir='ltr'><strong>vice</strong></span> <span class='ocrx_word' id='word_1_69' title='bbox 402 1770 599 1842; x_wconf 88' lang='lat' dir='ltr'><strong>terraeet</strong></span> <span class='ocrx_word' id='word_1_70' title='bbox 624 1762 780 1842; x_wconf 87' lang='lat' dir='ltr'><strong>subditi</strong></span> <span class='ocrx_word' id='word_1_71' title='bbox 807 1765 940 1842; x_wconf 90' lang='lat' dir='ltr'><strong>nostri</strong></span> <span class='ocrx_word' id='word_1_72' title='bbox 969 1765 1194 1842; x_wconf 84' lang='lat' dir='ltr'><strong>recomissi</strong></span> <span class='ocrx_word' id='word_1_73' title='bbox 1216 1765 1297 1844; x_wconf 85' lang='lat' dir='ltr'><strong>sint</strong></span> 
     </span>
     <span class='ocr_line' id='line_1_13' title="bbox 207 1874 1141 1982; baseline 0 -20"><span class='ocrx_word' id='word_1_74' title='bbox 207 1884 412 1982; x_wconf 66' lang='lat' dir='ltr'><strong>maiestati</strong></span> <span class='ocrx_word' id='word_1_75' title='bbox 441 1905 556 1962; x_wconf 85' lang='lat' dir='ltr'><strong>suae.</strong></span> <span class='ocrx_word' id='word_1_76' title='bbox 625 1960 628 1968; x_wconf 82' lang='grc'><strong>,</strong></span> <span class='ocrx_word' id='word_1_77' title='bbox 1135 1874 1141 1888; x_wconf 88' lang='grc'>’</span> 
     </span>
    </p>
   </div>
   <div class='ocr_carea' id='block_1_4' title="bbox 430 2035 1251 2127">
    <p class='ocr_par' dir='ltr' id='par_1_4' title="bbox 430 2035 1251 2127">
     <span class='ocr_line' id='line_1_14' title="bbox 430 2035 1251 2127; baseline -0.004 -24"><span class='ocrx_word' id='word_1_78' title='bbox 430 2035 577 2104; x_wconf 84' lang='lat' dir='ltr'><strong>Serreti</strong></span> <span class='ocrx_word' id='word_1_79' title='bbox 601 2037 836 2127; x_wconf 80' lang='lat' dir='ltr'><strong>Rogatorum.</strong></span> <span class='ocrx_word' id='word_1_80' title='bbox 862 2037 970 2104; x_wconf 82' lang='lat' dir='ltr'><strong>Liber</strong></span> <span class='ocrx_word' id='word_1_81' title='bbox 993 2037 1048 2105; x_wconf 90' lang='grc' dir='ltr'><strong>ΙΙΙ.</strong></span> <span class='ocrx_word' id='word_1_82' title='bbox 1065 2039 1102 2103; x_wconf 81' lang='grc' dir='ltr'><strong>Ε.</strong></span> <span class='ocrx_word' id='word_1_83' title='bbox 1123 2039 1177 2103; x_wconf 89' lang='lat' dir='ltr'><strong>ch.</strong></span> <span class='ocrx_word' id='word_1_84' title='bbox 1200 2037 1251 2103; x_wconf 82' lang='lat'><strong>59.</strong></span> 
     </span>
    </p>
   </div>
   <div class='ocr_carea' id='block_1_5' title="bbox 209 2225 1297 2366">
    <p class='ocr_par' dir='ltr' id='par_1_5' title="bbox 209 2225 1297 2366">
     <span class='ocr_line' id='line_1_15' title="bbox 209 2225 1297 2366; baseline -0.004 -36"><span class='ocrx_word' id='word_1_85' title='bbox 209 2225 499 2330; x_wconf 71' lang='lat' dir='ltr'><strong>GLXXJV·</strong></span> <span class='ocrx_word' id='word_1_86' title='bbox 529 2250 641 2366; x_wconf 64' lang='grc'><strong>1392.</strong></span> <span class='ocrx_word' id='word_1_87' title='bbox 668 2244 870 2324; x_wconf 82' lang='lat' dir='ltr'><strong>indict.</strong></span> <span class='ocrx_word' id='word_1_88' title='bbox 898 2247 927 2323; x_wconf 89' lang='lat'><strong>1.</strong></span> <span class='ocrx_word' id='word_1_89' title='bbox 957 2250 995 2324; x_wconf 80' lang='grc'><strong>7.</strong></span> <span class='ocrx_word' id='word_1_90' title='bbox 1022 2244 1297 2326; x_wconf 84' lang='lat' dir='ltr'><strong>Octobris.</strong></span> 
     </span>
    </p>
   </div>
   <div class='ocr_carea' id='block_1_6' title="bbox 206 2422 1313 3022">
    <p class='ocr_par' dir='ltr' id='par_1_6' title="bbox 207 2422 1295 2499">
     <span class='ocr_line' id='line_1_16' title="bbox 207 2422 1295 2499; baseline 0 -16"><span class='ocrx_word' id='word_1_91' title='bbox 207 2427 294 2483; x_wconf 75' lang='lat' dir='ltr'><strong>Raso</strong></span> <span class='ocrx_word' id='word_1_92' title='bbox 326 2437 366 2479; x_wconf 88' lang='lat' dir='ltr'><strong>ce</strong></span> <span class='ocrx_word' id='word_1_93' title='bbox 401 2439 461 2498; x_wconf 75' lang='lat' dir='ltr'><strong>aye</strong></span> <span class='ocrx_word' id='word_1_94' title='bbox 484 2439 522 2491; x_wconf 70' lang='lat' dir='ltr'><strong>aa</strong></span> <span class='ocrx_word' id='word_1_95' title='bbox 547 2440 565 2480; x_wconf 87' lang='lat' dir='ltr'><strong>e</strong></span> <span class='ocrx_word' id='word_1_96' title='bbox 590 2422 705 2494; x_wconf 65' lang='lat' dir='ltr'><strong>bopbe</strong></span> <span class='ocrx_word' id='word_1_97' title='bbox 740 2423 948 2496; x_wconf 77' lang='lat' dir='ltr'><strong>cpaununpn</strong></span> <span class='ocrx_word' id='word_1_98' title='bbox 987 2425 1161 2482; x_wconf 73' lang='lat' dir='ltr'><strong>Baamnhr»</strong></span> <span class='ocrx_word' id='word_1_99' title='bbox 1197 2442 1295 2499; x_wconf 86' lang='lat' dir='ltr'><strong>aapo·</strong></span> 
     </span>
    </p>

    <p class='ocr_par' dir='ltr' id='par_1_7' title="bbox 207 2525 1294 2607">
     <span class='ocr_line' id='line_1_17' title="bbox 207 2525 1294 2607; baseline 0.001 -21"><span class='ocrx_word' id='word_1_100' title='bbox 207 2527 321 2586; x_wconf 72' lang='lat' dir='ltr'><strong>nabar·</strong></span> <span class='ocrx_word' id='word_1_101' title='bbox 346 2544 410 2598; x_wconf 66' lang='lat' dir='ltr'><strong>car·</strong></span> <span class='ocrx_word' id='word_1_102' title='bbox 436 2527 588 2600; x_wconf 77' lang='lat' dir='ltr'><strong>Cyaneae</strong></span> <span class='ocrx_word' id='word_1_103' title='bbox 610 2527 774 2594; x_wconf 82' lang='lat' dir='ltr'><strong>Baaanra,</strong></span> <span class='ocrx_word' id='word_1_104' title='bbox 797 2542 859 2583; x_wconf 81' lang='lat' dir='ltr'><strong>non</strong></span> <span class='ocrx_word' id='word_1_105' title='bbox 880 2525 1025 2584; x_wconf 82' lang='lat' dir='ltr'><strong>&#39;aanresa</strong></span> <span class='ocrx_word' id='word_1_106' title='bbox 1050 2544 1115 2599; x_wconf 61' lang='lat' dir='ltr'><strong>ona</strong></span> <span class='ocrx_word' id='word_1_107' title='bbox 1141 2531 1234 2607; x_wconf 76' lang='lat' dir='ltr'><strong>abra,</strong></span> <span class='ocrx_word' id='word_1_108' title='bbox 1257 2547 1294 2600; x_wconf 65' lang='lat' dir='ltr'><strong>aa</strong></span> 
     </span>
    </p>

    <p class='ocr_par' dir='ltr' id='par_1_8' title="bbox 207 2643 1295 2708">
     <span class='ocr_line' id='line_1_18' title="bbox 207 2643 1295 2708; baseline 0.002 -19"><span class='ocrx_word' id='word_1_109' title='bbox 207 2649 248 2707; x_wconf 79' lang='lat' dir='ltr'><strong>ay</strong></span> <span class='ocrx_word' id='word_1_110' title='bbox 274 2647 380 2708; x_wconf 67' lang='lat' dir='ltr'><strong>opera</strong></span> <span class='ocrx_word' id='word_1_111' title='bbox 404 2645 500 2688; x_wconf 76' lang='lat' dir='ltr'><strong>croac</strong></span> <span class='ocrx_word' id='word_1_112' title='bbox 523 2643 638 2686; x_wconf 77' lang='lat' dir='ltr'><strong>acuam</strong></span> <span class='ocrx_word' id='word_1_113' title='bbox 662 2645 680 2684; x_wconf 88' lang='lat' dir='ltr'><strong>s</strong></span> <span class='ocrx_word' id='word_1_114' title='bbox 705 2645 859 2704; x_wconf 60' lang='lat' dir='ltr'><strong>rosanae,</strong></span> <span class='ocrx_word' id='word_1_115' title='bbox 884 2647 1083 2690; x_wconf 80' lang='lat' dir='ltr'><strong>saramaeuo</strong></span> <span class='ocrx_word' id='word_1_116' title='bbox 1109 2649 1126 2690; x_wconf 86' lang='lat' dir='ltr'><strong>e</strong></span> <span class='ocrx_word' id='word_1_117' title='bbox 1150 2651 1295 2691; x_wconf 71' lang='lat' dir='ltr'><strong>canona·</strong></span> 
     </span>
    </p>

    <p class='ocr_par' dir='ltr' id='par_1_9' title="bbox 207 2735 1294 2812">
     <span class='ocr_line' id='line_1_19' title="bbox 207 2735 1294 2812; baseline -0.004 -16"><span class='ocrx_word' id='word_1_118' title='bbox 207 2753 247 2796; x_wconf 83' lang='lat' dir='ltr'><strong>ra</strong></span> <span class='ocrx_word' id='word_1_119' title='bbox 271 2751 439 2811; x_wconf 74' lang='lat' dir='ltr'><strong>sanarauy</strong></span> <span class='ocrx_word' id='word_1_120' title='bbox 462 2735 589 2810; x_wconf 74' lang='lat' dir='ltr'><strong>Itym,</strong></span> <span class='ocrx_word' id='word_1_121' title='bbox 612 2750 650 2806; x_wconf 64' lang='lat' dir='ltr'><strong>aa</strong></span> <span class='ocrx_word' id='word_1_122' title='bbox 674 2749 733 2806; x_wconf 62' lang='lat' dir='ltr'><strong>aas</strong></span> <span class='ocrx_word' id='word_1_123' title='bbox 756 2750 799 2793; x_wconf 77' lang='lat' dir='ltr'><strong>un</strong></span> <span class='ocrx_word' id='word_1_124' title='bbox 824 2735 979 2794; x_wconf 74' lang='lat' dir='ltr'><strong>suroson</strong></span> <span class='ocrx_word' id='word_1_125' title='bbox 1016 2753 1189 2812; x_wconf 63' lang='lat' dir='ltr'><strong>cyamon,</strong></span> <span class='ocrx_word' id='word_1_126' title='bbox 1214 2750 1232 2792; x_wconf 86' lang='lat' dir='ltr'><strong>a</strong></span> <span class='ocrx_word' id='word_1_127' title='bbox 1256 2755 1294 2806; x_wconf 57' lang='lat' dir='ltr'><strong>aa</strong></span> 
     </span>
    </p>

    <p class='ocr_par' dir='ltr' id='par_1_10' title="bbox 206 2839 1313 3022">
     <span class='ocr_line' id='line_1_20' title="bbox 206 2839 1313 2920; baseline 0 -20"><span class='ocrx_word' id='word_1_128' title='bbox 206 2859 235 2900; x_wconf 85' lang='lat' dir='ltr'><strong>ro</strong></span> <span class='ocrx_word' id='word_1_129' title='bbox 259 2839 392 2920; x_wconf 82' lang='lat' dir='ltr'><strong>xpabpa</strong></span> <span class='ocrx_word' id='word_1_130' title='bbox 417 2861 435 2898; x_wconf 87' lang='lat' dir='ltr'><strong>a</strong></span> <span class='ocrx_word' id='word_1_131' title='bbox 460 2842 608 2914; x_wconf 60' lang='lat' dir='ltr'><strong>casualia</strong></span> <span class='ocrx_word' id='word_1_132' title='bbox 633 2855 698 2908; x_wconf 67' lang='lat' dir='ltr'><strong>aar»</strong></span> <span class='ocrx_word' id='word_1_133' title='bbox 721 2856 801 2898; x_wconf 83' lang='lat' dir='ltr'><strong>rora</strong></span> <span class='ocrx_word' id='word_1_134' title='bbox 837 2857 1029 2916; x_wconf 64' lang='lat' dir='ltr'><strong>upoaaaaaa</strong></span> <span class='ocrx_word' id='word_1_135' title='bbox 1062 2845 1170 2902; x_wconf 75' lang='lat' dir='ltr'><strong>aeuab</strong></span> <span class='ocrx_word' id='word_1_136' title='bbox 1198 2859 1313 2920; x_wconf 69' lang='lat' dir='ltr'><strong>caca„</strong></span> 
     </span>
     <span class='ocr_line' id='line_1_21' title="bbox 308 2944 1192 3022; baseline 0.001 -20"><span class='ocrx_word' id='word_1_137' title='bbox 308 2964 326 3002; x_wconf 81' lang='lat' dir='ltr'><strong>a</strong></span> <span class='ocrx_word' id='word_1_138' title='bbox 351 2962 413 3004; x_wconf 79' lang='lat' dir='ltr'><strong>aso</strong></span> <span class='ocrx_word' id='word_1_139' title='bbox 439 2962 501 3002; x_wconf 84' lang='lat' dir='ltr'><strong>oua</strong></span> <span class='ocrx_word' id='word_1_140' title='bbox 525 2944 608 3018; x_wconf 57' lang='lat' dir='ltr'><strong>byns</strong></span> <span class='ocrx_word' id='word_1_141' title='bbox 632 2959 752 3002; x_wconf 80' lang='lat' dir='ltr'><strong>ncaaaa</strong></span> <span class='ocrx_word' id='word_1_142' title='bbox 776 2947 921 3022; x_wconf 72' lang='lat' dir='ltr'><strong>narona,</strong></span> <span class='ocrx_word' id='word_1_143' title='bbox 944 2944 1050 3018; x_wconf 65' lang='lat' dir='ltr'><strong>raiol</strong></span> <span class='ocrx_word' id='word_1_144' title='bbox 1076 2947 1192 3006; x_wconf 75' lang='lat' dir='ltr'><strong>ababa.</strong></span> 
     </span>
    </p>
   </div>
   <div class='ocr_carea' id='block_1_7' title="bbox 200 3097 1294 4291">
    <p class='ocr_par' dir='ltr' id='par_1_11' title="bbox 200 3097 1294 4291">
     <span class='ocr_line' id='line_1_22' title="bbox 310 3097 1294 3204; baseline -0.003 -26"><span class='ocrx_word' id='word_1_145' title='bbox 310 3097 452 3203; x_wconf 84' lang='lat' dir='ltr'><strong>Capta:</strong></span> <span class='ocrx_word' id='word_1_146' title='bbox 497 3099 600 3177; x_wconf 85' lang='lat' dir='ltr'><strong>Cum</strong></span> <span class='ocrx_word' id='word_1_147' title='bbox 641 3107 818 3202; x_wconf 89' lang='lat' dir='ltr'><strong>propter</strong></span> <span class='ocrx_word' id='word_1_148' title='bbox 856 3124 963 3178; x_wconf 91' lang='lat' dir='ltr'><strong>nova</strong></span> <span class='ocrx_word' id='word_1_149' title='bbox 1007 3121 1114 3204; x_wconf 88' lang='lat' dir='ltr'><strong>quae</strong></span> <span class='ocrx_word' id='word_1_150' title='bbox 1142 3099 1294 3176; x_wconf 89' lang='lat' dir='ltr'><strong>haben-</strong></span> 
     </span>
     <span class='ocr_line' id='line_1_23' title="bbox 205 3219 1293 3314; baseline -0.005 -13"><span class='ocrx_word' id='word_1_151' title='bbox 205 3231 272 3301; x_wconf 86' lang='lat' dir='ltr'><strong>tur</strong></span> <span class='ocrx_word' id='word_1_152' title='bbox 311 3222 450 3299; x_wconf 88' lang='lat' dir='ltr'><strong>multis</strong></span> <span class='ocrx_word' id='word_1_153' title='bbox 490 3219 626 3298; x_wconf 89' lang='lat' dir='ltr'><strong>modis</strong></span> <span class='ocrx_word' id='word_1_154' title='bbox 653 3227 696 3297; x_wconf 86' lang='lat' dir='ltr'><strong>et</strong></span> <span class='ocrx_word' id='word_1_155' title='bbox 722 3221 825 3314; x_wconf 84' lang='lat' dir='ltr'><strong>viis,</strong></span> <span class='ocrx_word' id='word_1_156' title='bbox 854 3223 906 3298; x_wconf 88' lang='lat' dir='ltr'><strong>de</strong></span> <span class='ocrx_word' id='word_1_157' title='bbox 941 3223 1179 3300; x_wconf 83' lang='lat' dir='ltr'><strong>retentione</strong></span> <span class='ocrx_word' id='word_1_158' title='bbox 1210 3223 1293 3298; x_wconf 91' lang='lat' dir='ltr'><strong>do·</strong></span> 
     </span>
     <span class='ocr_line' id='line_1_24' title="bbox 205 3341 1292 3442; baseline -0.003 -21"><span class='ocrx_word' id='word_1_159' title='bbox 205 3342 343 3421; x_wconf 87' lang='lat' dir='ltr'><strong>mini</strong></span> <span class='ocrx_word' id='word_1_160' title='bbox 397 3341 675 3442; x_wconf 82' lang='lat' dir='ltr'><strong>Dulcigni</strong></span> <span class='ocrx_word' id='word_1_161' title='bbox 720 3351 774 3420; x_wconf 87' lang='lat' dir='ltr'><strong>et</strong></span> <span class='ocrx_word' id='word_1_162' title='bbox 811 3341 1114 3442; x_wconf 89' lang='lat' dir='ltr'><strong>cujusdam</strong></span> <span class='ocrx_word' id='word_1_163' title='bbox 1170 3365 1292 3420; x_wconf 91' lang='lat' dir='ltr'><strong>con·</strong></span> 
     </span>
     <span class='ocr_line' id='line_1_25' title="bbox 204 3461 1293 3568; baseline -0.004 -28"><span class='ocrx_word' id='word_1_164' title='bbox 204 3463 496 3564; x_wconf 84' lang='lat' dir='ltr'><strong>sanguinei</strong></span> <span class='ocrx_word' id='word_1_165' title='bbox 525 3463 637 3560; x_wconf 87' lang='lat' dir='ltr'><strong>sui,</strong></span> <span class='ocrx_word' id='word_1_166' title='bbox 670 3463 776 3540; x_wconf 83' lang='lat' dir='ltr'><strong>iacta</strong></span> <span class='ocrx_word' id='word_1_167' title='bbox 800 3487 879 3568; x_wconf 86' lang='lat' dir='ltr'><strong>per</strong></span> <span class='ocrx_word' id='word_1_168' title='bbox 905 3462 1141 3562; x_wconf 83' lang='lat' dir='ltr'><strong>Baysith</strong></span> <span class='ocrx_word' id='word_1_169' title='bbox 1169 3461 1293 3543; x_wconf 78' lang='lat' dir='ltr'><strong>Tur·</strong></span> 
     </span>
     <span class='ocr_line' id='line_1_26' title="bbox 205 3581 1292 3671; baseline -0.006 -7"><span class='ocrx_word' id='word_1_170' title='bbox 205 3587 377 3671; x_wconf 91' lang='lat' dir='ltr'><strong>chum,</strong></span> <span class='ocrx_word' id='word_1_171' title='bbox 406 3591 449 3662; x_wconf 87' lang='lat' dir='ltr'><strong>at</strong></span> <span class='ocrx_word' id='word_1_172' title='bbox 475 3583 528 3662; x_wconf 89' lang='lat' dir='ltr'><strong>de</strong></span> <span class='ocrx_word' id='word_1_173' title='bbox 558 3586 908 3664; x_wconf 71' lang='lat' dir='ltr'><strong>conventionibus</strong></span> <span class='ocrx_word' id='word_1_174' title='bbox 937 3584 1059 3662; x_wconf 85' lang='lat' dir='ltr'><strong>factis</strong></span> <span class='ocrx_word' id='word_1_175' title='bbox 1087 3581 1292 3659; x_wconf 87' lang='lat' dir='ltr'><strong>interdic·</strong></span> 
     </span>
     <span class='ocr_line' id='line_1_27' title="bbox 206 3703 1292 3792; baseline -0.003 -10"><span class='ocrx_word' id='word_1_176' title='bbox 206 3711 292 3782; x_wconf 90' lang='lat' dir='ltr'><strong>tum</strong></span> <span class='ocrx_word' id='word_1_177' title='bbox 320 3703 749 3784; x_wconf 79' lang='lat' dir='ltr'><strong>&#39;Purchumctdictos</strong></span> <span class='ocrx_word' id='word_1_178' title='bbox 779 3705 987 3792; x_wconf 65' lang='lat' dir='ltr'><strong>dominon</strong></span> <span class='ocrx_word' id='word_1_179' title='bbox 1015 3703 1224 3780; x_wconf 80' lang='lat' dir='ltr'><strong>videlicet:</strong></span> <span class='ocrx_word' id='word_1_180' title='bbox 1241 3703 1292 3779; x_wconf 89' lang='lat' dir='ltr'><strong>de</strong></span> 
     </span>
     <span class='ocr_line' id='line_1_28' title="bbox 205 3819 1291 3927; baseline -0.004 -25"><span class='ocrx_word' id='word_1_181' title='bbox 205 3825 404 3903; x_wconf 91' lang='lat' dir='ltr'><strong>dandoet</strong></span> <span class='ocrx_word' id='word_1_182' title='bbox 431 3824 626 3926; x_wconf 84' lang='lat' dir='ltr'><strong>ponendo</strong></span> <span class='ocrx_word' id='word_1_183' title='bbox 655 3825 1006 3927; x_wconf 83' lang='lat' dir='ltr'><strong>Dulcignum</strong></span> <span class='ocrx_word' id='word_1_184' title='bbox 1037 3831 1079 3901; x_wconf 85' lang='lat' dir='ltr'><strong>et</strong></span> <span class='ocrx_word' id='word_1_185' title='bbox 1107 3819 1291 3900; x_wconf 82' lang='lat' dir='ltr'><strong>Scuta-</strong></span> 
     </span>
     <span class='ocr_line' id='line_1_29' title="bbox 202 3931 1290 4049; baseline -0.002 -27"><span class='ocrx_word' id='word_1_186' title='bbox 202 3945 250 4022; x_wconf 92' lang='lat' dir='ltr'><strong>ri</strong></span> <span class='ocrx_word' id='word_1_187' title='bbox 278 3967 327 4020; x_wconf 91' lang='lat' dir='ltr'><strong>ac</strong></span> <span class='ocrx_word' id='word_1_188' title='bbox 354 3943 433 4022; x_wconf 89' lang='lat' dir='ltr'><strong>alia</strong></span> <span class='ocrx_word' id='word_1_189' title='bbox 463 3945 556 4024; x_wconf 88' lang='lat' dir='ltr'><strong>loca</strong></span> <span class='ocrx_word' id='word_1_190' title='bbox 584 3970 671 4034; x_wconf 78' lang='lat' dir='ltr'><strong>sara,</strong></span> <span class='ocrx_word' id='word_1_191' title='bbox 701 3945 778 4025; x_wconf 91' lang='lat' dir='ltr'><strong>sub</strong></span> <span class='ocrx_word' id='word_1_192' title='bbox 821 3943 1005 4049; x_wconf 83' lang='lat' dir='ltr'><strong>potentia</strong></span> <span class='ocrx_word' id='word_1_193' title='bbox 1034 3951 1076 4024; x_wconf 84' lang='lat' dir='ltr'><strong>cl</strong></span> <span class='ocrx_word' id='word_1_194' title='bbox 1103 3931 1290 4022; x_wconf 91' lang='lat' dir='ltr'><strong>dominio</strong></span> 
     </span>
     <span class='ocr_line' id='line_1_30' title="bbox 202 4063 1291 4169; baseline -0.003 -26"><span class='ocrx_word' id='word_1_195' title='bbox 202 4063 302 4144; x_wconf 87' lang='lat' dir='ltr'><strong>dicti</strong></span> <span class='ocrx_word' id='word_1_196' title='bbox 328 4063 402 4141; x_wconf 89' lang='lat' dir='ltr'><strong>Ba</strong></span> <span class='ocrx_word' id='word_1_197' title='bbox 415 4066 526 4168; x_wconf 85' lang='lat' dir='ltr'><strong>ysit</strong></span> <span class='ocrx_word' id='word_1_198' title='bbox 541 4066 581 4156; x_wconf 90' lang='lat' dir='ltr'><strong>h,</strong></span> <span class='ocrx_word' id='word_1_199' title='bbox 608 4091 687 4169; x_wconf 90' lang='lat' dir='ltr'><strong>pro</strong></span> <span class='ocrx_word' id='word_1_200' title='bbox 705 4067 972 4148; x_wconf 85' lang='lat' dir='ltr'><strong>libertatione</strong></span> <span class='ocrx_word' id='word_1_201' title='bbox 1000 4077 1042 4146; x_wconf 87' lang='lat' dir='ltr'><strong>ct</strong></span> <span class='ocrx_word' id='word_1_202' title='bbox 1070 4063 1291 4144; x_wconf 87' lang='lat' dir='ltr'><strong>relaxatio·</strong></span> 
     </span>
     <span class='ocr_line' id='line_1_31' title="bbox 200 4186 1292 4291; baseline -0.003 -31"><span class='ocrx_word' id='word_1_203' title='bbox 200 4207 253 4274; x_wconf 78' lang='lat' dir='ltr'><strong>ne</strong></span> <span class='ocrx_word' id='word_1_204' title='bbox 282 4207 443 4266; x_wconf 87' lang='lat' dir='ltr'><strong>eorum.</strong></span> <span class='ocrx_word' id='word_1_205' title='bbox 503 4187 683 4266; x_wconf 88' lang='lat' dir='ltr'><strong>Omnino</strong></span> <span class='ocrx_word' id='word_1_206' title='bbox 726 4191 779 4267; x_wconf 91' lang='lat' dir='ltr'><strong>sit</strong></span> <span class='ocrx_word' id='word_1_207' title='bbox 818 4186 1125 4291; x_wconf 88' lang='lat' dir='ltr'><strong>providendum</strong></span> <span class='ocrx_word' id='word_1_208' title='bbox 1167 4207 1292 4286; x_wconf 83' lang='lat' dir='ltr'><strong>super</strong></span> 
     </span>
    </p>
   </div>
   <div class='ocr_carea' id='block_1_8' title="bbox 0 0 1622 5108">
    <p class='ocr_par' dir='ltr' id='par_1_12' title="bbox 0 0 1622 5108">
     <span class='ocr_line' id='line_1_32' title="bbox 0 0 1622 5108; baseline 0 1"><span class='ocrx_word' id='word_1_209' title='bbox 0 0 1622 5108; x_wconf 95' lang='lat' dir='ltr'><strong> </strong></span> 
     </span>
    </p>
   </div>
  </div>
 </body>
</html>
