3220 5118
354 609 399 683 et
426 613 508 686 oet.
535 601 871 712 respondeatur,
899 609 1013 711 quod
1039 613 1219 714 propter
1245 627 1449 700 amorem,

354 746 480 828 quem
509 726 696 827 gerimus
737 728 850 807 dicto
878 727 1106 830 magnifico
1149 729 1319 807 domino
1350 727 1450 807 Cre·

354 848 469 940 note,
498 855 648 927 nostro
663 849 853 929 domtnio
876 849 1073 952 displicet
1097 850 1209 952 qarod
1224 849 1360 929 dictus
1385 873 1450 926 se·

355 964 599 1051 reniasimus
640 969 835 1049 dominus
863 995 940 1048 rex
982 971 1135 1051 fecerit
1176 978 1450 1051 contraeunt

336 1089 527 1191 aitqua,
568 1115 675 1194 qnae
702 1097 797 1170 sunt
825 1090 1159 1194 magnificentiae
1187 1113 1285 1170 suae
1312 1090 1450 1195 displi-

356 1211 496 1290 oibitia
524 1222 569 1324 et
594 1211 784 1292 molesta.

457 1333 520 1412 Ad
550 1333 725 1412 aliam
759 1343 950 1413 autem
980 1343 1143 1438 partem
1173 1357 1298 1435 quam
1325 1329 1453 1410 nobis

356 1451 566 1555 exposuit,
594 1452 802 1546 videlicet
830 1455 1067 1533 dominus
1111 1443 1451 1532 Turonorum

357 1569 440 1647 sibi
466 1570 640 1650 miserat
667 1595 790 1650 unam
818 1559 1095 1653 ambasiatam
1112 1597 1206 1650 cum
1230 1573 1452 1671 sexaginta

359 1691 501 1792 equis,
544 1691 593 1770 ad
622 1693 884 1774 offerendum
922 1695 1037 1773 dicto
1068 1693 1250 1773 Crauoie
1278 1691 1451 1792 triginta

357 1809 487 1888 mtrua
513 1809 781 1911 'l'urchorum
808 1839 887 1917 pro
918 1837 1121 1894 succursu
1149 1837 1253 1912 suo,
1293 1819 1336 1889 et
1365 1820 1451 1894 cet.

357 1931 679 2035 Respondemus
721 1938 834 2038 quod
874 1938 1010 2022 dictus
1050 1935 1296 2036 magnificus
1320 1931 1453 2011 domi·

357 2075 436 2130 nus
478 2053 662 2134 Crauoia
702 2064 765 2136 est
791 2058 1120 2161 sapientissimus
1147 2054 1363 2141 dominus,
1406 2059 1453 2131 et

357 2182 500 2278 potest
539 2177 580 2253 in
613 2175 698 2255 hoc
724 2179 952 2257 terminare
982 2185 1026 2256 et
1052 2177 1280 2279 disponere
1320 2182 1454 2278 prout
1586 2215 1588 2250 ε

357 2297 1454 2403 suaemagnificentiaevidetnr,probonosuistatns.
1587 2391 1588 2412 ,

461 2419 727 2498 Adatiam
770 2444 911 2505 vero
951 2428 1177 2524 partem
1217 2440 1451 2522 perquam
1586 2525 1588 2530 ι

358 2535 481 2615 nobis
509 2536 752 2637 notificavit,
783 2542 897 2643 quod
925 2539 1099 2620 emimus
1136 2536 1453 2617 Dalmatiam

358 2661 680 2738 aserenissimo
708 2661 879 2741 domino
908 2685 1034 2762 rege
1062 2656 1339 2738 badislao
1366 2681 1451 2762 pro
1588 2645 1589 2706 ἶ

358 2801 507 2880 magna
534 2784 763 2883 quantitate
792 2783 1075 2872 denariorum,
1104 2803 1227 2885 quam
1256 2781 1450 2858 Dalmati-

358 2926 426 2980 am
466 2911 709 3008 poteramus
752 2909 974 3010 aquirere,
1018 2905 1114 3008 quia
1156 2902 1332 2984 intendit
1370 2926 1454 3008 per

357 3029 514 3101 terram
555 3049 650 3102 cum
691 3027 888 3126 gentibus
916 3025 1028 3118 suis,
1067 3033 1110 3103 et
1135 3049 1213 3103 nos
1240 3023 1452 3101 mittamus

359 3145 502 3246 galeas
530 3153 696 3223 nostras
723 3169 801 3249 per
828 3169 971 3236 mare,
1012 3145 1061 3222 ad
1090 3146 1363 3249 aquirendum
1392 3150 1452 3223 to·

358 3273 441 3345 tam
470 3265 714 3346 Dalmatiam
743 3275 890 3344 nostro
919 3265 1101 3352 nomine,
1132 3265 1230 3344 etsi
1257 3266 1452 3343 notemus

274 3409 281 3420 ·
359 3383 435 3466 sub
450 3391 599 3467 nostro
626 3387 796 3467 nomine
812 3389 945 3468 dictas
961 3389 1102 3488 galeas
1129 3385 1310 3476 mittere,
1338 3385 1451 3488 quod

358 3507 450 3618 illas
465 3507 677 3588 mittamus
692 3510 769 3586 sub
798 3531 875 3584 suo
903 3507 1089 3586 nomine.
1116 3504 1451 3610 Respondemus,

359 3629 472 3732 quod
516 3629 812 3730 cognoscimus
841 3627 991 3708 bonam
1032 3625 1307 3708 intentionem
1348 3649 1450 3702 suae

360 3749 720 3853 magnificentiae,
765 3752 839 3830 sed
881 3755 991 3832 sicut
1030 3751 1164 3829 dictus
1204 3745 1449 3849 magnificus

359 3867 553 3952 dominus
582 3874 682 3963 scit,
716 3895 964 3949 noscamus
993 3871 1033 3949 in
1061 3879 1237 3970 treugua
1267 3893 1362 3948 cum
1390 3891 1449 3947 ee·

360 3991 581 4074 renissimo
628 3993 800 4072 domino
828 4013 928 4092 rege
957 3989 1244 4070 Romanorum
1272 3998 1315 4068 et
1340 3987 1448 4067 Hun-

359 4115 526 4218 gariae,
562 4137 685 4217 quam
714 4123 930 4215 treuguam
958 4137 1099 4190 sumus
1128 4110 1343 4215 dispositi,
1369 4131 1448 4213 pro

359 4233 528 4316 honore
556 4235 690 4315 nostri
717 4231 917 4330 dominii,
955 4239 1084 4336 prout
1113 4231 1312 4309 continue
1349 4225 1446 4307 tect·

360 4381 463 4447 mus,
491 4353 768 4434 effectualiter
795 4353 1038 4432 observare.
