3234 5116
1246 357 1291 426 W

192 585 238 638 sn
269 561 363 642 loon
391 561 659 648 deffendere;
697 565 739 636 et
769 559 866 662 quio
903 561 1174 642 dominus
1211 566 1289 642 de·

193 686 405 784 epotus
460 679 685 762 Raxine
727 679 965 760 damnificet
1008 681 1103 760 torn
1146 693 1288 762 nostra

192 802 420 902 proedicto,
451 804 490 878 in
521 799 823 880 observatione
854 802 1024 902 capituli
1052 802 1191 882 dictae
1218 831 1284 910 po·

192 924 267 1009 oin,
292 923 513 1026 requirere
530 920 724 1000 debentis
742 921 899 1000 dietum
921 921 1147 1012 dominum,
1173 925 1287 1027 quod

194 1043 309 1124 oiroo
335 1044 418 1124 hoo
446 1044 574 1124 faeiat
602 1053 644 1120 et
672 1041 894 1144 provideat
930 1044 969 1120 in
998 1043 1288 1126 defensionem

193 1165 387 1246 iocorum
416 1166 748 1270 praedictorum,
777 1165 884 1242 siout
912 1165 1070 1260 videbit
1099 1165 1192 1246 iore
1220 1191 1286 1246 ne·

193 1287 436 1376 censorium,
463 1311 543 1390 pro
571 1285 735 1365 honore
763 1309 840 1362 sne
856 1285 1133 1364 exoeiientioe
1159 1297 1201 1366 et
1216 1286 1286 1365 ob·

192 1408 438 1488 sorvntione
469 1409 586 1510 poris
612 1407 872 1511 praedictae
902 1406 1092 1489 instando
1122 1414 1164 1486 et
1192 1433 1286 1510 pro·

193 1527 379 1607 onrnndo
410 1533 502 1610 toto
531 1537 677 1607 vestro
706 1553 862 1632 ponne,
907 1532 1021 1631 quod
1051 1529 1186 1608 dietus
1214 1529 1284 1608 do-

193 1648 326 1726 minun
355 1649 488 1728 mittat
516 1673 642 1728 unum
686 1675 738 1726 ex
767 1651 852 1728 suis
891 1651 941 1728 ad
964 1650 1189 1730 dominum
1211 1650 1284 1737 de·

190 1778 360 1873 epotum
387 1771 662 1870 praedictum,
691 1770 742 1847 od
765 1769 999 1850 iaciendum
1027 1769 1105 1848 sibi
1123 1770 1284 1849 monda-

192 1899 291 1972 tum.
322 1893 433 1994 quod
462 1917 507 1968 ne
537 1901 754 1970 removent
794 1893 847 1970 nb
879 1891 1122 1978 obsidione,
1150 1899 1193 1970 et
1221 1891 1285 1970 ab·

191 2011 554 2090 stinertodnrnnis
582 2014 775 2094 iocorum
800 2019 1045 2092 nostrornm
1072 2011 1286 2104 Albaniae,

191 2137 235 2211 et
265 2132 389 2212 nobis
425 2137 614 2212 restituat
645 2134 737 2213 iooo
767 2141 928 2223 nostro,
970 2158 1076 2236 quoe
1108 2159 1301 2238 occupo,

189 2253 273 2342 vit;
314 2279 409 2334 oum
439 2279 522 2357 quo
564 2255 711 2334 nuntio
753 2282 859 2344 nuo,
905 2255 940 2332 si
976 2256 1056 2332 erit
1096 2279 1284 2342 necesse.
1359 2331 1367 2338 .

190 2399 318 2453 unum
358 2384 543 2454 vestrum
584 2375 780 2454 nuncium
825 2401 973 2453 secum
1014 2375 1179 2454 mittere
1217 2376 1283 2453 de·

189 2493 324 2572 beatis
378 2551 642 2574 .....

305 2742 314 2760 .
372 2748 377 2758 .
433 2741 442 2760 .
499 2743 508 2763 .
565 2693 702 2764 tamen
733 2687 828 2787 quio
860 2695 1005 2790 posset
1034 2711 1282 2776 occurrere.

189 2807 302 2910 quod
331 2805 466 2885 dietus
493 2807 687 2884 dominus
716 2815 951 2910 occupatus
970 2807 1083 2886 cirea
1114 2809 1282 2894 maiora.

68 3001 72 3008 .
190 2951 270 3004 non
300 2933 446 3029 posset
474 2927 641 3004 mittere
671 2935 817 3026 gentes
854 2951 949 3004 suns
979 2927 1016 3002 iu
1045 2929 1279 3005 subventio-

189 3072 285 3126 nem
321 3047 513 3125 iooorum
552 3055 793 3126 nostrorum
823 3047 1153 3152 praedictorum.
1206 3106 1215 3123 .
1274 3107 1281 3122 .

188 3227 195 3240 .
233 3174 261 3240 “.
303 3167 487 3246 nilminus
518 3168 754 3248 mandatum
788 3159 1168 3272 taciat'cnpitaneis
1196 3170 1282 3249 suis

187 3288 461 3382 existentibus
491 3287 603 3367 circo
634 3289 730 3367 ioca
759 3289 900 3370 Atha
917 3314 940 3364 n
959 3289 969 3365 i
986 3315 1007 3366 a
1025 3319 1074 3382 e,
1103 3292 1216 3392 quod
1246 3294 1278 3368 si

187 3407 507 3510 requirerentur
553 3411 847 3490 erectoribus
877 3411 1033 3489 nostris
1085 3469 1096 3488 .
1151 3467 1160 3486 .
1214 3411 1280 3488 de·

188 3529 311 3608 beant
349 3532 410 3610 eis
446 3533 672 3632 subvenire
727 3587 745 3609 ..
793 3586 803 3605 .
861 3589 869 3608 .

494 3719 725 3785 Sennoons.
749 3727 869 3804 rogot-
894 3720 958 3786 Lib
1000 3717 1080 3788 vn!
1106 3719 1161 3786 oh.
1185 3723 1236 3786 31.
1352 3739 1359 3756 ¹
