3236 5108
143 342 157 364 ·
283 309 563 398 m„

285 533 576 630 cumipeotum
612 527 924 610 virumtihin
940 535 1135 624 eciem
1166 541 1259 636 ejas
1290 557 1373 614 aer·

283 645 475 744 vitorem,
505 657 548 726 et
573 672 653 750 per
682 649 780 728 ilice
810 651 1026 765 notificari
1053 655 1217 740 iecerit,
1247 654 1373 757 queli-

283 775 351 848 ter
379 769 555 848 cumdei
571 771 726 848 auxilio
756 785 1086 876 recuperaverat
1113 775 1372 854 demonibus

283 888 517 968 infidelium
558 891 596 968 Τ
612 891 641 968 ὴ
658 913 682 968 e
697 916 723 966 u
741 918 765 970 c
780 917 801 969 r
817 915 841 968 ο
860 915 921 970 ru
936 899 985 970 ni.
1020 896 1234 974 civitatem·
1258 919 1373 976 suem

284 1007 394 1090 Seu
410 1017 426 1086 t
441 1013 525 1088 ari
555 1036 650 1088 cum
680 1021 835 1100 cestro,
851 1022 894 1090 et
910 1021 1024 1094 certa
1054 1017 1134 1092 aiio
1161 1018 1257 1093 ioca
1284 1041 1373 1096 sua,

148 1211 151 1226 ,
284 1153 366 1232 que
392 1154 471 1232 per
497 1129 590 1208 ilios
616 1129 694 1210 eibi
724 1142 871 1236 arepta
904 1135 1087 1228 fuerant,
1117 1145 1160 1214 et
1186 1133 1374 1214 indebite

284 1251 546 1339 terremotum
564 1254 639 1330 sed
669 1255 764 1354 quia
791 1253 951 1332 sciebat
979 1256 1373 1360 imperatorem

282 1370 520 1450 Baaitum
549 1373 750 1452 continuo
779 1376 977 1454 anhelare
1007 1379 1055 1455 ed
1086 1377 1374 1457 rehabendum

285 1476 488 1571 civitatem
520 1495 763 1596 predictam,
793 1507 836 1576 ut
865 1523 960 1576 cum
988 1501 1076 1599 ipsa
1105 1507 1255 1603 posset
1283 1521 1372 1602 par·

182 1657 184 1667 ·
284 1617 348 1690 tes
378 1613 475 1692 aiies
491 1614 804 1704 circhavioinaa,
821 1625 902 1694 tem
918 1643 1027 1705 suae,
1044 1643 1166 1720 quam
1195 1619 1373 1696 aliorum

285 1735 326 1810 in
343 1742 628 1836 contemptum
645 1734 870 1816 Christiadi
887 1740 1078 1844 neminie·
1097 1737 1257 1818 facilius
1283 1736 1373 1813 snb-

285 1856 445 1958 iugare,
479 1858 660 1936 maxime
688 1857 915 1948 dubitabat,
929 1881 1028 1959 ymo
1047 1859 1278 1937 clarissime
1308 1880 1373 1934 co·

159 1973 164 1990 '
285 1974 515 2076 gnoscebet
541 1977 629 2078 ipsa
658 1977 755 2054 ioco
783 1977 1015 2056 defendere
1032 1983 1074 2054 et
1100 1983 1374 2054 manutenere

284 2121 367 2173 non
396 2121 534 2199 posse,
562 2102 605 2172 et
632 2096 859 2200 prepterea
887 2121 965 2200 pro
995 2097 1163 2174 honore
1190 2094 1286 2172 fidei
1313 2119 1373 2172 ca·
1473 2177 1479 2188 ,

284 2218 415 2298 toiice
452 2222 494 2296 et
532 2219 666 2322 aaiute
703 2218 930 2296 animarum
970 2226 1273 2320 etcorporum
1313 2224 1375 2296 tot

285 2335 470 2416 fidelium
500 2336 848 2433 Christianorum,
871 2347 974 2441 quet
1000 2347 1094 2416 sunt
1120 2337 1160 2414 in
1188 2334 1375 2439 partibus

284 2455 514 2550 antedictirr,
543 2461 701 2561 requiri
730 2470 772 2540 et
799 2461 940 2560 rogari
981 2460 1135 2538 iecerit
1161 2455 1374 2534 serenissi-

284 2603 395 2658 mum
437 2579 650 2658 dominum
692 2582 860 2660 ducem·
884 2581 1140 2682 predictum,
1184 2583 1373 2654 etenum

164 2735 168 2740 ²
285 2687 524 2791 dominium,
552 2711 756 2804 quatenus
787 2712 996 2805 tamquam
1027 2700 1376 2780 christianus

286 2820 493 2926 princeps,
509 2823 767 2924 veletipsem
799 2822 1104 2900 civitatem
1133 2816 1376 2897 Scutari

285 2950 327 3020 et
353 2941 542 3020 locum
573 2941 831 3028 Driuaeti,
861 2949 1035 3019 etcerta
1064 2935 1142 3016 aiio
1167 2941 1259 3015 ioca
1288 2961 1375 3022 sue.

284 3061 360 3140 sub
388 3063 586 3148 dominic,
615 3069 851 3166 potestate,
882 3071 924 3140 et
953 3062 1142 3163 potentia
1171 3077 1245 3134 sue
1273 3057 1375 3134 reoi-

285 3202 388 3287 pere
417 3163 460 3262 et
488 3193 737 3289 acceptere;
778 3189 1070 3285 comparatus
1099 3184 1153 3258 sit
1183 3181 1251 3255 iiia
1281 3198 1375 3256 cum

276 3301 440 3404 juribus
470 3314 510 3384 et
532 3305 894 3403 jurisdictionibus
910 3306 1007 3390 suia,
1036 3299 1222 3378 dominic
1255 3319 1375 3376 mero

286 3429 474 3508 etmixtc
504 3427 684 3532 imperio
713 3427 889 3505 iliariter
915 3425 994 3504 sibi
1010 3425 1125 3510 dare,
1142 3429 1186 3498 ut
1201 3423 1255 3498 ita
1273 3419 1376 3495 eaivi

286 3549 384 3630 fiant
410 3550 590 3628 subiecti
617 3549 776 3651 popuii,
792 3545 919 3623 terris
948 3547 1058 3646 ipsis,
1078 3551 1120 3621 et
1134 3565 1214 3646 per
1228 3563 1375 3618 conse·

287 3695 421 3775 quens
450 3671 560 3749 idem
589 3671 783 3747 dominus
824 3667 1128 3764 Georgius·
1159 3683 1260 3740 cum
1289 3659 1377 3736 aliie

284 3791 410 3869 terrie
425 3797 469 3868 et
483 3791 586 3868 iocis
600 3790 679 3867 sibi
697 3785 962 3874 restantibus,
993 3795 1035 3864 et
1058 3785 1191 3863 ceteri
1220 3779 1378 3861 circha·

287 3911 414 3991 vicini
442 3913 621 4016 partium
648 3911 947 4015 predictarum.
989 3907 1040 3985 itt
1068 3907 1159 4010 ipse
1187 3900 1377 3981 illustris·

286 4017 414 4112 simus
452 4039 495 4110 et
536 4028 911 4112 excellentissimus
954 4025 1158 4112 dominus,
1185 4023 1379 4102 dominae

289 4159 374 4235 dux
403 4176 608 4257 suumque
623 4153 853 4230 dominium
882 4149 1171 4234 venetiarum,
1188 4141 1378 4223 iicetcie·

287 4277 532 4358 revideant
561 4282 602 4351 et
643 4278 902 4372 cognoscant
946 4269 1068 4346 dubio
1099 4274 1139 4344 et
1179 4263 1380 4368 pertenta.
