3154 5102
344 597 403 677 vit
431 597 632 690 civitates,
670 603 826 689 eastra,
858 597 1076 677 vfortalicia
1105 605 1147 675 at
1188 607 1440 703 contractas,

346 719 443 820 quia
468 717 510 806 in
551 725 658 796 statu
699 716 884 821 paoiiioo
925 741 1071 797 seoum
1112 717 1255 796 vivere
1290 719 1440 800 nolue-

328 845 448 934 rant,
476 838 510 914 si
538 861 636 914 casu
659 838 801 937 aliquo
818 847 860 916 et
886 837 1116 916 infortunio
1145 839 1440 942 supervenien-

345 969 386 1036 te
403 965 655 1062 opporteret
682 956 819 1060 ipsum
834 957 995 1034 habere
1026 957 1273 1057 confugium
1301 961 1352 1036 ad
1368 957 1439 1035 do·

345 1076 515 1154 minium
532 1083 586 1154 ‘et
614 1076 826 1155 civitatem
852 1078 1138 1168 Venetiarum,
1179 1077 1295 1180 quod
1322 1101 1440 1155 secu·

346 1223 392 1274 re
422 1200 472 1275 ad
502 1197 678 1275 eosdem
706 1197 918 1276 incessum
946 1200 1127 1277 habeant
1156 1207 1198 1277 et
1224 1197 1440 1276 introitum

344 1329 386 1396 et
415 1319 605 1397 civitates
632 1319 821 1423 ipsorum
850 1319 1053 1412 fidelium,
1083 1345 1178 1398 ctam
1205 1316 1440 1421 suisqueli·

158 1435 161 1448 '
216 1447 219 1455 “
301 1463 305 1474 ·
347 1441 460 1519 beris
488 1449 529 1518 et
568 1441 768 1518 thesauro
799 1449 840 1518 et
881 1441 1114 1521 domestica
1156 1441 1440 1545 suppellectili

347 1561 550 1650 universa,
577 1560 733 1638 ibidem
761 1585 922 1639 moram
945 1561 1161 1640 trahentes
1188 1560 1239 1636 ad
1267 1559 1441 1649 libitum,

347 1691 389 1758 et
419 1705 515 1760 cum
544 1683 776 1784 expediens
816 1682 1009 1776 viderint,
1042 1683 1199 1762 exitum
1228 1684 1442 1760 obtineant

348 1802 580 1892 liberalem.

448 1940 628 2044 Insuper
669 1967 799 2046 quum
840 1942 1012 2020 domiuo
1056 1941 1147 2042 regi
1188 1941 1315 2018 luerit
1354 1939 1442 2020 inti·

349 2069 529 2151 matum,
571 2061 684 2160 quod
726 2058 853 2163 aliqui
892 2063 1021 2140 vestri
1061 2059 1183 2140 vieini
1219 2069 1263 2141 et
1290 2062 1443 2170 lidele's

345 2183 486 2262 solent
515 2190 663 2261 eontra
689 2181 920 2260 dominium
949 2189 991 2259 et
1019 2181 1226 2261 civitatem
1253 2177 1443 2261 venetia.

351 2325 443 2378 rum
473 2302 783 2403 aliquandoque
812 2302 1124 2380 inobedientiae
1154 2301 1321 2403 erigere
1351 2327 1442 2382 oor·

346 2447 439 2508 uua,
466 2423 499 2496 si
528 2446 613 2522 quo
655 2429 849 2524 tempore
889 2423 1109 2500 volueritis
1150 2431 1298 2504 contra
1338 2423 1444 2501 tales

345 2551 496 2622 nostro
528 2541 611 2618 frui
639 2543 810 2628 airxilim
826 2543 1112 2645 promittimus
1137 2545 1260 2623 vobis
1276 2547 1328 2623 de
1346 2527 1442 2645 geri·

348 2677 389 2742 te
415 2671 573 2754 nostra,
604 2663 858 2762 quingentos
886 2669 1069 2740 armatos
1084 2663 1247 2764 equites
1275 2667 1441 2766 quando

350 2791 392 2862 et
416 2784 797 2885 quotiens-cunque
826 2781 1057 2881 expediens
1084 2783 1286 2876 videritis,
1300 2783 1339 2860 iu
1353 2809 1442 2887 ves·

351 2912 460 2980 trum
489 2899 719 2979 subsidium
757 2900 980 2993 destinare,
1009 2901 1194 2979 etiamsi
1224 2903 1273 2980 ad
1302 2912 1445 3006 partes

351 3031 639 3127 opportunum
668 3021 796 3099 fuerit
823 3021 1242 3114 bombardiae‚
1284 3025 1442 3102 domini

349 3131 462 3240 re⁴gis
489 3143 722 3246 sumptibus
751 3151 792 3220 et
820 3143 1043 3246 expensis;
1071 3149 1112 3220 et
1140 3144 1266 3222 etiam
1293 3143 1443 3221 sicum

349 3273 492 3341 vestro
531 3260 658 3340 fuerit·
694 3266 937 3353 commodo,
978 3263 1258 3366 promittimus
1297 3289 1442 3367 perso·

348 3385 500 3462 naliter
528 3410 622 3461 cum
649 3393 796 3460 nostro
827 3387 1019 3463 exercitu
1048 3387 1088 3461 iu
1117 3393 1304 3463 vestrum
1325 3387 1442 3483 juva·

349 3513 509 3582 menet
537 3505 735 3581 arixilium
764 3505 982 3614 interesse.
1013 3505 1065 3582 lat
1091 3503 1123 3580 si
1153 3528 1251 3582 ausu
1280 3503 1442 3582 interci-

350 3627 475 3704 dente
505 3635 644 3704 uestro
674 3626 958 3726 indigeremus
987 3607 1159 3716 auxilio,
1186 3623 1220 3702 si
1237 3649 1333 3703 cum
1355 3649 1443 3702 ves·

349 3755 416 3826 tro
453 3747 721 3850 beneplacito
752 3755 794 3825 et
823 3751 936 3825 bono
972 3749 1201 3826 commodo
1245 3745 1340 3824 lieri
1367 3774 1441 3850 po·

350 3867 463 3957 terit,
492 3867 681 3958 liberali,
715 3867 829 3968 quod
868 3868 1004 3970 ipsum
1033 3891 1056 3943 a
1082 3869 1206 3944 vobis
1248 3871 1442 3947 amicabi-

350 3989 448 4068 liter
474 3989 748 4092 postulemus,
776 3995 985 4088 tamquam
1014 3987 1208 4066 anostris
1235 3987 1443 4096 proximis

353 4117 395 4192 et
423 4107 576 4190 amicis.
