3192 5112
350 395 412 460 tta

349 623 445 679 cum
486 619 637 696 magno
681 595 871 674 exercitu
900 594 948 672 ad
978 591 1252 672 offensionem
1291 603 1335 670 et
1370 593 1435 668 da-

349 744 489 798 mnum
544 717 753 794 dictorum
796 727 1058 808 castrorum,
1097 715 1132 794 si
1171 717 1261 818 ipsa
1300 723 1435 794 castra

347 867 432 919 non
461 840 576 917 dabit
602 837 690 937 regi
717 834 941 936 Ungariae,
971 843 1013 916 et
1040 861 1118 940 pro
1146 845 1254 916 statu
1290 845 1436 914 nostro

348 963 387 1038 in
415 957 599 1061 partibus
629 958 879 1036 sclavoniae
907 960 1071 1062 penitus
1106 957 1342 1059 requiratur
1369 957 1438 1036 ha·

297 1127 305 1134 -
349 1079 451 1158 bere
488 1079 579 1180 ipsa
620 1083 755 1156 castra
784 1079 823 1154 in
852 1084 999 1157 nostro
1035 1078 1219 1157 dominio
1250 1085 1293 1154 et
1320 1082 1437 1178 pote·

348 1205 467 1288 state,
495 1220 600 1298 quoe
628 1221 729 1273 vere
755 1197 838 1276 dici
863 1205 1038 1296 possunt
1065 1199 1203 1276 claves
1231 1204 1437 1276 terrarum

349 1324 586 1396 nostrarum
614 1315 681 1394 Sc
698 1319 710 1394 l
727 1343 787 1394 av
804 1344 829 1396 o
845 1343 871 1394 n
887 1318 899 1394 i
914 1345 936 1394 a
952 1343 989 1414 o,
1021 1343 1116 1396 cum
1145 1319 1255 1396 omui
1284 1317 1439 1396 sollici·

350 1439 489 1520 tudine
518 1463 599 1539 qua
627 1437 719 1514 fieri
747 1444 915 1536 potest,
946 1463 1042 1514 cum
1069 1433 1202 1516 omnis
1225 1441 1371 1518 ditatio
1399 1440 1438 1516 iu

350 1561 432 1638 hoe
460 1560 573 1636 facto
602 1559 656 1636 sit
682 1557 846 1657 penitus
887 1559 1144 1652 resecanda,
1184 1561 1327 1638 habito
1357 1583 1440 1635 res·

351 1688 475 1784 pectu
504 1679 553 1756 ad
582 1701 768 1778 magnam
796 1679 1063 1758 securitatem
1092 1688 1135 1756 et
1162 1679 1440 1766 commodum,

351 1827 474 1903 quam
516 1808 597 1876 tam
639 1800 763 1876 statui
812 1805 957 1875 nostro
998 1802 1038 1878 in
1082 1801 1204 1880 dictis
1253 1801 1441 1904 partibus

351 1920 620 2010 sclavoniae,
648 1939 788 2020 quam*
813 1922 938 1998 terris
967 1922 1117 1998 nostris
1146 1915 1370 2024 praestant,
1399 1933 1442 2004 et

351 2043 402 2120 ad
430 2065 623 2141 magnum
664 2027 958 2125 incomodum,¹
985 2041 1021 2116 si
1050 2042 1164 2142 quod
1193 2043 1325 2133 absit,
1353 2046 1442 2148 ipso

352 2169 487 2244 castra
528 2161 778 2238 devenirent
819 2161 868 2236 ad
907 2182 1050 2236 manus
1090 2157 1379 2263 Ungarorumj
1402 2165 1441 2242 in

353 2282 466 2384 quod
495 2281 632 2358 dictae
660 2285 801 2356 terrae
828 2285 1001 2356 nostrae
1029 2281 1319 2374 incurrerent,
1347 2309 1442 2365 oum

352 2405 390 2478 in
420 2401 534 2480 dicto
565 2423 662 2481 casu
690 2400 731 2476 in
760 2407 893 2478 totum
922 2408 1063 2478 essent
1090 2403 1281 2482 desolate
1309 2413 1351 2482 et
1375 2407 1442 2486 de·

353 2529 549 2600 structae.
589 2521 712 2598 Vadit
738 2545 847 2623 pars:
876 2524 987 2622 quod
1017 2546 1096 2625 pro
1126 2525 1344 2604 velociore
1373 2552 1443 2604 ex·

353 2645 565 2746 peditione
606 2641 765 2738 negotii
802 2640 1049 2744 supradicti,
1076 2645 1288 2724 scribatur
1316 2650 1440 2724 comi-

353 2765 461 2840 tibus
489 2764 642 2840 nostris
669 2761 863 2861 'Pragurii
892 2773 933 2841 et
962 2761 1133 2866 Spoleti,
1161 2767 1274 2867 quod
1302 2774 1443 2871 optan-

354 2891 418 2961 tes
454 2907 532 2986 pro
569 2885 795 2960 securitate
837 2890 981 2960 nostra
1011 2892 1052 2961 et
1080 2885 1193 2962 bono
1236 2902 1443 2964 terrarum

354 3011 607 3097 nostrarum,
637 3003 795 3079 habere
825 3003 865 3078 in
893 3009 1037 3080 nostra
1065 3011 1277 3107 potestate
1307 3015 1350 3085 et
1376 3008 1443 3083 do-

356 3125 481 3204 minio
525 3127 661 3202 castra
701 3147 806 3225 quae
837 3123 1004 3202 fuerunt
1045 3127 1210 3202 comitis
1239 3127 1443 3226 Maledini,

355 3245 594 3324 mandamus
631 3246 716 3332 eis,
755 3255 958 3348 quatenus
988 3248 1100 3324 omni
1128 3273 1247 3325 mora
1274 3258 1443 3351 postpo-

355 3367 443 3452 sita,
473 3392 565 3445 esse
606 3371 651 3444 et
685 3367 883 3446 conterre
932 3364 1112 3442 debeant
1153 3391 1245 3446 cum
1287 3368 1444 3446 comite

354 3485 495 3573 Paulo,
525 3487 654 3564 fratrc
683 3487 861 3566 condam
890 3485 1054 3564 comitis
1070 3485 1277 3580 Maledici,
1293 3494 1335 3564 et
1349 3511 1444 3588 pro-

357 3633 520 3699 curare,
548 3611 593 3683 ut
620 3609 754 3686 dictus
782 3631 927 3684 comes
958 3605 1106 3682 Paulus
1140 3605 1262 3682 nobis
1301 3607 1444 3684 dicere

357 3729 459 3806 t'eeit
497 3751 576 3830 per
614 3751 733 3802 suum
775 3723 1115 3811 ambaxatorem,
1157 3731 1200 3802 et
1240 3734 1284 3803 ut
1319 3725 1444 3804 etiam

358 3873 501 3927 comes
530 3847 759 3924 tiiotadinus
787 3846 918 3924 irater
945 3846 1034 3922 eius
1062 3847 1142 3924 sibi
1170 3844 1349 3944 injunsit,
1376 3844 1445 3922 hu·

358 3969 481 4046 hendi
510 3969 722 4047 innostro
760 3967 943 4044 dominio
971 3969 1082 4047 dicta
1119 3974 1256 4046 castra
1283 4021 1444 4043 .......

357 4091 557 4194 possendi
585 4091 832 4194 promittere
861 4089 1065 4166 annuatim
1093 4111 1172 4190 pro
1198 4095 1344 4166 nostro
1376 4112 1445 4165 co·

357 4212 481 4302 muni,
508 4213 617 4292 dicto
647 4214 791 4290 comiti
807 4210 951 4302 Paulo,
979 4216 1172 4312 tempore
1195 4211 1305 4288 vitae
1331 4230 1446 4299 suae,
