3186 5112
98 655 218 729 netas
247 675 369 738 suas,
396 673 505 752 quae
534 656 629 727 sunt
655 649 789 728 multo
820 650 995 758 minoris
1022 656 1194 744 valoris,

96 797 192 850 cum
221 777 337 850 tanto
366 770 518 850 damno
546 777 720 862 nostro,
748 769 890 872 itaque
918 774 1073 852 bonum
1101 777 1186 858 imo

94 891 384 973 necessarium
412 897 476 968 est
495 890 738 996 providere,
768 891 1047 972 consideratis
1076 921 1198 996 mag··

93 1014 159 1091 nis
189 1013 389 1116 expensis
417 1012 594 1104 deinde,
636 1018 678 1089 et
706 1013 820 1114 quod
850 1013 889 1087 in
926 1015 1039 1091 omni
1065 1021 1184 1118 parte

93 1133 239 1211 mondi
268 1133 445 1234 quilibet
472 1131 666 1210 dominus
695 1137 737 1208 et
765 1133 983 1232 quodlibet
1012 1134 1184 1213 domini·
1230 1121 1234 1130 ’

91 1277 162 1328 um
185 1253 356 1328 multam
385 1249 685 1330 advertentiam
703 1257 745 1328 et
760 1251 1049 1352 provisionem
1078 1279 1182 1332 sem·

91 1395 172 1474 per
199 1371 327 1449 habet
348 1372 399 1449 nd
427 1369 582 1450 foetum
609 1377 888 1449 monetarum.
918 1369 1045 1449 Vadit
1071 1397 1180 1476 pars:

92 1490 213 1590 Quod
254 1491 416 1594 possint
457 1497 500 1567 et
527 1485 706 1568 debeant
749 1488 845 1566 cudi
886 1495 928 1566 et
969 1488 1060 1567 fieri
1102 1513 1181 1568 una

90 1619 283 1696 moneta,
322 1633 428 1713 quae
455 1615 597 1690 teneat
625 1615 711 1686 tres
740 1609 885 1689 uncias
914 1611 1074 1709 argenti
1102 1635 1179 1713 pro

90 1733 263 1810 marcha
279 1759 302 1820 ,’
318 1741 360 1811 et
387 1731 535 1808 vadant
562 1727 673 1806 Xbll
699 1752 776 1831 pro
805 1729 956 1822 uncia,
984 1729 1178 1808 faciendo

91 1851 264 1953 figuram
292 1851 425 1931 sancti
466 1851 598 1929 Marci
626 1851 813 1954 apparati
842 1849 893 1927 ab
923 1873 1005 1925 uno
1035 1849 1179 1936 latere,

89 1977 132 2045 ct
158 1967 213 2047 ab
240 1969 374 2047 attero
411 1969 541 2048 latere
569 1993 694 2046 unum
722 1964 915 2047 schutum
944 1969 1093 2056 altum,
1137 1969 1177 2046 in

90 2113 173 2193 quo
203 2091 259 2168 sit
285 2091 437 2178 nichil,
480 2091 536 2170 ita
566 2093 677 2193 quod
707 2090 789 2167 erit
822 2091 878 2169 ita
906 2090 1075 2170 modica
1103 2089 1175 2168 dif-

90 2211 281 2302 ferentia,
297 2211 411 2314 quod
428 2212 711 2318 considerato,
728 2211 840 2313 quod
856 2213 908 2289 de
933 2209 1054 2289 dictis
1082 2199 1177 2288 irio·

1 2331 2 2334 ‘
89 2332 265 2433 gnachis
291 2331 394 2410 fiunt
418 2341 460 2411 et
475 2333 698 2414 cudiuntur
726 2357 822 2410 cum
850 2331 1029 2410 diversis
1056 2339 1176 2410 stam·

1 2539 2 2544 Ν
88 2453 174 2556 pis,
219 2449 329 2530 dicta
358 2455 502 2532 nostra
544 2463 714 2534 moneta
745 2454 885 2556 capiet
919 2451 1058 2530 subito
1088 2475 1176 2530 our·

86 2597 194 2650 sum.
233 2572 286 2650 Et
312 2573 535 2652 mandetur
563 2571 802 2651 rectoribus
839 2571 1021 2662 saurae,
1062 2574 1176 2674 quod

86 2697 255 2774 teneam
286 2693 480 2782 modum,
522 2694 637 2797 quod
665 2693 926 2795 expendatur
953 2692 1063 2770 dicta
1091 2717 1176 2774 mo·

2 2825 3 2878 l
86 2824 205 2903 neta,
233 2815 426 2895 facienda
457 2822 500 2896 et
527 2817 658 2921 ipsam
686 2816 823 2918 recipi
852 2815 892 2894 in
922 2817 1172 2894 solutionem

85 2939 330 3014 nostrorum
372 2937 612 3037 introytum.
665 2938 715 3016 ut
742 2945 786 3014 ut
811 2939 883 3016 liat
910 2938 961 3014 de
990 2938 1079 3041 ipsa
1108 2961 1174 3013 ex·

85 3045 320 3158 parientia.
349 3057 530 3138 debeant
558 3058 655 3139 cudi
684 3068 726 3136 et
752 3060 845 3136 fieri
873 3083 953 3162 pro
983 3081 1093 3136 nunc
1120 3060 1172 3136 de

4 3253 5 3262 a
84 3176 211 3257 dictis
240 3177 468 3278 frignachis
496 3207 629 3285 usque
658 3167 708 3259 ad
725 3183 901 3260 ducatos
928 3181 1056 3265 mille.
1085 3179 1169 3256 mit·

85 3300 215 3376 tendo
232 3301 285 3378 ad
314 3307 477 3401 partem
494 3305 544 3382 ad
567 3307 742 3405 partem,
771 3304 822 3380 ad
850 3309 991 3405 partes
1017 3299 1171 3376 dadrae

83 3419 194 3497 siout
222 3429 345 3500 erunt
372 3423 479 3503 facti.
535 3423 588 3502 Et
615 3425 847 3503 secundum
876 3422 987 3526 quod
1014 3419 1170 3500 videbi-

83 3545 151 3616 tur
178 3539 330 3618 dictam
359 3551 567 3622 monetam
595 3570 746 3625 novam
775 3544 1038 3644 respondere
1067 3541 1171 3619 utiti-

85 3660 158 3736 tati
186 3669 373 3752 nostrae,
400 3650 557 3768 poterit
581 3665 795 3769 provideri
823 3689 900 3768 per
927 3663 1011 3742 boc
1039 3665 1169 3740 consi·

85 3781 180 3858 tium
209 3792 337 3884 prout
364 3785 520 3863 bonum
548 3787 771 3866 videbitur.

414 3989 519 4056 Secr.
545 3989 655 4058 Cous.
680 3992 772 4080 Rog.
796 3989 868 4055 Lib.
891 3989 948 4054 tv.
972 3994 1029 4058 ch.
1053 3997 1123 4061 118.
