3220 5118
327 299 374 368 40

330 511 369 591 la
396 491 549 590 nostra'
568 503 1170 612 oitadeperinostrioenari.
1197 489 1424 612 Respon-

330 630 548 716 demus,
576 627 689 730 quod
715 650 857 704 sumus
882 628 1085 720 contenti,
1114 628 1226 728 quod
1254 627 1423 732 possint

329 747 554 828 extrahere
594 750 647 826 de
687 746 888 829 flumariis
929 747 1083 825 nostris
1130 745 1423 826 Albaniae

328 867 381 948 de
421 893 530 952 anno
571 868 611 946 in
649 891 799 946 annum
840 867 1093 946 frumentum
1132 867 1422 954 necessarium

328 1009 407 1092 pro
435 1014 512 1066 usu
540 985 716 1069 civitatis
758 993 929 1067 nostrae
959 987 1122 1074 Catari,
1163 988 1293 1067 etsie
1320 987 1422 1066 seri·

329 1107 475 1188 bemus
529 1107 767 1190 rectoribus
820 1109 974 1188 nostris
1036 1105 1324 1188 Duraohii
1377 1111 1423 1184 et

328 1231 540 1317 Alexii.

430 1348 495 1429 Ad
523 1351 854 1430 undecimum
881 1347 1002 1428 huius
1017 1347 1317 1430 continentiae:
1344 1345 1419 1426 Su·

331 1470 540 1576 piioiremo
569 1472 607 1548 la
634 1479 776 1551 vostra
802 1469 945 1570 gratia,
974 1469 1054 1549 ohe
1080 1493 1102 1548 a
1125 1469 1196 1548 vui
1223 1470 1340 1574 piaza
1368 1469 1420 1546 da

330 1598 461 1670 tratar
487 1615 541 1666 ne
558 1589 655 1669 nete
682 1590 899 1692 gabello
929 1589 1082 1669 rhomo
1110 1589 1246 1668 avanti
1275 1609 1419 1668 eramo

330 1712 520 1798 tractati,
565 1711 720 1790 ehomo
762 1720 979 1791 troverete
1006 1735 1084 1814 per
1111 1712 1138 1790 ii
1164 1711 1299 1789 vostri
1323 1733 1421 1812 ‘qua-

331 1835 464 1919 derni,
481 1833 561 1910 che
578 1855 661 1911 non
688 1853 915 1934 pagaremo
943 1838 1060 1912 tanto
1089 1831 1238 1925 avanti,
1265 1831 1418 1910 ohomo

330 1977 508 2057 pagemo
537 1952 718 2042 adesso;
745 1950 1205 2056 Respondemus:
1234 1953 1347 2054 quod
1377 1949 1419 2028 li·

331 2072 479 2152 beuter
506 2072 711 2150 vellemus·
734 2073 796 2150 eis
823 2073 1109 2174 complacere,
1137 2072 1213 2152 sed
1240 2071 1416 2151 fecimus

333 2201 471 2275 oertas
497 2192 730 2276 additiones
758 2191 989 2281 detiorum,
1017 2216 1119 2295 quas
1145 2193 1278 2271 nostri
1307 2192 1421 2272 eires

334 2313 513 2400 solvunt,
541 2312 634 2415 quia
662 2319 759 2391 sunt
785 2315 1059 2414 generatesin
1080 2311 1286 2410 omnibus,
1317 2333 1421 2415 qnae

333 2430 560 2512 secundum
589 2433 758 2512 ordines
785 2441 955 2514 nostros
984 2434 1178 2514 revocari
1217 2457 1303 2512 non
1322 2417 1421 2534 ⁴pos·

333 2558 455 2630 sunt'

435 2669 499 2751 Ad
525 2673 935 2751 duodecimum
971 2673 1094 2752 huius
1123 2672 1309 2752 tenoris:
1349 2669 1419 2748 Su·

334 2793 548 2898 piichemo
565 2795 603 2872 la
617 2804 759 2875 vostra
773 2797 917 2896 gratia,
932 2796 1012 2876 ohe
1027 2795 1066 2872 el
1082 2821 1133 2873 ve
1148 2797 1263 2896 piaza
1280 2815 1423 2872 aman·
1459 2835 1461 2838 .
1591 2751 1592 2826 3

333 2915 587 3030 dar'algune
615 2941 752 2994 arme
785 2919 827 2996 in
856 2941 948 2995 man
977 2916 1030 2993 de
1056 2919 1185 2996 miser
1213 2916 1254 2992 lo
1285 2921 1422 3001 conte,

291 3083 296 3104 .
332 3059 411 3114 zoe
438 3035 592 3139 spado,
620 3037 792 3135 sohudi,
823 3039 942 3116 archi
971 3061 994 3114 e
1024 3037 1162 3126 ireze‚
1199 3059 1299 3113 azo
1329 3033 1423 3113 ohel

334 3179 461 3260 possa
488 3159 620 3261 partir
641 3160 705 3236 ale
733 3165 867 3252 zente,
896 3161 1063 3260 quando
1094 3159 1133 3234 el
1150 3159 1423 3255 bexognasse,

333 3297 412 3380 per
439 3276 519 3358 che
546 3303 652 3357 sono
680 3280 800 3358 molti
830 3279 910 3360 ohe
939 3305 1022 3358 non
1051 3279 1160 3357 hano
1203 3301 1319 3374 arme
1346 3299 1422 3377 per

333 3397 577 3498 povertade,
605 3399 768 3500 quando
796 3423 903 3480 vano
931 3401 993 3478 ala
1020 3421 1274 3479 scaramuza.
1315 3397 1420 3474 Res·

334 3520 580 3619 pondem
597 3541 679 3610 us,
717 3521 829 3623 quod
858 3522 953 3622 quia
980 3525 1074 3598 ante
1102 3545 1251 3618 eorum
1279 3517 1422 3595 adven·

334 3645 419 3712 tum
461 3637 511 3715 ad
551 3641 829 3742 praesentiam
869 3645 1076 3730 nostram,
1131 3640 1184 3716 de
1224 3637 1420 3716 missione

335 3756 538 3836 dictarum
568 3783 708 3838 rerum
752 3761 962 3840 fueramus
1000 3758 1219 3862 requisiti,
1264 3765 1418 3838 certam

335 3875 601 3974 quantitatem
637 3903 778 3958 rernm
807 3879 1113 3982 praedictarum
1141 3881 1327 3959 misimus
1354 3903 1418 3958 eo·

336 3993 424 4070 miti
450 4003 598 4076 nostro
630 3996 700 4077 Ca
716 4005 731 4076 t
745 4024 768 4076 a
783 4024 805 4076 r
818 3999 843 4076 i.

649 4115 755 4184 Secr.
780 4117 890 4185 Cone.
913 4127 1031 4210 rogat.
1053 4119 1127 4185 Lib.
1149 4117 1243 4187 vm.
1268 4123 1325 4190 eh.
1347 4123 1375 4188 7.
