3234 5116
197 427 211 444 ν
323 391 385 462 134

317 605 457 679 meatu
487 599 537 679 ab
559 600 632 690 eis,
659 601 756 679 inde
786 601 991 680 recedere
1020 609 1062 679 et
1088 601 1273 704 dirigere
1288 602 1410 680 w'viam

318 731 430 800 tuam
458 747 606 799 versus
634 723 667 798 B
685 749 710 802 o
727 726 740 801 i
757 749 820 802 an
837 747 928 811 am,
957 723 1008 798 ad
1036 723 1330 802 inveniendum
1347 747 1410 802 oa·

318 841 528 944 pitaneum
568 847 610 920 et
637 844 888 946 provisores
916 829 1088 922 nostros
1116 843 1280 947 Cuiphi,
1321 845 1408 921 mit·

317 965 445 1043 tendo
487 965 612 1042 nobis
639 965 837 1045 distincte
866 973 909 1044 et
937 965 1140 1044 ordinate
1172 967 1411 1068 responsio·

317 1109 413 1163 nem
442 1143 604 1164 .....
634 1111 758 1190 quam
795 1088 996 1166 habueris
1024 1085 1073 1162 ab
1102 1086 1203 1189 ipsis
1244 1086 1410 1185 Regu·

256 1205 680 1286 *san'is..‘...

565 1365 670 1430 Scor.
696 1383 798 1429 cons.
823 1371 989 1452 rogator.
1013 1361 1087 1428 Lib.
1116 1361 1209 1427 vlu.
1235 1361 1291 1426 ch.
1313 1363 1366 1426 87.

477 1565 717 1680 ⁴JCCLX·
750 1592 860 1666 1422.
887 1593 954 1666 28.
981 1584 1273 1666 ianuarii.
1397 1536 1400 1544 ·

171 1833 177 1847 .
318 1797 537 1854 Haccaoacn's
570 1815 607 1856 aa
640 1796 775 1873 Anapiro
798 1801 983 1872 Mapneao,
1018 1815 1080 1856 eon
1115 1813 1173 1871 nnc
1207 1799 1328 1870 loenny
1352 1799 1411 1854 lie·

318 1898 476 1974 capim,
505 1917 543 1972 na
567 1918 674 1960 ononi,
698 1901 861 1976 npepooie
885 1919 922 1960 ea
945 1905 1099 1976 Maenas,
1123 1919 1140 1960 a
1162 1919 1200 1973 aa
1224 1901 1306 1975 orne
1330 1917 1411 1974 upo-

462 2019 609 2061 rnennun
632 2020 780 2075 neonoua
805 2004 992 2080 cpocnons.
1044 1998 1264 2084 (eupaterio.)

422 2169 527 2249 Cum
556 2171 750 2272 dominus
785 2171 1051 2250 ,Juannus
1093 2169 1412 2254 Castrioti.

212 2352 215 2356 .
320 2315 425 2368 unus
454 2315 507 2368 ex
536 2293 793 2373 dominis
822 2293 1096 2377 Albaniae,
1128 2293 1197 2394 qui
1227 2287 1414 2370 continet

322 2433 416 2488 oum
445 2417 586 2486 castro
615 2419 765 2490 nostro
795 2413 940 2494 Alex
957 2411 970 2487 i
985 2410 1025 2504 i,
1057 2417 1100 2487 et
1127 2417 1190 2488 cst
1217 2408 1412 2513 proping·

319 2556 395 2607 vus
425 2529 640 2610 comitatui
668 2538 813 2609 nostro
844 2529 1030 2614 Scutari,
1053 2551 1188 2632 nuper
1208 2553 1286 2632 per
1314 2551 1412 2605 suas

320 2653 480 2732 litteras
509 2652 732 2754 scripserit
758 2657 906 2728 nostro
936 2649 1136 2736 dominio,
1165 2675 1268 2752 quas
1295 2675 1412 2755 prae·

319 2773 497 2850 sentavit
536 2772 702 2849 nuntius
731 2795 856 2860 suus,
897 2768 1009 2870 quod
1052 2768 1188 2849 dictus
1217 2772 1412 2848 dominus

319 2890 479 2972 Juanus
521 2900 736 2982 senserat,
779 2890 893 2994 quod
931 2898 1074 2971 nostra
1111 2891 1343 2968 dominatio
1373 2891 1413 2968 ei

254 3065 258 3078 ·
319 3013 555 3100 invidebat,
586 3013 682 3116 quia
709 3037 756 3092 se
784 3011 1028 3114 reperiebat
1056 3031 1152 3091 cum
1180 3012 1247 3088 do
1262 3012 1370 3087 min
1387 3033 1413 3086 o

321 3133 596 3236 despota,
626 3139 669 3210 et
698 3133 993 3235 quianniserat
1022 3129 1215 3208 filium
1253 3151 1414 3206 suum

286 3257 288 3260 ’
320 3253 373 3330 ad
401 3253 619 3333 dominum
647 3255 973 3358 despotum,
1004 3255 1048 3328 et
1073 3250 1159 3327 hoc
1187 3273 1273 3326 non
1300 3247 1409 3326 iece-

321 3378 386 3452 rot
413 3375 492 3452 nisi
519 3396 597 3478 pro
629 3377 743 3453 bono
774 3373 859 3452 loci
887 3371 1018 3450 nostri
1048 3369 1248 3457 alexii,
1283 3377 1414 3472 prout

321 3498 362 3574 in
390 3495 545 3575 litteris
570 3497 674 3594 eius,
701 3494 823 3573 lectis
850 3489 917 3572 isti
946 3492 1125 3573 consilio
1156 3492 1412 3586 continetur,

322 3625 404 3697 etc.
520 3625 562 3694 et
589 3616 805 3696 subiunxit
838 3621 1040 3693 oretenus
1066 3613 1202 3693 dietus
1231 3611 1412 3704 nuntius,

321 3739 430 3817 ultra
458 3740 760 3816 continentiam
790 3736 930 3814 dictae
959 3736 1144 3822 litterae,
1173 3735 1287 3838 quod
1315 3733 1411 3810 Jus-

322 3881 399 3936 nus
440 3865 504 3937 est
540 3865 710 3961 paratus
751 3879 980 3935 sucurrere
1009 3857 1106 3934 loco
1135 3859 1283 3932 nostro
1312 3851 1412 3932 Scu-

322 3981 426 4070 tari,
467 3982 537 4082 qui
564 3981 706 4082 potius
734 3977 863 4056 vellet
894 3983 1083 4056 nostrum
1112 3974 1340 4054 dominium
1370 3974 1411 4050 in

217 4163 221 4174 .
322 4099 445 4179 dictis
471 4100 661 4202 partibus
686 4095 920 4188 dominari,
947 4121 1071 4199 quarn
1099 4095 1292 4174 dominus
1320 4095 1413 4172 des·

321 4226 473 4326 potus,
514 4221 590 4299 sed
624 4219 754 4299 veliet
793 4218 954 4299 habere
983 4241 1006 4294 e
1032 4226 1188 4298 nostro
1221 4213 1410 4294 dominio
