3226 5112
153 339 400 475 ..m

335 591 461 668 toie
502 588 724 668 camerarii
763 586 1028 674 serenissimi
1067 587 1224 666 domini
1266 591 1425 686 regis

335 709 622 796 Bossine,
661 718 703 786 et
742 715 787 786 ut
826 707 962 812 pridie
998 709 1176 788 relatum
1219 709 1295 786 fuit
1329 708 1427 794 huic

337 829 516 908 consilio
558 853 636 934 per
664 829 981 908 serenissimum
1019 833 1234 908 dominum
1262 832 1425 918 ducem,

336 950 440 1027 dicit
489 951 623 1048 ipsum
666 948 879 1076 dominnm
930 972 1123 1048 regem
1167 949 1426 1026 Bossine

337 1077 485 1174 optare
515 1077 556 1146 et
584 1093 658 1146 nos
686 1091 852 1168 rogare,
881 1077 926 1145 ut
954 1071 1280 1164 consentiamus,
1312 1069 1426 1170 quod

335 1190 470 1292 possit
498 1189 663 1292 quando
693 1215 800 1292 opus
829 1189 905 1267 sibi
941 1190 1161 1277 videbitur,
1190 1191 1358 1268 mittere
1385 1191 1425 1265 in

337 1312 475 1412 aliqua
502 1315 711 1390 terrarum
740 1317 977 1391 nostrarum
1016 1310 1172 1391 havere
1201 1337 1345 1402 suum,
1384 1316 1426 1388 et

211 1535 214 1541 Ι
339 1431 620 1534 personaliter
635 1433 759 1510 etiam
788 1433 935 1511 venire
963 1457 1058 1510 cum
1087 1433 1356 1518 familiam,
1384 1439 1427 1507 et

319 1541 462 1631 ”offert
488 1553 612 1632 nobis
655 1555 757 1632 illud
786 1579 961 1654 regnum
1003 1556 1236 1652 regendum
1277 1559 1424 1631 nostro

337 1673 528 1763 nornine,
570 1674 703 1776 palam
747 1673 814 1749 vel
843 1674 1013 1750 occulte
1049 1682 1094 1750 ut
1120 1673 1244 1749 nobis
1271 1672 1425 1774 placet,

338 1799 381 1870 et
407 1793 536 1870 vellet
562 1817 676 1874 arma
720 1801 762 1870 et
790 1793 892 1871 alias
934 1793 1184 1870 munitiones
1223 1794 1276 1870 de
1319 1791 1427 1870 locis

337 1915 491 1992 nostris
519 1939 647 2018 posse
675 1917 836 1993 habere
865 1923 946 1994 etc.
973 1914 1307 2016 respondeatur:

439 2036 559 2135 Quod
599 2061 741 2114 sumus
789 2037 976 2114 contenti
1024 2039 1069 2110 nt
1111 2038 1348 2112 revertatur
1386 2033 1425 2108 in

338 2151 1274 2244 Bos'sinamaddominumliestoia,
1316 2153 1428 2230 etei

338 2278 472 2355 nostri
501 2285 622 2380 parte
651 2278 786 2364 dicat,
829 2279 942 2378 quod
970 2275 1174 2355 habemus
1202 2275 1339 2378 ipsum
1365 2299 1427 2351 se·

340 2397 606 2490 renissimum
634 2397 923 2475 dominum
953 2420 1148 2495 regem
1176 2394 1217 2470 in
1246 2393 1427 2471 honora·

338 2518 468 2594 bilem
497 2517 681 2606 fratrem,
719 2517 1089 2598 etcontentissimi
1132 2539 1286 2602 sumus,
1314 2523 1359 2592 ut
1387 2513 1427 2589 ln

338 2635 418 2715 hac
445 2643 589 2716 nostra
627 2638 795 2717 civitate
829 2645 873 2716 ct
906 2639 946 2716 in
981 2638 1050 2716 illa
1085 2639 1298 2716 civitatum
1335 2658 1427 2714 nos·

340 2767 525 2850 irarum,
566 2785 672 2862 quae
713 2784 812 2836 suae
848 2758 1064 2838 serenitati
1091 2757 1222 2858 magis
1250 2756 1430 2858 placeat,

339 2881 474 2982 possit
501 2881 553 2958 ad
583 2881 743 2958 libitum
771 2903 891 2956 suum
921 2879 1088 2958 mittere
1118 2877 1273 2957 havere
1294 2901 1429 2962 snum,

340 3026 389 3079 ao
417 3001 540 3078 etiam
570 3000 849 3104 personaliter
892 2998 934 3076 e't
975 3023 1069 3076 cum
1099 2997 1250 3074 familia
1276 3020 1351 3074 sna
1383 3021 1430 3074 se

340 3119 559 3206 reducere,
588 3121 783 3222 quoniam
811 3143 980 3222 semper
1007 3116 1117 3198 bene
1145 3117 1359 3194 videbitur
1388 3122 1431 3193 et

341 3240 609 3334 tractabitur,
651 3245 693 3316 et
729 3241 864 3344 parati
893 3240 1050 3316 erimus
1079 3239 1432 3340 quotiescumque

342 3361 381 3439 ei
408 3359 605 3462 placebit,
648 3359 790 3438 facere
830 3359 909 3438 sibi
949 3365 1121 3438 nostros
1160 3359 1300 3434 salvos
1339 3381 1434 3434 con·

342 3483 491 3559 ductus
528 3487 571 3558 et
597 3488 789 3584 patentes
830 3483 1020 3572 litteras,
1062 3503 1111 3560 ac
1155 3503 1302 3557 omnes
1344 3477 1433 3554 illas

342 3601 574 3698 cautiones,
605 3626 713 3704 quae
741 3625 841 3680 suae
869 3601 1083 3680 serenitati
1110 3600 1347 3678 videantur.

443 3721 508 3799 Ad
546 3722 877 3804 oblationem
914 3731 1088 3800 autem
1127 3719 1279 3818 regni
1322 3743 1432 3822 prae-

343 3845 444 3924 dicti
472 3844 595 3936 dicat,
623 3843 735 3947 quod
758 3844 1053 3944 cognoscimus
1081 3845 1166 3923 hoc
1194 3843 1430 3948 procedere

344 3993 398 4044 ex
425 3967 553 4043 multa
580 3966 818 4060 allectione,
847 3989 970 4068 quam
998 3965 1068 4042 ille
1108 3958 1428 4040 serenissi-

343 4109 460 4160 mus
488 4086 756 4162 dominus
784 4109 888 4162 rex
916 4080 1428 4168 adnostramhabetrem

178 4191 180 4204 '
290 4281 294 4286 .
343 4203 567 4306 publicam,
597 4205 1066 4308 etmultafidc,1quem
1096 4199 1296 4287 donabis
1321 4197 1427 4284 facts
