3234 5116
368 393 414 464 w
457 427 460 439 ·

371 619 540 676 calisam
591 595 923 699 conquerelaudi
965 597 1017 676 de
1057 606 1205 678 nostro
1262 598 1462 687 dominio,

371 719 465 818 quia
492 717 601 793 dicta
630 717 863 794 comanitas
890 729 981 794 erat
1008 718 1276 796 inlibertate
1305 745 1391 810 sua,
1420 723 1463 794 et

370 845 539 939 poterat
565 862 612 912 se
640 839 886 916 submittere
916 840 982 914 cui
1011 839 1217 938 placebat3
1249 841 1316 916 cui
1347 865 1461 918 eom·

370 957 558 1036 munitati
612 958 878 1060 promisimus
926 957 1039 1034 illam
1081 983 1290 1061 nunquam
1334 959 1463 1036 alicui

370 1077 629 1163 submittere,
658 1079 731 1156 sed
748 1081 825 1156 snb
850 1080 1122 1182 protectione
1151 1087 1292 1158 nostra
1309 1085 1462 1159 tenere
1603 1099 1604 1110 ¹

370 1208 413 1277 et
441 1225 721 1288 conservare,
762 1209 805 1279 et
832 1201 958 1282 aliter
998 1226 1076 1302 pro
1106 1203 1272 1278 honore
1314 1211 1461 1279 nostro

369 1347 452 1398 non
480 1323 729 1403 faceremus.
785 1321 871 1400 Sed
899 1331 942 1400 ut
970 1323 1103 1402 dictus
1137 1323 1332 1402 dominus
1362 1323 1462 1399 San·

369 1443 450 1520 dati
479 1452 713 1543 cognoseat
746 1447 904 1522 bonam
944 1445 1216 1522 intentionem
1256 1454 1462 1530 nostram,

368 1563 403 1638 si
429 1587 529 1664 suae
565 1545 898 1664 magnificentiae
926 1566 1066 1666 placet
1094 1567 1251 1673 bonam!
1275 1565 1460 1642 vicinan-

368 1683 466 1760 tium
495 1685 638 1762 lacere
665 1692 833 1764 nostrae
862 1685 1018 1764 civitati
1049 1685 1209 1766 Catari.
1252 1691 1294 1766 et
1321 1681 1460 1760 subdi·

369 1803 423 1878 tis.
437 1811 479 1880 et
494 1800 685 1880 fidelibus
713 1805 865 1881 nostris
889 1805 1030 1882 Catari
1046 1811 1088 1882 et
1105 1803 1330 1882 territoriis
1358 1803 1462 1891 suis,

368 1927 411 2000 et
437 1925 687 2025 promittere
717 1925 768 2000 de
784 1925 978 2012 faciendo
994 1925 1178 2014 etfaciat
1207 1949 1302 2001 eum
1324 1924 1455 2002 effec-
1603 1979 1604 1984 ,

368 2047 439 2138 tu,
470 2045 581 2154 quod
619 2067 955 2134 caravanae
998 2044 1165 2122 veniant
1192 2068 1269 2145 per
1296 2052 1458 2122 rectam

367 2164 553 2240 riamad
582 2163 792 2242 civitatem
824 2163 983 2248 Catari,
1012 2174 1054 2240 et
1081 2189 1164 2240 nou
1191 2164 1342 2242 radant
1368 2161 1456 2240 aa·

331 2316 334 2324 ¹
366 2271 580 2382 gusium,
606 2309 748 2362 sumus
777 2286 965 2362 contenti
987 2285 1089 2362 dare
1119 2285 1262 2364 facere
1290 2285 1458 2384 singulo

366 2427 475 2485 auno
510 2404 624 2482 dicto
661 2405 832 2482 domino
861 2403 1027 2481 Sandali
1053 2429 1265 2507 yperpera
1294 2408 1348 2485 de
1379 2407 1455 2483 Ca·
1603 2459 1604 2512 3

366 2532 458 2604 turo
483 2524 608 2610 mille,
625 2525 676 2602 de
691 2523 935 2602 introitibus
964 2549 1158 2603 camerae
1185 2527 1282 2603 salis
1302 2525 1456 2604 Catari.

365 2645 480 2722 Etsi
509 2672 603 2726 cum
633 2646 753 2725 dictis
788 2647 904 2723 mille
939 2648 1162 2749 yperperis
1192 2647 1243 2722 ad
1273 2673 1458 2728 concor·
1603 2645 1604 2730 J

365 2764 477 2842 dium
493 2766 636 2844 venire
652 2792 735 2846 non
750 2792 914 2870 posses,
944 2768 1090 2844 damus
1116 2766 1189 2843 tibi
1218 2766 1456 2846 libertatem
1603 2759 1604 2822 3

364 2887 627 2988 promittenti
666 2907 874 2988 yperpera
913 2887 1027 2967 mille
1065 2892 1108 2963 et
1135 2888 1360 2988 quingenta
1389 2914 1452 2966 us·

365 3031 448 3108 que
485 3007 569 3084 duo
598 3007 753 3096 millia,
794 3007 904 3084 sicut
931 3007 1080 3084 melius
1109 3007 1250 3087 facere
1278 3011 1455 3110 poteris,

365 3129 543 3208 faciente
582 3127 696 3206 dioto
726 3127 895 3216 domino
926 3126 1094 3207 Sandali
1120 3129 1454 3232 promissionem

364 3250 690 3353 suprascriptam
720 3256 763 3326 et
789 3249 903 3328 illam
931 3249 1196 3329 observante.
1251 3252 1455 3328 Volumus

363 3378 515 3459 tomen,
545 3369 659 3471 quod
685 3393 894 3471 procures
923 3369 1216 3450 liberationem
1241 3376 1283 3449 et
1299 3373 1455 3451 relaxa·

364 3491 521 3570 tionem
559 3490 727 3568 illorum
755 3497 936 3592 quatuor
979 3491 1175 3569 obsidum
1204 3493 1256 3571 de
1287 3491 1456 3585 (latero,

364 3638 470 3714 quos
507 3613 642 3691 dictus
671 3609 837 3690 Sandali
866 3616 982 3690 tenet
1009 3613 1225 3714 captivos,
1267 3621 1310 3692 et
1339 3613 1455 3694 circa

361 3735 448 3813 hoo
489 3735 619 3817 facias
659 3759 785 3834 posse
825 3740 941 3810 tuum
979 3734 1020 3812 in
1049 3739 1247 3836 quantum
1275 3733 1455 3836 poteris.

361 3857 464 3936 Etsi
481 3857 579 3935 illos
607 3856 767 3936 babere
783 3879 866 3936 non
883 3879 1047 3957 posses,
1076 3861 1119 3932 et
1145 3879 1263 3934 esses
1289 3857 1330 3932 in
1359 3881 1454 3934 con-

310 4051 312 4060 .
364 3977 513 4056 cordio
544 4003 639 4055 cum
668 3977 783 4055 dicto
813 3973 979 4055 Saudali
1008 3975 1059 4052 de
1084 3976 1177 4054 aliis
1205 3973 1279 4053 tibi
1309 3978 1455 4055 comis·

361 4097 442 4187 sis,
482 4122 567 4176 non
594 4095 750 4176 debeas
777 4103 961 4180 restare,
990 4094 1065 4174 sed
1096 4095 1381 4188 concludere,
1409 4105 1455 4172 ut

361 4219 556 4319 superius
584 4216 658 4294 tibi
686 4216 961 4312 comittimus.
