3234 5116
104 285 360 394 a

318 523 601 648 praesentiam
630 518 990 619 suam'aecede'ra·
1009 521 1199 642 absequi.
1214 541 1325 652 siout
1351 523 1413 616 su·

318 663 466 766 perias
491 661 567 740 tibi
597 659 912 738 committimus.
941 656 987 734 Si
1014 683 1120 746 vero
1149 658 1259 738 idem
1289 659 1413 741 domi·

319 793 398 865 nus
426 770 634 886 despotus‘
659 803 742 858 uon
768 768 887 890 'esset
911 781 1197 881 personaliter
1211 806 1307 860 oum
1321 803 1412 880 gen·

319 907 433 984 tibus
451 904 539 980 s'uis
556 904 596 981 in
611 899 838 980 territoriis
867 901 1039 988 nostris,
1068 909 1111 979 et
1137 911 1283 1001 gentes
1312 925 1415 982 suae

318 1024 379 1104 ibi
407 1029 552 1106 assant
590 1021 642 1100 ad
670 1019 816 1098 damna
844 1023 1015 1106 nostra,
1035 1035 1038 1040 ’
1056 1029 1140 1098 non
1176 1020 1336 1102 debeas
1362 1019 1415 1100 de

321 1129 446 1224 dietis
467 1140 628 1220 'nostris
657 1138 766 1218 loeis
793 1139 1027 1239 recedere,
1059 1137 1133 1217 sed
1162 1149 1258 1222 oum
1287 1143 1420 1242 genu:

324 1267 401 1342 bus
429 1262 596 1350 nostris,
624 1261 680 1338 sis
709 1260 915 1340 sollicitus
943 1261 995 1340 ad
1016 1251 1246 1341 custodiam
1276 1273 1320 1344 et
1346 1264 1412 1342 de·

323 1365 558 1464 sensionem
600 1389 809 1461 terrarum
846 1391 889 1462 et
925 1371 1138 1460 iocorum
1161 1393 1416 1488 nostrorum,

322 1507 432 1585 siout
458 1505 536 1582 'tibi
563 1501 776 1583 videbitur
801 1509 1093 1607 opportunum
1120 1503 1253 1580 iore.'

423 1629 584 1704 Verum
606 1626 704 1731 quia
721 1615 973 1702 arbitramur
996 1625 1291 1708 necessarium
1308 1625 1415 1715 iore,

239 1785 242 1793 ·
324 1749 439 1851 quod
468 1746 635 1850 quando
665 1744 754 1824 ibis
772 1743 822 1822 ad
844 1746 1128 1848 praesentiam
1157 1745 1259 1826 dieti
1286 1745 1417 1826 domi·

275 1911 279 1916 ·
322 1869 368 1948 ni
391 1866 623 1976 despoti,
647 1867 808 1946 ‘habeas
837 1891 964 1944 unum
992 1865 1198 1946 notarium
1226 1875 1269 1944 et
1290 1891 1416 1943 unum

324 1988 627 2072 truoimanum.
670 1988 891 2079 volumus,
920 1989 1037 2092 quod
1063 1990 1229 2092 quando
1258 1987 1339 2066 ibis
1366 1987 1416 2066 ad

323 2109 478 2187 dietam
518 2105 837 2197 ambassiatam,
880 2107 1038 2186 ducere
1081 2105 1247 2202 debeas
1276 2115 1416 2187 teoum

324 2253 451 2306 unum
478 2227 687 2307 notarium
726 2235 767 2305 et
795 2236 922 2310 unum
963 2231 1239 2308 truzimanum
1268 2226 1319 2306 ad
1348 2233 1415 2304 exss

324 2371 474 2454 pensas
503 2349 637 2426 nostri
666 2350 874 2439 comunis;
902 2351 945 2427 'et
971 2349 1218 2452 scripsimus
1245 2371 1325 2454 per
1347 2347 1413 2461 iitss
1553 2401 1557 2414 .

325 2477 437 2548 teras
452 2468 619 2547 nostras
649 2466 800 2546 comiti
811 2469 852 2549 et
869 2468 1091 2571 capitaneo
1118 2473 1269 2548 nostro
1299 2465 1415 2548 Scu-

326 2590 444 2684 tari‚
474 2589 588 2690 quod
617 2587 783 2692 quando
814 2588 896 2666 ibis
912 2590 962 2666 ad
979 2579 1268 2670 ambassiatam
1299 2599 1416 2694 prae·

325 2709 492 2804 dietam,
522 2697 663 2788 tecum
692 2707 828 2789 mittat
854 2711 1068 2790 notarium
1095 2711 1228 2790 snum.
1289 2811 1290 2814 Ν

427 2827 481 2906 lit
507 2828 604 2932 quia
627 2829 696 2909 hio
712 2829 965 2931 divulgatur.
992 2840 1139 2933 gentes
1156 2833 1314 2910 domini
1342 2830 1416 2909 'de-

326 2949 488 3054 spoti
517 2948 774 3029 discurrisse
803 2949 1020 3032 territoria
1053 2959 1198 3031 nostra
1227 2951 1279 3028 de
1308 2949 1418 3033 inde,

326 3069 484 3150 debeas
512 3069 553 3148 in
580 3071 733 3149 itinere
761 3075 836 3150 tuo
866 3077 907 3150 te
935 3071 1167 3154 informare
1196 3069 1311 3148 sisio
1337 3081 1417 3166 est,

327 3189 430 3268 etsi
457 3187 616 3267 senties
657 3189 790 3270 dietas
819 3195 967 3291 gentes
998 3216 1090 3270 esse
1119 3193 1159 3268 in
1187 3192 1418 3286 territoriis

326 3311 506 3416 nostris,
534 3311 727 3388 volumus
755 3313 868 3415 quod
896 3311 1021 3390 vadas
1052 3311 1267 3401 Getarum,
1298 3319 1342 3392 et
1368 3315 1417 3390 si·

325 3419 483 3511 militer
511 3438 552 3510 te
580 3435 784 3514 informes
811 3434 1012 3514 deiectis
1042 3436 1246 3514 dictarum
1265 3473 1270 3478 ·
1290 3435 1419 3535 genti-

328 3577 418 3638 umz
461 3559 502 3631 et
528 3550 565 3629 si
594 3553 666 3631 tibi
696 3559 739 3631 et
767 3555 915 3634 comiti
943 3561 1091 3634 nostro
1132 3555 1338 3636 Catari
1365 3555 1418 3633 vi·

328 3673 495 3755 dabitur
532 3674 637 3752 utile
666 3673 785 3760 fore,
830 3674 942 3776 quod
979 3675 1133 3753 babeas
1176 3678 1418 3754 societatem

330 3793 682 3873 barcharumsive
699 3795 824 3873 unius
846 3793 1083 3896 brigantini,
1112 3819 1189 3900 pro
1204 3796 1418 3900 posseodo

186 3925 189 3940 '
324 3915 520 3994 'securius
548 3917 610 3992 ire
640 3915 940 4012 Senianum·
967 3939 1152 4019 procura
1180 3941 1276 3994 eum
1304 3916 1417 3994 dicto

330 4035 511 4123 darmite,
555 4038 671 4138 quod
707 4043 923 4117 armentur
950 4042 1018 4115 aut
1040 4035 1214 4148 'barche
1243 4045 1315 4118 aut
1342 4037 1419 4117 bri-

304 4159 549 4254 vgentinus,
576 4154 632 4238 ita
662 4158 774 4262 quod
802 4181 954 4239 secure
982 4159 1120 4262 possis
1148 4161 1236 4246 ire;
1263 4143 1337 4237 sed
1365 4159 1421 4236 in·
1551 4219 1557 4236 .
