3206 5110
388 525 568 622 Raticho
584 535 952 637 ·Caiugiurg·evicb

389 655 560 774 Neratio
578 656 763 772 „Cervez

227 769 232 776 ’
390 777 523 858 Petan
551 775 707 857 Giavcs

393 893 560 976 Scirach
586 889 830 998 Burau'ovig

390 1017 558 1120 itarnoy
584 1017 881 1121 Novachuvigb
912 1021 1131 1122 biisigbuja

390 1127 591 1219 Vocbcta
620 1137 833 1246 Dracorig
912 1123 919 1133 ¹

394 1255 519 1338 Rudis
553 1260 824 1362 Grubacevig

391 1379 541 1459 Bobau
570 1377 839 1481 Bugiiurevig

370 1501 562 1580 'Novacb
591 1501 775 1582 'l‘omich

188 1622 258 1724 qui
287 1619 413 1699 eiecti
456 1619 626 1698 fuerunt
664 1643 921 1724 percorum
950 1622 1199 1714 consitium,
1242 1633 1286 1704 ut

187 1765 327 1844 supra,
355 1739 404 1817 ad
435 1739 718 1820 concordium
748 1741 930 1819 flendum
969 1749 1013 1820 et
1039 1741 1283 1824 firmandum

188 1885 282 1941 cum
311 1859 478 1962 prefate
507 1859 731 1959 magnifice
751 1862 937 1940 dominio
956 1863 1196 1966 capitaneo,
1213 1891 1284 1942 nu·

187 1981 298 2058 mine
324 1981 531 2085 prelibate
553 1982 825 2059 serenissime
853 1969 1013 2062 ducalis
1040 1983 1283 2066 dominatio-

186 2103 251 2182 nis
277 2103 550 2181 Venetiarum
580 2111 662 2184 etc.
687 2097 878 2206 'quorum
913 2105 1197 2209 capitulorum
1226 2115 1282 2200 te·

189 2245 269 2301 nor
296 2221 389 2300 talis
419 2229 496 2300 est.
1069 2221 1071 2226 ’
1210 2244 1214 2252 ’

291 2341 442 2420 Prim
459 2369 510 2422 o:
552 2347 664 2446 quud
695 2346 970 2452 suprascripti
998 2348 1166 2427 nubiles
1207 2369 1287 2451 per

188 2487 336 2540 eorum
365 2462 585 2540 consilium
606 2465 754 2544 vuirunt
780 2462 859 2543 sibi
890 2465 1050 2564 eligere
1076 2463 1158 2542 sibi
1187 2489 1287 2544 rec·

187 2593 363 2663 iurem
392 2583 617 2668 aunuatim,
670 2581 765 2686 qui
805 2585 1027 2665 debeat
1066 2585 1286 2664 coufir-

189 2727 230 2778 m
247 2727 267 2781 a
285 2705 330 2780 ri
359 2725 435 2805 per
462 2698 777 2782 serenissimum
807 2705 958 2785 ducale
981 2705 1213 2783 dominium
1236 2703 1285 2780 ad

189 2847 336 2900 eorum
353 2821 716 2923 gubernationem,
744 2832 786 2903 et
802 2823 863 2902 eis
873 2828 942 2924 jus
956 2826 1287 2917 ministrandum,

188 2953 272 3024 tam
300 2947 341 3023 iu
370 2945 563 3024 civilibus
592 2971 713 3048 quam
742 2947 784 3024 iu
812 2945 1110 3033 criminalibus,
1137 2971 1284 3026 secuu-

190 3065 288 3144 dum
316 3067 510 3168 antiquus
537 3089 684 3146 eurum
715 3090 859 3146 morea
898 3075 940 3145 et
966 3061 1130 3146 statuta.

290 3187 310 3264 1
325 3195 342 3266 t
357 3212 380 3264 e
396 3191 453 3287 in,
481 3185 594 3288 quod
610 3208 690 3290 per
706 3185 954 3289 prelibatum
971 3187 1286 3266 serenissimum

188 3307 338 3398 durcaie
384 3306 616 3385 dominium
645 3315 1007 3401 manuteneautur,
1056 3317 1099 3387 et
1145 3307 1288 3388 defeu-

190 3428 342 3506 dantur
370 3449 516 3503 eorum
527 3428 637 3524 jura,
668 3432 711 3504 et
737 3423 931 3524 confinia,
961 3433 1003 3503 et
1030 3427 1065 3503 si
1083 3451 1164 3529 qua
1194 3449 1288 3505 cou-

191 3547 287 3627 iinia
314 3546 379 3623 vei
402 3549 498 3644 Jura
526 3547 715 3648 ipsorum
740 3547 922 3650 antiqua,
933 3551 1019 3646 jam
1043 3548 1208 3652 perdita
1222 3547 1287 3625 vei

189 3666 364 3772 pervim
392 3668 459 3744 uei
489 3690 568 3771 per
582 3667 845 3747 inimicitiam
874 3667 934 3745 eis
961 3665 1174 3772 subrepta,
1191 3691 1288 3746 cun·

190 3791 346 3887 tigerat
373 3787 635 3891 recuperari,
668 3789 769 3890 ipsis
798 3791 1083 3868 restituantur.

249 3964 251 3968 -
294 3907 436 3986 ltem
465 3929 511 3986 se
542 3907 731 4005 obligant
760 3909 798 3987 ei
815 3909 1077 4012 ‘promittunt
1092 3909 1190 3989 dicti
1217 3931 1287 3986 nc·

191 4026 299 4106 biles
330 4053 423 4107 cum
453 4051 601 4107 eorum
629 4027 886 4130 sequacibus
920 4037 962 4108 et
991 4029 1149 4117 amicis,
1178 4010 1287 4106 habi·

191 4147 397 4230 tatoribus
414 4149 625 4232 dicturum
655 4151 865 4251 iocorum,
895 4160 1043 4254 sponte
1072 4147 1289 4252 ctabsque
