3230 5104
1201 387 1265 452 tm

174 597 286 672 teoto
314 593 440 708 etium
468 591 773 672 coniunctione
799 599 842 671 et
857 591 973 672 bonu
995 593 1167 684 unione,
1181 593 1266 672 t'ac·

176 720 217 793 ta
247 737 341 792 cnm
370 712 487 791 dicto
530 735 658 810 rege,
698 713 810 815 quod
849 713 891 791 iu
926 737 1094 792 omnem
1122 737 1265 795 casum

175 833 357 910 viriiiter
397 857 444 912 se
484 834 709 934 prevalere
750 839 957 936 poterunt
986 841 1028 913 et
1054 837 1163 913 tueri
1190 842 1265 914 sto·

39 974 42 984 ’
174 962 262 1032 tum
290 978 409 1031 snum
439 961 587 1032 contra
614 954 819 1041 Turnum,
848 953 1085 1034 odvisomus
1127 961 1265 1033 tamon

177 1076 294 1177 ipsos
322 1075 579 1174 spectabiles
608 1081 818 1162 oratores,
848 1073 960 1176 quod
990 1076 1205 1178 principes
1224 1081 1268 1153 et

176 1196 369 1298 potentie
397 1195 637 1276 Christiane
665 1197 747 1275 iam
774 1195 1010 1276 excitantur
1037 1198 1088 1276 ad
1115 1221 1266 1300 proce·

17 1329 20 1336 ’
178 1316 357 1394 dendum
385 1324 585 1419 potenter
612 1327 759 1397 contro
788 1315 988 1406 Torcum,
1017 1326 1266 1420 etone-qno-

177 1459 258 1537 que
286 1459 363 1536 pro
391 1444 511 1539 porte
538 1445 680 1516 nostre
707 1462 788 1540 pro
818 1441 988 1516 comuni
1017 1438 1132 1517 bono
1150 1436 1267 1516 Chri·

176 1553 398 1633 stianitotis
413 1555 621 1634 honorem
640 1558 869 1636 deifocere
883 1555 1155 1644 intendimus,
1182 1581 1268 1636 non

177 1675 390 1775 parcendo
432 1677 632 1779 periculis
674 1703 754 1757 nec
806 1679 1018 1780 expensis.
1069 1678 1122 1756 nt
1161 1677 1268 1759 uitro

179 1797 291 1899 quod
320 1799 360 1876 in
388 1799 719 1880 satisfactionem
748 1800 903 1901 prefati
930 1799 1118 1879 illustris·
1138 1801 1267 1880 domi·

178 1917 219 1993 ni
246 1917 379 2004 ducis,
407 1943 549 1995 snmus
579 1917 685 1998 bene
714 1923 914 2008 contenti,
945 1921 1059 2023 quod
1087 1944 1166 2022 pro
1197 1921 1268 1998 toi.

179 2036 294 2116 tione
321 2040 383 2114 sui
409 2046 541 2116 status
571 2047 721 2118 contro
748 2041 862 2118 hunc
887 2039 1076 2119 Torcum
1093 2099 1115 2131 ,,
1132 2039 1184 2116 de
1213 2039 1269 2115 to·

179 2159 251 2236 cis·
267 2158 421 2239 uostris
449 2159 607 2240 hebere
635 2163 767 2265 possit
783 2162 834 2240 de
853 2161 1090 2242 ballistariis
1106 2165 1149 2238 et
1162 2161 1270 2239 scio·

179 2281 352 2381 peteriis
380 2305 460 2385 pro
488 2283 683 2386 pecuniis
710 2285 811 2383 suis,
841 2284 1017 2361 dicimus
1038 2281 1272 2386 qnodsem·
1297 2373 1300 2382 ,
1327 2335 1328 2338 π

178 2424 259 2503 per
286 2401 451 2502 qnando
493 2400 729 2480 videbimus
758 2404 798 2480 in
833 2405 922 2481 eius
954 2401 1270 2506 opportunitati·

178 2519 256 2596 bus
283 2526 474 2622 prestere
501 2521 583 2600 sibi
610 2547 737 2624 posse
767 2524 935 2602 favores
962 2531 1147 2613 nostros,
1173 2523 1212 2602 id
1231 2522 1271 2600 ii·

180 2637 330 2718 beuter
367 2643 600 2730 faciemus,
656 2646 855 2747 quonium
903 2649 946 2722 et
984 2647 1193 2724 honorem
1230 2649 1272 2720 et

181 2762 405 2840 commodo
434 2789 506 2843 sua
535 2765 647 2844 sicut
687 2768 864 2868 propria
892 2763 1272 2866 desideramusti·

180 2889 334 2984 cotque
362 2907 457 2960 oum
498 2884 698 2961 Turoo
728 2884 838 2965 eliud
868 2884 1146 2966 concordium
1187 2907 1272 2962 non

182 2999 424 3094 habeamus,
450 3027 531 3082 nec
553 3029 606 3081 ex
635 3003 699 3082 his
729 3029 812 3112 que
842 3005 972 3082 videri
999 3011 1176 3106 possunt
1204 3001 1272 3080 he·

181 3121 305 3202 bituri
333 3124 488 3208 simus,
529 3131 668 3202 tomen
699 3126 753 3203 ob
783 3126 854 3216 id,
882 3125 993 3226 quod
1034 3124 1154 3200 nobis
1191 3120 1274 3202 dici

178 3243 294 3328 tecit,
323 3245 358 3322 si
386 3244 496 3320 torte
525 3243 665 3346 atiquo
696 3253 897 3348 tempore
925 3244 1047 3322 aliter
1073 3264 1273 3345 sequere·

178 3372 271 3452 tur,
314 3365 498 3444 libenter
538 3365 739 3446 faciemus
792 3363 907 3446 iuxta
955 3363 1274 3468 requisitionem

178 3483 304 3564 suem.

279 3606 404 3686 Circo
432 3615 593 3710 partem
623 3609 822 3686 locorum
853 3615 1125 3701 nostrorum,
1165 3630 1274 3710 quoe

176 3733 380 3831 petuntur
422 3750 521 3806 casu
563 3753 647 3830 qno
688 3752 768 3832 per
805 3727 1056 3806 Turnum
1110 3727 1272 3830 petere·

176 3852 245 3924 tur
272 3873 326 3925 ex
352 3854 460 3926 statu
500 3871 607 3939 suo,
647 3847 825 3926 dicimus
865 3850 978 3949 quod
1025 3847 1274 3926 confidimus

185 3975 230 4045 ut
256 3969 526 4073 prediximus,
556 3968 596 4046 iu
625 3969 761 4046 diviua
802 3969 1023 4049 clementia
1060 3977 1102 4048 et
1128 3971 1169 4047 in
1195 3971 1275 4050 vir·

179 4095 269 4168 tute
298 4097 341 4168 et
366 4090 557 4192 potentie
593 4116 665 4170 suo
695 4096 738 4168 et
765 4091 943 4168 otiorum
970 4089 1274 4193 predictorum,

177 4209 288 4313 quod
316 4233 436 4290 casus
463 4212 543 4296 iste
560 4235 773 4314 nunquam
802 4216 1015 4299 occurret,
1044 4211 1129 4291 imo
1153 4212 1274 4316 quod
