3234 5116
305 326 312 338 ⁴
373 377 436 442 uo

313 589 315 592 ’
373 589 500 685 cepto
542 586 752 664 amicabili
796 591 1031 666 commeatu
1071 611 1192 665 asua
1221 588 1473 678 serenitate,

372 703 560 782 debeatis
590 706 729 784 redire
759 708 809 781 ad
838 707 1119 806 praesentiam
1149 717 1360 806 nostram,
1408 712 1474 786 in·

373 827 576 904 formatus
617 827 668 902 ad
711 826 879 925 plenum
917 828 969 903 de
998 829 1118 904 novis
1147 835 1190 904 et
1216 829 1304 906 aliis
1332 833 1474 909 omni·

373 950 461 1035 bus,
490 947 613 1045 digne
643 947 922 1036 refferrendis
953 955 996 1026 et
1020 948 1241 1050 dequibus
1271 953 1476 1053 poteritis

372 1069 617 1168 persentire.
657 1110 661 1114 ·

473 1186 538 1266 Ad
566 1185 720 1264 iactum
757 1193 895 1264 autem
925 1187 1216 1288 responsionis
1244 1191 1365 1267 vobis
1393 1189 1469 1269 da·

375 1307 898 1409 laepervaivodam
937 1306 1208 1406 Sandali,
1266 1310 1470 1410 (enbaye
1583 1295 1584 1324 ¹

374 1453 569 1506 cacanum
587 1455 662 1506 sao
692 1455 787 1506 runo
819 1455 841 1508 s
870 1453 1067 1528 nanpenn
1095 1455 1120 1528 y
1150 1453 1298 1506 unone
1327 1435 1468 1530 cury).

371 1597 374 1610 ·
472 1547 518 1624 ln
548 1573 646 1625 casu
673 1573 806 1634 vero,
847 1573 930 1650 quo
961 1547 1097 1625 dictus
1142 1557 1287 1628 noster
1316 1575 1470 1632 comes

374 1667 560 1746 Sibenici
576 1696 662 1746 non
678 1677 824 1774 posset
853 1671 1113 1748 concludere
1143 1697 1237 1748 oum
1265 1671 1467 1774 predicto

278 1811 285 1821 ’
373 1775 1467 1892 comitedohannedeCitina,utpro÷

373 1911 518 1995 fertur,
545 1911 753 1990 scribatur
780 1936 851 1988 ser
884 1910 953 1987 Jo
969 1913 996 1988 b
1013 1937 1035 1988 a
1052 1939 1075 1988 a
1092 1914 1146 1988 ni
1183 1911 1298 1989 (leo
1317 1913 1404 2012 rgi
1420 1939 1465 1998 o,

372 2033 647 2112 ambaxiatori
676 2040 824 2112 nostro
841 2035 891 2112 ad
908 2033 1221 2110 serenissimum
1243 2035 1466 2111 dominum

373 2175 563 2251 regem
592 2154 868 2239 Rossinae,
895 2155 934 2230 in
963 2153 1044 2232 hac
1073 2155 1222 2241 forma,
1248 2154 1465 2232 videlicet:

445 2315 447 2318 ·
475 2272 580 2352 Com
608 2274 765 2351 nostris
795 2275 981 2352 consiliis
1009 2281 1256 2374 rogatorum
1284 2283 1328 2352 et
1353 2273 1463 2351 addi.-

373 2394 507 2472 oionis
534 2395 723 2472 fidelitati
750 2403 915 2472 vestrae
944 2395 1212 2479 mandamus,
1255 2404 1464 2496 qnatenus

373 2516 556 2618 receptis
584 2516 878 2617 praesentibus
983 2572 993 2590 .
1023 2568 1071 2592 ..
1127 2570 1130 2578 Δ
1187 2508 1190 2514 ’

475 2637 579 2730 (Cee
608 2639 770 2736 cubnyo
790 2663 899 2714 noro
928 2661 1032 2714 raso
1056 2659 1137 2713 sao
1166 2663 1191 2716 u
1219 2661 1245 2736 y
1272 2661 1463 2738 npenxo·

370 2753 560 2852 uetans,
594 2763 649 2848 po
679 2781 976 2862 ruaueppyre,
1002 2783 1082 2836 uon
1112 2781 1245 2836 onauo
1273 2759 1435 2854 mount)

472 2879 535 2956 Ad
566 2879 719 2956 iactum
749 2885 886 2956 autem
916 2877 1158 2956 comitis
1190 2875 1462 2955 dohannis

370 3000 396 3074 d
413 3023 436 3072 e
466 2997 499 3074 C
516 2999 527 3074 i
545 3002 586 3076 ti
602 3025 664 3078 na
693 3000 837 3078 dicere
866 2998 1064 3090 debeatis,
1094 2998 1204 3099 quod
1231 2995 1487 3074 dominatio·

372 3123 516 3194 nostra
552 3118 662 3195 bene
689 3119 893 3195 intellexit
928 3119 1203 3196 intentionem
1234 3125 1275 3196 et
1305 3119 1459 3194 bonam

371 3236 692 3339 dispositionem
727 3261 828 3315 suae
857 3237 1117 3326 serenitatis,
1159 3243 1201 3312 et
1227 3241 1460 3338 propterea

370 3341 564 3433 hortatur
593 3357 887 3436 excellentiam
902 3381 1034 3448 suam,
1062 3364 1267 3458 quatenus
1292 3355 1462 3458 placeat

323 3471 335 3546 ἰ
372 3475 719 3556 condescendere
765 3483 937 3556 nostrae
979 3476 1265 3577 requisitioni,
1307 3499 1460 3577 procu.-

371 3597 504 3677 rando
535 3595 727 3675 obtinere
756 3600 939 3674 nostram
967 3596 1246 3674 intentionem
1267 3596 1461 3700 praedio·

254 3775 258 3778 -
369 3729 474 3810 tam,
514 3718 628 3796 iuxta
658 3715 957 3796 continentiam
984 3721 1150 3795 vestrae
1180 3717 1462 3806 comissionis;

370 3841 475 3917 etsi
502 3852 583 3942 pur
609 3839 742 3917 nollet
770 3839 1022 3924 contentari,
1065 3839 1177 3940 quod
1206 3836 1463 3915 haberemus

371 3968 632 4040 castrum
679 3960 1030 4044 Dalmissae,
1084 3958 1270 4038 debeatis
1311 3961 1461 4038 videre

371 4081 422 4157 de
459 4081 777 4176 concludendo,
795 4067 802 4074 ’
820 4079 1066 4158 dimittendo
1092 4078 1172 4158 sibi
1200 4079 1461 4168 Dalmissam‚

371 4211 413 4279 et
449 4201 646 4292 habendo
688 4207 879 4280 nostrum
921 4201 1151 4284 dominium
1193 4209 1459 4280 castrum
