3186 5112
1184 354 1350 452 ua*

167 601 318 655 norem
344 579 478 656 nostri
505 576 675 656 dominii
691 584 746 655 et
773 577 926 658 bonum
955 605 1055 660 suae
1096 585 1247 683 magni·

164 695 381 786 flaontino,
407 721 575 799 semper
603 699 815 798 reperiret
842 723 921 776 nos
949 707 1177 804 promptos'
1197 702 1248 778 ad

166 818 322 894 bonum
349 825 400 892 etw
418 815 625 897 honorem
652 841 751 896 suae
780 817 1123 914 magnificentiae,
1152 828 1247 898 tam·
1340 883 1344 896 .

165 961 290 1038 quam
317 935 414 1014 boni
441 945 483 1014 et
510 938 597 1017 cari
624 937 698 1016 filii
725 937 862 1016 nostri
891 937 1074 1020 dominii.

267 1059 332 1138 Ad
358 1059 527 1136 tertium
555 1083 658 1136 vero
694 1061 919 1164 capitutum
947 1087 1024 1164 per
1052 1064 1165 1163 quod
1193 1065 1248 1142 di·

164 1181 249 1268 cit,
290 1183 401 1282 quod
431 1203 654 1260 mensurae
683 1187 726 1258 et
751 1182 941 1286 pondera
968 1183 1179 1260 vitualium
1209 1193 1252 1265 et

1 1289 28 1348 Ὺ
164 1326 308 1380 rerum
336 1327 384 1379 ac
412 1303 736 1389 mercationum,
765 1324 871 1403 quae
900 1303 1182 1404 expediuntur
1207 1309 1249 1385 in

163 1423 405 1510 Durachio,
446 1421 625 1504 Scutaro
654 1428 698 1499 et
723 1421 888 1506 Alexio,
930 1447 1103 1524 semper
1128 1427 1249 1504 solita

161 1544 204 1619 in
232 1547 460 1620 nuostatu
487 1565 763 1645 permanere,
803 1541 922 1642 quasi
949 1543 1111 1642 singulo
1140 1569 1247 1625 anno

162 1671 377 1742 mutantur
418 1685 495 1764 per
534 1663 761 1740 officiatem
781 1661 987 1740 dictorum
1040 1663 1248 1756 iocorum,

163 1807 261 1862 eum
296 1781 475 1862 maxima
502 1782 753 1860 confusione
781 1779 1023 1861 habentium
1043 1808 1179 1886 agere
1206 1788 1249 1864 in

161 1901 287 1980 dietis
316 1902 435 1982 locis.
1053 1889 1057 1901 ¹

267 2019 609 2122 Respondentur,
638 2021 751 2124 quod
780 2018 1069 2098 mandabimus
1096 2023 1250 2100 nostris

161 2142 407 2222 rectoribus
434 2141 486 2220 de
506 2142 614 2230 inde,
644 2140 757 2246 quod
783 2144 893 2244 ipsas
921 2141 1102 2220 debeant
1129 2141 1249 2220 redu·

162 2285 266 2341 cere
294 2266 336 2338 et
364 2271 510 2340 tenere
548 2264 597 2339 ad
639 2282 876 2340 mensuram
914 2269 956 2337 et
981 2268 1131 2339 statum
1172 2266 1249 2366 pri·

160 2385 343 2474 atinum,
385 2382 480 2483 quia
516 2385 600 2461 hoc
627 2383 750 2460 nobis
791 2381 1009 2484 displicet,
1053 2389 1249 2484 quantum

161 2503 393 2604 displicere
433 2504 604 2605 possett
654 2527 747 2580 nam
788 2511 978 2580 nostrum
1022 2503 1249 2582 dominium

161 2649 249 2702 non
275 2625 476 2713 intendit,
516 2624 628 2726 quod
657 2625 811 2725 aliquid
848 2627 1073 2703 innovetur
1102 2634 1249 2704 eontra

162 2743 350 2823 debitum
378 2745 564 2832 rationis,
593 2746 738 2824 necin
755 2745 1058 2848 praeiudicium
1087 2753 1248 2825 nostro-

162 2888 258 2940 rum
299 2865 491 2942 iocorum
533 2873 575 2944 et
615 2857 887 2945 dominorum
922 2890 971 2974 ac
1012 2866 1248 2944 vicinorum

162 2985 532 3064 circumstantium.

265 3105 520 3204 (intimatum
549 3107 787 3185 frustatim
817 3109 1095 3210 capitutumin
1113 3109 1248 3186 forma
1339 3129 1343 3136 ·

161 3231 402 3328 opportuna
442 3226 530 3305 istis
574 3227 841 3317 rectoribne3
879 3227 1082 3306 videlicet
1110 3231 1248 3307 baiuio

161 3350 207 3422 et
233 3345 452 3449 capitaneo
494 3347 718 3438 Durachii;
760 3350 904 3427 comiti
946 3359 987 3427 et
1029 3351 1247 3450 capitaneo

159 3467 349 3557 Scutari;
377 3470 588 3573 provisori
615 3470 779 3560 Aiexii;
818 3473 1019 3571 potestati
1049 3471 1250 3560 Antibari;

95 3594 101 3609 “
159 3591 307 3667 comiti
336 3599 378 3668 et
406 3593 880 3695 capitaneoDuIeigni.)
1059 3653 1062 3658 .
1134 3637 1138 3652 ι

506 3711 597 3776 Minu
621 3713 678 3777 del
703 3711 845 3777 Senatu
869 3708 1026 3775 xavnl.
1051 3711 1106 3776 ch.
1132 3712 1203 3776 121.
1342 3747 1348 3757 ,

189 3825 396 3924 GCLll.
425 3852 537 3926 1409.
566 3847 754 3927 indict.
784 3847 834 3926 11.
862 3851 888 3932 9,
913 3847 1210 3926 Februarii.

162 3989 372 4060 namurcen,
395 4009 433 4064 aa
454 3991 534 4048 ouait
559 4009 730 4064 rorumusu
755 4007 885 4063 panone,
909 4007 968 4049 nou
992 3991 1168 4047 therasia
1193 4005 1247 4045 ao-

159 4111 231 4170 paro
264 4095 419 4168 Typuuaa
444 4113 575 4168 ,panaro
610 4115 644 4156 na
663 4094 770 4154 eooa'
791 4091 896 4154 deuota
919 4111 938 4169 y
960 4093 1120 4160 Andania,
1156 4108 1246 4150 uuaro

305 4201 444 4258 naabaru
470 4213 643 4259 satornana
667 4208 817 4262 *aeroma
842 4215 900 4256 sao
924 4214 1083 4275 upapean.

268 4297 412 4404 Capta.
465 4300 567 4400 Quia
595 4325 672 4403 per
706 4303 883 4394 formam
926 4296 1247 4402 compositionis
