3192 5112
326 545 497 650 GVll.
527 569 675 668 (rasa.)
713 567 1096 648 ennicariis.
1133 569 1411 674 augusta

464 761 469 770 ,
540 689 594 765 in
632 687 1192 820 Constantinopoli.

324 897 490 957 lleeecrie
515 897 619 957 Maris
644 897 811 976 asnapio,
835 899 984 958 danaen
1008 901 1231 959 Maeraaaers
1254 915 1274 974 y
1298 900 1410 975 uapu-

324 1018 434 1076 rpagy,
458 1017 609 1061 necaaro
632 1017 741 1076 aym
765 1001 891 1078 Anapill
914 1005 1080 1085 denariae,
1104 1020 1123 1060 ο
1148 1019 1263 1062 creare
1285 1019 1410 1077 creans

676 1123 696 1180 y
721 1109 878 1182 Ppnnen
902 1123 1063 1182 uapcrey.

423 1275 569 1354 extus:
597 1271 882 1353 Serenissimo
899 1281 942 1351 et
955 1274 1316 1354 excellentissimo
1343 1275 1412 1354 do·

323 1396 437 1474 mino
465 1419 555 1484 suo,
584 1394 808 1473 domino
835 1393 1104 1473 Andreae
1131 1395 1426 1488 nandulo,¹

323 1518 391 1597 dei
420 1517 552 1618 gratia
579 1518 873 1618 Venetiarum2
896 1515 1125 1594 Dalmatiae
1153 1524 1280 1619 atque
1310 1501 1412 1594 Cro·

323 1636 461 1717 hatiae
497 1635 643 1716 inclito
672 1638 770 1716 duci
798 1643 842 1715 et
868 1637 1038 1716 domino
1074 1641 1246 1740 quartae
1281 1635 1411 1740 partis

322 1767 366 1836 et
392 1756 586 1835 dimidiae
615 1755 742 1835 lolius
771 1755 937 1860 imperii
963 1754 1206 1835 Romaniae.

425 1945 705 2030 Serenissimo
745 1971 906 2048 seguor
944 1947 1056 2036 mic,
1097 1971 1174 2050 per
1202 1947 1331 2026 lavia
1358 1946 1412 2028 de

270 2109 272 2116 >
322 2069 558 2156 Salonichi
587 2069 656 2148 die
683 2073 777 2147 8·vo
806 2069 923 2158 buia,
950 2071 990 2148 le
1019 2069 1235 2150 condition
1264 2067 1316 2146 de
1339 2067 1411 2146 ini·

322 2189 416 2268 misi
444 2199 486 2269 et
513 2193 566 2268 de
595 2190 893 2295 l'imperioala
919 2189 1159 2269 serenitade
1177 2195 1321 2268 vostra
1335 2213 1414 2292 per

322 2311 406 2390 mie
434 2313 586 2390 lettere
614 2313 883 2414 plenamente
910 2311 1082 2416 scripsi,
1121 2311 1220 2414 quel
1249 2311 1330 2389 che
1359 2312 1412 2388 de

322 2455 434 2510 neve
476 2457 500 2512 e
543 2453 698 2512 ocorso
735 2457 758 2510 a
798 2433 835 2510 la
864 2431 1114 2511 celsitudine
1151 2437 1295 2508 vostra
1334 2453 1415 2532 per

215 2601 219 2610 ·
323 2560 474 2656 queste
502 2553 592 2632 l'aro
621 2554 856 2633 manifesto.

425 2756 590 2858 Seguor
629 2756 741 2850 mio,
781 2781 907 2838 como
948 2782 1027 2862 per
1067 2757 1176 2838 altre
1219 2757 1414 2862 scripsii

321 2880 584 2962 zenocsi
617 2881 682 2958 de
716 2877 864 2958 Pera
899 2904 1060 2980 navcga
1101 2882 1411 2960 solicitamente

322 3029 406 3082 non
446 2999 653 3082 habiando
695 3009 884 3108 respetlo
921 3003 963 3081 ni
1003 3002 1131 3080 dubie
1172 2999 1252 3081 che
1293 3001 1413 3102 galee

320 3129 463 3201 vostre
513 3147 591 3226 per
630 3122 667 3198 la
706 3127 906 3226 presente
959 3121 1112 3200 mudha
1166 3119 1289 3200 debia
1330 3143 1413 3223 qua

320 3241 493 3342 vegnir‚
533 3241 573 3318 le
621 3242 705 3320 duc
745 3243 867 3343 galee
908 3267 1015 3330 suo,
1053 3241 1093 3318 le
1138 3239 1233 3344 qual
1286 3243 1413 3319 statie

322 3362 445 3440 fuera
484 3361 590 3439 mesi
641 3361 728 3461 ΠΙ,
783 3369 825 3441 et
864 3363 936 3464 plu
978 3369 1021 3440 et
1072 3385 1249 3440 uessuua
1301 3385 1412 3441 nova

321 3483 335 3562 i
388 3507 440 3561 ne
488 3507 638 3562 savera
676 3483 717 3560 in
772 3507 980 3562 conserva
1035 3507 1131 3561 cum
1183 3506 1265 3559 una
1306 3483 1413 3560 altra

321 3605 374 3683 de
427 3609 615 3709 ponente
656 3603 841 3681 clamada
895 3603 1002 3704 galla
1053 3600 1121 3682 die
1153 3601 1255 3680 Vlll
1307 3601 1413 3696 dito,

321 3750 443 3808 come
469 3727 624 3831 plaque
652 3749 675 3803 a
702 3728 773 3805 dio
800 3750 928 3806 seura
954 3727 995 3803 el
1024 3749 1128 3805 cave
1162 3721 1214 3802 de
1242 3723 1280 3802 la
1308 3747 1412 3824 gree

320 3871 456 3952 prexe
481 3870 561 3952 per
586 3845 731 3950 bataya
758 3871 838 3926 una
865 3855 1010 3927 vostra
1036 3869 1156 3946 nave,
1184 3845 1236 3922 dc
1256 3845 1413 3947 laquel

323 3992 397 4048 cra
423 3973 574 4070 patron
602 3969 942 4050 serTomadcda
963 3969 1062 4056 olto,
1090 3969 1131 4046 iu
1162 3969 1311 4070 laquel
1341 3990 1414 4047 era

323 4088 529 4170 eciamdic
570 4092 685 4171 molti
724 4091 1010 4173 merchadanti
1054 4097 1096 4169 et
1137 4111 1240 4168 aner
1280 4112 1413 4192 essee,

322 4234 492 4292 conasse
518 4211 559 4292 in
598 4210 705 4290 Pera
731 4215 768 4292 la
797 4215 882 4298 dite
909 4212 950 4292 ll
977 4211 1124 4314 galee,
1166 4209 1233 4290 die
1270 4214 1317 4290 15
1346 4207 1413 4288 del
