<?xml version="1.0" encoding="UTF-8"?>
<!DOCTYPE html PUBLIC "-//W3C//DTD XHTML 1.0 Transitional//EN"
    "http://www.w3.org/TR/xhtml1/DTD/xhtml1-transitional.dtd">
<html xmlns="http://www.w3.org/1999/xhtml" xml:lang="en" lang="en">
 <head>
  <title>
</title>
<meta http-equiv="Content-Type" content="text/html;charset=utf-8" />
  <meta name='ocr-system' content='tesseract 3.04.00' />
  <meta name='ocr-capabilities' content='ocr_page ocr_carea ocr_par ocr_line ocrx_word'/>
</head>
<body>
  <div class='ocr_page' id='page_1' title='image "./actaarchivivene00sergoog_1076.png"; bbox 0 0 3230 5104; ppageno 0'>
   <div class='ocr_carea' id='block_1_1' title="bbox 182 301 396 432">
    <p class='ocr_par' dir='ltr' id='par_1_1' title="bbox 182 301 396 432">
     <span class='ocr_line' id='line_1_1' title="bbox 182 301 396 432; baseline -0.005 1"><span class='ocrx_word' id='word_1_1' title='bbox 182 301 187 308; x_wconf 68' lang='grc'><strong>’</strong></span> <span class='ocrx_word' id='word_1_2' title='bbox 331 349 396 432; x_wconf 69' lang='lat' dir='ltr'><strong>ur</strong></span> 
     </span>
    </p>
   </div>
   <div class='ocr_carea' id='block_1_2' title="bbox 332 561 1443 649">
    <p class='ocr_par' dir='ltr' id='par_1_2' title="bbox 332 561 1443 649">
     <span class='ocr_line' id='line_1_2' title="bbox 332 561 1443 649; baseline -0.007 -3"><span class='ocrx_word' id='word_1_3' title='bbox 332 571 457 649; x_wconf 80' lang='lat' dir='ltr'><strong>ritate</strong></span> <span class='ocrx_word' id='word_1_4' title='bbox 495 565 617 644; x_wconf 88' lang='lat' dir='ltr'><strong>huius</strong></span> <span class='ocrx_word' id='word_1_5' title='bbox 641 561 826 642; x_wconf 76' lang='lat' dir='ltr'><strong>&#39;consilii</strong></span> <span class='ocrx_word' id='word_1_6' title='bbox 867 561 1080 639; x_wconf 71' lang='lat' dir='ltr'><strong>scribatur</strong></span> <span class='ocrx_word' id='word_1_7' title='bbox 1126 567 1179 638; x_wconf 82' lang='lat' dir='ltr'><strong>ot</strong></span> <span class='ocrx_word' id='word_1_8' title='bbox 1216 561 1443 638; x_wconf 78' lang='lat' dir='ltr'><strong>mandetur</strong></span> 
     </span>
    </p>
   </div>
   <div class='ocr_carea' id='block_1_3' title="bbox 225 681 1583 4309">
    <p class='ocr_par' dir='ltr' id='par_1_3' title="bbox 332 681 1446 2311">
     <span class='ocr_line' id='line_1_3' title="bbox 333 681 1441 789; baseline -0.007 -24"><span class='ocrx_word' id='word_1_9' title='bbox 333 690 466 766; x_wconf 85' lang='lat' dir='ltr'><strong>tribus</strong></span> <span class='ocrx_word' id='word_1_10' title='bbox 495 681 793 789; x_wconf 77' lang='lat' dir='ltr'><strong>supranomitis</strong></span> <span class='ocrx_word' id='word_1_11' title='bbox 822 683 980 760; x_wconf 83' lang='lat' dir='ltr'><strong>nostris</strong></span> <span class='ocrx_word' id='word_1_12' title='bbox 1009 684 1224 782; x_wconf 76' lang='lat' dir='ltr'><strong>galearum</strong></span> <span class='ocrx_word' id='word_1_13' title='bbox 1253 683 1345 758; x_wconf 84' lang='lat' dir='ltr'><strong>orie</strong></span> <span class='ocrx_word' id='word_1_14' title='bbox 1370 705 1441 757; x_wconf 85' lang='lat' dir='ltr'><strong>su·</strong></span> 
     </span>
     <span class='ocr_line' id='line_1_4' title="bbox 332 800 1444 910; baseline -0.009 -26"><span class='ocrx_word' id='word_1_15' title='bbox 332 805 524 910; x_wconf 84' lang='lat' dir='ltr'><strong>perantie</strong></span> <span class='ocrx_word' id='word_1_16' title='bbox 553 809 597 882; x_wconf 84' lang='lat' dir='ltr'><strong>et</strong></span> <span class='ocrx_word' id='word_1_17' title='bbox 623 803 784 905; x_wconf 61' lang='lat' dir='ltr'><strong>tiriolo,</strong></span> <span class='ocrx_word' id='word_1_18' title='bbox 829 823 912 904; x_wconf 85' lang='lat' dir='ltr'><strong>que</strong></span> <span class='ocrx_word' id='word_1_19' title='bbox 941 801 1104 879; x_wconf 86' lang='lat' dir='ltr'><strong>suntin</strong></span> <span class='ocrx_word' id='word_1_20' title='bbox 1132 800 1322 906; x_wconf 75' lang='lat' dir='ltr'><strong>partibus</strong></span> <span class='ocrx_word' id='word_1_21' title='bbox 1360 801 1444 877; x_wconf 83' lang='grc' dir='ltr'><strong>ΑΙ.</strong></span> 
     </span>
     <span class='ocr_line' id='line_1_5' title="bbox 335 919 1444 1023; baseline -0.003 -22"><span class='ocrx_word' id='word_1_22' title='bbox 335 927 358 1001; x_wconf 88' lang='lat' dir='ltr'><strong>b</strong></span> <span class='ocrx_word' id='word_1_23' title='bbox 375 948 397 1004; x_wconf 80' lang='lat' dir='ltr'><strong>o</strong></span> <span class='ocrx_word' id='word_1_24' title='bbox 414 949 437 1000; x_wconf 92' lang='lat' dir='ltr'><strong>n</strong></span> <span class='ocrx_word' id='word_1_25' title='bbox 455 926 468 1000; x_wconf 96' lang='lat' dir='ltr'><strong>i</strong></span> <span class='ocrx_word' id='word_1_26' title='bbox 487 949 557 1010; x_wconf 85' lang='lat' dir='ltr'><strong>ae,</strong></span> <span class='ocrx_word' id='word_1_27' title='bbox 587 922 697 1023; x_wconf 85' lang='lat' dir='ltr'><strong>quod</strong></span> <span class='ocrx_word' id='word_1_28' title='bbox 727 945 851 1023; x_wconf 82' lang='lat' dir='ltr'><strong>quam</strong></span> <span class='ocrx_word' id='word_1_29' title='bbox 880 921 1062 1023; x_wconf 88' lang='lat' dir='ltr'><strong>primum</strong></span> <span class='ocrx_word' id='word_1_30' title='bbox 1076 940 1123 996; x_wconf 84' lang='lat' dir='ltr'><strong>se</strong></span> <span class='ocrx_word' id='word_1_31' title='bbox 1140 919 1355 998; x_wconf 77' lang='lat' dir='ltr'><strong>conferre.</strong></span> <span class='ocrx_word' id='word_1_32' title='bbox 1370 919 1444 999; x_wconf 85' lang='lat' dir='ltr'><strong>de·</strong></span> 
     </span>
     <span class='ocr_line' id='line_1_6' title="bbox 334 1035 1446 1144; baseline -0.002 -24"><span class='ocrx_word' id='word_1_33' title='bbox 334 1045 463 1122; x_wconf 75' lang='lat' dir='ltr'><strong>beant</strong></span> <span class='ocrx_word' id='word_1_34' title='bbox 504 1045 544 1118; x_wconf 91' lang='lat' dir='ltr'><strong>in</strong></span> <span class='ocrx_word' id='word_1_35' title='bbox 587 1065 716 1144; x_wconf 82' lang='lat' dir='ltr'><strong>aquas</strong></span> <span class='ocrx_word' id='word_1_36' title='bbox 760 1041 965 1120; x_wconf 75' lang='lat' dir='ltr'><strong>Catari</strong></span> <span class='ocrx_word' id='word_1_37' title='bbox 1008 1045 1050 1116; x_wconf 85' lang='lat' dir='ltr'><strong>et</strong></span> <span class='ocrx_word' id='word_1_38' title='bbox 1089 1035 1258 1136; x_wconf 80' lang='lat' dir='ltr'><strong>Novi,</strong></span> <span class='ocrx_word' id='word_1_39' title='bbox 1313 1045 1446 1118; x_wconf 84' lang='lat' dir='ltr'><strong>nutri·</strong></span> 
     </span>
     <span class='ocr_line' id='line_1_7' title="bbox 334 1157 1445 1261; baseline 0 -21"><span class='ocrx_word' id='word_1_40' title='bbox 334 1166 445 1242; x_wconf 78' lang='lat' dir='ltr'><strong>eodo</strong></span> <span class='ocrx_word' id='word_1_41' title='bbox 475 1163 588 1240; x_wconf 86' lang='lat' dir='ltr'><strong>sein</strong></span> <span class='ocrx_word' id='word_1_42' title='bbox 628 1159 817 1261; x_wconf 83' lang='lat' dir='ltr'><strong>partibus</strong></span> <span class='ocrx_word' id='word_1_43' title='bbox 854 1157 962 1246; x_wconf 82' lang='lat' dir='ltr'><strong>iliis,</strong></span> <span class='ocrx_word' id='word_1_44' title='bbox 1005 1167 1044 1236; x_wconf 89' lang='lat' dir='ltr'><strong>et</strong></span> <span class='ocrx_word' id='word_1_45' title='bbox 1088 1159 1343 1238; x_wconf 79' lang='lat' dir='ltr'><strong>attendendo</strong></span> <span class='ocrx_word' id='word_1_46' title='bbox 1386 1163 1445 1240; x_wconf 81' lang='lat' dir='ltr'><strong>ad</strong></span> 
     </span>
     <span class='ocr_line' id='line_1_8' title="bbox 334 1271 1444 1380; baseline -0.005 -20"><span class='ocrx_word' id='word_1_47' title='bbox 334 1285 488 1360; x_wconf 82' lang='lat' dir='ltr'><strong>bonam</strong></span> <span class='ocrx_word' id='word_1_48' title='bbox 519 1281 888 1359; x_wconf 81' lang='lat' dir='ltr'><strong>conservationem</strong></span> <span class='ocrx_word' id='word_1_49' title='bbox 904 1271 1008 1354; x_wconf 86' lang='lat' dir='ltr'><strong>Novi</strong></span> <span class='ocrx_word' id='word_1_50' title='bbox 1042 1287 1086 1355; x_wconf 88' lang='lat' dir='ltr'><strong>et</strong></span> <span class='ocrx_word' id='word_1_51' title='bbox 1112 1285 1246 1355; x_wconf 80' lang='lat' dir='ltr'><strong>status</strong></span> <span class='ocrx_word' id='word_1_52' title='bbox 1274 1278 1444 1380; x_wconf 81' lang='lat' dir='ltr'><strong>pretato</strong></span> 
     </span>
     <span class='ocr_line' id='line_1_9' title="bbox 333 1395 1440 1494; baseline -0.006 -16"><span class='ocrx_word' id='word_1_53' title='bbox 333 1401 503 1478; x_wconf 88' lang='lat' dir='ltr'><strong>domine</strong></span> <span class='ocrx_word' id='word_1_54' title='bbox 533 1407 574 1475; x_wconf 84' lang='lat' dir='ltr'><strong>et</strong></span> <span class='ocrx_word' id='word_1_55' title='bbox 615 1422 681 1476; x_wconf 85' lang='lat' dir='ltr'><strong>oo</strong></span> <span class='ocrx_word' id='word_1_56' title='bbox 699 1399 795 1474; x_wconf 89' lang='lat' dir='ltr'><strong>mit</strong></span> <span class='ocrx_word' id='word_1_57' title='bbox 815 1399 861 1473; x_wconf 85' lang='lat' dir='ltr'><strong>is</strong></span> <span class='ocrx_word' id='word_1_58' title='bbox 888 1397 927 1475; x_wconf 91' lang='lat' dir='ltr'>V</span> <span class='ocrx_word' id='word_1_59' title='bbox 945 1397 955 1472; x_wconf 92' lang='lat' dir='ltr'><strong>i</strong></span> <span class='ocrx_word' id='word_1_60' title='bbox 971 1402 1025 1473; x_wconf 85' lang='lat' dir='ltr'><strong>at</strong></span> <span class='ocrx_word' id='word_1_61' title='bbox 1041 1395 1053 1470; x_wconf 93' lang='lat' dir='ltr'><strong>i</strong></span> <span class='ocrx_word' id='word_1_62' title='bbox 1070 1421 1093 1474; x_wconf 91' lang='lat' dir='ltr'><strong>c</strong></span> <span class='ocrx_word' id='word_1_63' title='bbox 1109 1399 1135 1473; x_wconf 88' lang='lat' dir='ltr'><strong>i.</strong></span> <span class='ocrx_word' id='word_1_64' title='bbox 1179 1395 1440 1494; x_wconf 72' lang='lat' dir='ltr'><strong>Signiiiioun·</strong></span> 
     </span>
     <span class='ocr_line' id='line_1_10' title="bbox 335 1517 1443 1596; baseline -0.005 0"><span class='ocrx_word' id='word_1_65' title='bbox 335 1521 389 1596; x_wconf 89' lang='lat' dir='ltr'><strong>do</strong></span> <span class='ocrx_word' id='word_1_66' title='bbox 419 1520 499 1596; x_wconf 83' lang='lat' dir='ltr'><strong>sibi</strong></span> <span class='ocrx_word' id='word_1_67' title='bbox 528 1518 583 1594; x_wconf 82' lang='lat' dir='ltr'><strong>ito</strong></span> <span class='ocrx_word' id='word_1_68' title='bbox 612 1518 810 1594; x_wconf 78' lang='lat' dir='ltr'><strong>habuisse</strong></span> <span class='ocrx_word' id='word_1_69' title='bbox 837 1517 877 1594; x_wconf 87' lang='lat' dir='ltr'><strong>in</strong></span> <span class='ocrx_word' id='word_1_70' title='bbox 908 1517 1113 1595; x_wconf 81' lang='lat' dir='ltr'><strong>mundatis</strong></span> <span class='ocrx_word' id='word_1_71' title='bbox 1141 1533 1163 1592; x_wconf 79' lang='lat' dir='ltr'><strong>o</strong></span> <span class='ocrx_word' id='word_1_72' title='bbox 1191 1521 1338 1592; x_wconf 88' lang='lat' dir='ltr'><strong>nostru</strong></span> <span class='ocrx_word' id='word_1_73' title='bbox 1368 1517 1443 1592; x_wconf 91' lang='lat' dir='ltr'><strong>do·</strong></span> 
     </span>
     <span class='ocr_line' id='line_1_11' title="bbox 336 1635 1444 1737; baseline 0 -23"><span class='ocrx_word' id='word_1_74' title='bbox 336 1637 478 1722; x_wconf 91' lang='lat' dir='ltr'><strong>minio,</strong></span> <span class='ocrx_word' id='word_1_75' title='bbox 497 1636 612 1737; x_wconf 85' lang='lat' dir='ltr'><strong>quod</strong></span> <span class='ocrx_word' id='word_1_76' title='bbox 629 1635 837 1715; x_wconf 75' lang='lat' dir='ltr'><strong>honorem</strong></span> <span class='ocrx_word' id='word_1_77' title='bbox 865 1643 907 1714; x_wconf 84' lang='lat' dir='ltr'><strong>et</strong></span> <span class='ocrx_word' id='word_1_78' title='bbox 938 1638 1107 1714; x_wconf 76' lang='lat' dir='ltr'><strong>bonum,</strong></span> <span class='ocrx_word' id='word_1_79' title='bbox 1123 1641 1276 1713; x_wconf 82' lang='lat' dir='ltr'><strong>statum</strong></span> <span class='ocrx_word' id='word_1_80' title='bbox 1303 1660 1444 1720; x_wconf 87' lang='lat' dir='ltr'><strong>suum,</strong></span> 
     </span>
     <span class='ocr_line' id='line_1_12' title="bbox 336 1747 1442 1859; baseline -0.001 -26"><span class='ocrx_word' id='word_1_81' title='bbox 336 1759 465 1835; x_wconf 78' lang='lat' dir='ltr'><strong>uoluti</strong></span> <span class='ocrx_word' id='word_1_82' title='bbox 506 1758 725 1859; x_wconf 81' lang='lat' dir='ltr'><strong>proprium</strong></span> <span class='ocrx_word' id='word_1_83' title='bbox 768 1753 989 1834; x_wconf 71' lang='lat' dir='ltr'><strong>desiderat.</strong></span> <span class='ocrx_word' id='word_1_84' title='bbox 1043 1747 1196 1834; x_wconf 79' lang='lat' dir='ltr'><strong>Preiati</strong></span> <span class='ocrx_word' id='word_1_85' title='bbox 1228 1781 1333 1833; x_wconf 85' lang='lat' dir='ltr'><strong>vero</strong></span> <span class='ocrx_word' id='word_1_86' title='bbox 1375 1783 1442 1832; x_wconf 85' lang='lat' dir='ltr'><strong>su·</strong></span> 
     </span>
     <span class='ocr_line' id='line_1_13' title="bbox 337 1871 1443 1978; baseline -0.002 -27"><span class='ocrx_word' id='word_1_87' title='bbox 337 1875 562 1977; x_wconf 80' lang='lat' dir='ltr'><strong>praeomiti</strong></span> <span class='ocrx_word' id='word_1_88' title='bbox 604 1899 685 1978; x_wconf 85' lang='lat' dir='ltr'><strong>por</strong></span> <span class='ocrx_word' id='word_1_89' title='bbox 726 1885 859 1954; x_wconf 88' lang='lat' dir='ltr'><strong>totum</strong></span> <span class='ocrx_word' id='word_1_90' title='bbox 889 1871 930 1952; x_wconf 93' lang='lat' dir='ltr'><strong>id</strong></span> <span class='ocrx_word' id='word_1_91' title='bbox 959 1881 1127 1976; x_wconf 85' lang='lat' dir='ltr'><strong>tempus</strong></span> <span class='ocrx_word' id='word_1_92' title='bbox 1169 1875 1335 1952; x_wconf 90' lang='lat' dir='ltr'><strong>insimut</strong></span> <span class='ocrx_word' id='word_1_93' title='bbox 1364 1883 1443 1953; x_wconf 83' lang='lat' dir='ltr'><strong>sta-</strong></span> 
     </span>
     <span class='ocr_line' id='line_1_14' title="bbox 337 1989 1444 2098; baseline 0.008 -35"><span class='ocrx_word' id='word_1_94' title='bbox 337 1993 451 2073; x_wconf 88' lang='lat' dir='ltr'><strong>buot;</strong></span> <span class='ocrx_word' id='word_1_95' title='bbox 481 1993 624 2070; x_wconf 80' lang='lat' dir='ltr'><strong>fauere</strong></span> <span class='ocrx_word' id='word_1_96' title='bbox 670 1994 853 2072; x_wconf 79' lang='lat' dir='ltr'><strong>debeant</strong></span> <span class='ocrx_word' id='word_1_97' title='bbox 891 1989 1199 2096; x_wconf 77' lang='lat' dir='ltr'><strong>Capitonariom</strong></span> <span class='ocrx_word' id='word_1_98' title='bbox 1237 1993 1287 2074; x_wconf 83' lang='lat' dir='ltr'><strong>ad</strong></span> <span class='ocrx_word' id='word_1_99' title='bbox 1317 1993 1444 2098; x_wconf 83' lang='lat' dir='ltr'><strong>sopti-</strong></span> 
     </span>
     <span class='ocr_line' id='line_1_15' title="bbox 337 2103 1443 2204; baseline 0 -18"><span class='ocrx_word' id='word_1_100' title='bbox 337 2103 523 2204; x_wconf 75' lang='lat' dir='ltr'><strong>monum‚</strong></span> <span class='ocrx_word' id='word_1_101' title='bbox 564 2121 606 2188; x_wconf 83' lang='lat' dir='ltr'><strong>ot</strong></span> <span class='ocrx_word' id='word_1_102' title='bbox 647 2137 724 2192; x_wconf 86' lang='lat' dir='ltr'><strong>nos</strong></span> <span class='ocrx_word' id='word_1_103' title='bbox 761 2114 812 2191; x_wconf 85' lang='lat' dir='ltr'><strong>de</strong></span> <span class='ocrx_word' id='word_1_104' title='bbox 853 2115 1067 2193; x_wconf 80' lang='lat' dir='ltr'><strong>coutinuis</strong></span> <span class='ocrx_word' id='word_1_105' title='bbox 1110 2113 1443 2194; x_wconf 80' lang='lat' dir='ltr'><strong>occurrentibus</strong></span> 
     </span>
     <span class='ocr_line' id='line_1_16' title="bbox 337 2229 945 2311; baseline 0.012 -7"><span class='ocrx_word' id='word_1_106' title='bbox 337 2229 425 2305; x_wconf 87' lang='lat' dir='ltr'><strong>suis</strong></span> <span class='ocrx_word' id='word_1_107' title='bbox 455 2231 605 2308; x_wconf 85' lang='lat' dir='ltr'><strong>litteris</strong></span> <span class='ocrx_word' id='word_1_108' title='bbox 633 2231 871 2311; x_wconf 79' lang='lat' dir='ltr'><strong>informare.</strong></span> <span class='ocrx_word' id='word_1_109' title='bbox 941 2279 945 2286; x_wconf 93' lang='lat'>·</span> 
     </span>
    </p>

    <p class='ocr_par' dir='ltr' id='par_1_4' title="bbox 225 2348 1583 4261">
     <span class='ocr_line' id='line_1_17' title="bbox 437 2348 1444 2454; baseline 0.005 -31"><span class='ocrx_word' id='word_1_110' title='bbox 437 2348 619 2452; x_wconf 85' lang='lat' dir='ltr'><strong>Insuper</strong></span> <span class='ocrx_word' id='word_1_111' title='bbox 663 2353 788 2428; x_wconf 81' lang='lat' dir='ltr'><strong>otiam</strong></span> <span class='ocrx_word' id='word_1_112' title='bbox 820 2359 988 2454; x_wconf 83' lang='lat' dir='ltr'><strong>coptum</strong></span> <span class='ocrx_word' id='word_1_113' title='bbox 1019 2352 1095 2439; x_wconf 86' lang='lat' dir='ltr'><strong>sit,</strong></span> <span class='ocrx_word' id='word_1_114' title='bbox 1134 2351 1247 2454; x_wconf 87' lang='lat' dir='ltr'><strong>quod</strong></span> <span class='ocrx_word' id='word_1_115' title='bbox 1285 2353 1325 2430; x_wconf 91' lang='lat' dir='ltr'><strong>in</strong></span> <span class='ocrx_word' id='word_1_116' title='bbox 1357 2377 1444 2432; x_wconf 86' lang='lat' dir='ltr'><strong>res-</strong></span> 
     </span>
     <span class='ocr_line' id='line_1_18' title="bbox 339 2469 1444 2575; baseline 0.009 -35"><span class='ocrx_word' id='word_1_117' title='bbox 339 2469 543 2565; x_wconf 76' lang='lat' dir='ltr'><strong>ponsione</strong></span> <span class='ocrx_word' id='word_1_118' title='bbox 586 2469 751 2546; x_wconf 81' lang='lat' dir='ltr'><strong>comitis</strong></span> <span class='ocrx_word' id='word_1_119' title='bbox 786 2471 998 2547; x_wconf 79' lang='lat' dir='ltr'><strong>&#39;Catari</strong></span> <span class='ocrx_word' id='word_1_120' title='bbox 1040 2471 1155 2575; x_wconf 83' lang='lat' dir='ltr'><strong>circu</strong></span> <span class='ocrx_word' id='word_1_121' title='bbox 1197 2489 1247 2548; x_wconf 78' lang='lat' dir='ltr'><strong>ee</strong></span> <span class='ocrx_word' id='word_1_122' title='bbox 1275 2495 1444 2575; x_wconf 83' lang='lat' dir='ltr'><strong>preser-</strong></span> 
     </span>
     <span class='ocr_line' id='line_1_19' title="bbox 335 2584 1446 2694; baseline 0.008 -35"><span class='ocrx_word' id='word_1_123' title='bbox 335 2584 432 2672; x_wconf 86' lang='lat' dir='ltr'><strong>tim,</strong></span> <span class='ocrx_word' id='word_1_124' title='bbox 460 2609 543 2686; x_wconf 83' lang='lat' dir='ltr'><strong>quo</strong></span> <span class='ocrx_word' id='word_1_125' title='bbox 584 2589 823 2690; x_wconf 82' lang='lat' dir='ltr'><strong>profata</strong></span> <span class='ocrx_word' id='word_1_126' title='bbox 864 2588 1115 2666; x_wconf 82' lang='lat' dir='ltr'>ducissa</span> <span class='ocrx_word' id='word_1_127' title='bbox 1144 2588 1224 2666; x_wconf 87' lang='lat' dir='ltr'><strong>sibi</strong></span> <span class='ocrx_word' id='word_1_128' title='bbox 1269 2592 1446 2694; x_wconf 75' lang='lat' dir='ltr'><strong>scripsit</strong></span> 
     </span>
     <span class='ocr_line' id='line_1_20' title="bbox 336 2701 1444 2794; baseline 0.009 -14"><span class='ocrx_word' id='word_1_129' title='bbox 336 2707 388 2781; x_wconf 84' lang='lat' dir='ltr'><strong>do</strong></span> <span class='ocrx_word' id='word_1_130' title='bbox 416 2706 534 2784; x_wconf 77' lang='lat' dir='ltr'><strong>iactis</strong></span> <span class='ocrx_word' id='word_1_131' title='bbox 575 2709 608 2783; x_wconf 83' lang='lat' dir='ltr'><strong>N</strong></span> <span class='ocrx_word' id='word_1_132' title='bbox 624 2709 746 2794; x_wconf 76' lang='lat' dir='ltr'><strong>out,</strong></span> <span class='ocrx_word' id='word_1_133' title='bbox 789 2709 999 2788; x_wconf 80' lang='lat' dir='ltr'><strong>scribatur</strong></span> <span class='ocrx_word' id='word_1_134' title='bbox 1027 2713 1069 2786; x_wconf 89' lang='lat' dir='ltr'><strong>et</strong></span> <span class='ocrx_word' id='word_1_135' title='bbox 1099 2701 1322 2787; x_wconf 72' lang='lat' dir='ltr'><strong>mandetur</strong></span> <span class='ocrx_word' id='word_1_136' title='bbox 1349 2703 1444 2790; x_wconf 86' lang='lat' dir='ltr'><strong>sibi:</strong></span> 
     </span>
     <span class='ocr_line' id='line_1_21' title="bbox 266 2825 1444 2931; baseline 0.006 -32"><span class='ocrx_word' id='word_1_137' title='bbox 266 2927 267 2931; x_wconf 7' lang='grc' dir='ltr'><strong><em>Ν</em></strong></span> <span class='ocrx_word' id='word_1_138' title='bbox 336 2825 457 2923; x_wconf 81' lang='lat' dir='ltr'><strong>Quod</strong></span> <span class='ocrx_word' id='word_1_139' title='bbox 487 2828 654 2903; x_wconf 85' lang='lat' dir='ltr'><strong>mittere</strong></span> <span class='ocrx_word' id='word_1_140' title='bbox 696 2826 849 2904; x_wconf 82' lang='lat' dir='ltr'><strong>debeat</strong></span> <span class='ocrx_word' id='word_1_141' title='bbox 891 2827 1117 2906; x_wconf 85' lang='lat' dir='ltr'><strong>inmediate</strong></span> <span class='ocrx_word' id='word_1_142' title='bbox 1149 2829 1347 2905; x_wconf 82' lang='lat' dir='ltr'><strong>nuncium</strong></span> <span class='ocrx_word' id='word_1_143' title='bbox 1378 2853 1444 2906; x_wconf 83' lang='lat' dir='ltr'><strong>su·</strong></span> 
     </span>
     <span class='ocr_line' id='line_1_22' title="bbox 338 2935 1444 3044; baseline 0.009 -27"><span class='ocrx_word' id='word_1_144' title='bbox 338 2935 416 3018; x_wconf 85' lang='lat' dir='ltr'><strong>um¹</strong></span> <span class='ocrx_word' id='word_1_145' title='bbox 448 2943 498 3020; x_wconf 84' lang='lat' dir='ltr'><strong>ad</strong></span> <span class='ocrx_word' id='word_1_146' title='bbox 541 2945 744 3044; x_wconf 72' lang='lat' dir='ltr'><strong>profatum</strong></span> <span class='ocrx_word' id='word_1_147' title='bbox 782 2947 994 3023; x_wconf 77' lang='lat' dir='ltr'><strong>domiuum</strong></span> <span class='ocrx_word' id='word_1_148' title='bbox 1037 2953 1080 3023; x_wconf 87' lang='lat' dir='ltr'><strong>et</strong></span> <span class='ocrx_word' id='word_1_149' title='bbox 1116 2949 1317 3026; x_wconf 77' lang='lat' dir='ltr'><strong>comitem</strong></span> <span class='ocrx_word' id='word_1_150' title='bbox 1346 2973 1444 3027; x_wconf 89' lang='lat' dir='ltr'><strong>oum</strong></span> 
     </span>
     <span class='ocr_line' id='line_1_23' title="bbox 337 3063 1446 3148; baseline 0.008 -11"><span class='ocrx_word' id='word_1_151' title='bbox 337 3063 489 3141; x_wconf 83' lang='lat' dir='ltr'><strong>titteris</strong></span> <span class='ocrx_word' id='word_1_152' title='bbox 530 3063 617 3138; x_wconf 85' lang='lat' dir='ltr'><strong>suis</strong></span> <span class='ocrx_word' id='word_1_153' title='bbox 658 3064 1011 3142; x_wconf 80' lang='lat' dir='ltr'><strong>oredontiatibus:</strong></span> <span class='ocrx_word' id='word_1_154' title='bbox 1062 3066 1320 3144; x_wconf 82' lang='lat' dir='ltr'><strong>deoiuraudo</strong></span> <span class='ocrx_word' id='word_1_155' title='bbox 1362 3069 1446 3148; x_wconf 86' lang='lat' dir='ltr'><strong>sibi</strong></span> 
     </span>
     <span class='ocr_line' id='line_1_24' title="bbox 333 3181 1445 3288; baseline 0.004 -27.847"><span class='ocrx_word' id='word_1_156' title='bbox 333 3181 534 3282; x_wconf 79' lang='lat' dir='ltr'><strong>optimum</strong></span> <span class='ocrx_word' id='word_1_157' title='bbox 578 3191 761 3262; x_wconf 83' lang='lat' dir='ltr'><strong>montem</strong></span> <span class='ocrx_word' id='word_1_158' title='bbox 804 3197 846 3264; x_wconf 81' lang='lat' dir='ltr'><strong>et</strong></span> <span class='ocrx_word' id='word_1_159' title='bbox 885 3187 1206 3288; x_wconf 78' lang='lat' dir='ltr'><strong>dispositionem</strong></span> <span class='ocrx_word' id='word_1_160' title='bbox 1251 3193 1445 3265; x_wconf 80' lang='lat' dir='ltr'><strong>nostrum</strong></span> 
     </span>
     <span class='ocr_line' id='line_1_25' title="bbox 335 3303 1445 3411; baseline 0.009 -35"><span class='ocrx_word' id='word_1_161' title='bbox 335 3303 385 3377; x_wconf 72' lang='lat' dir='ltr'><strong>ed</strong></span> <span class='ocrx_word' id='word_1_162' title='bbox 429 3305 793 3383; x_wconf 79' lang='lat' dir='ltr'><strong>conservationem</strong></span> <span class='ocrx_word' id='word_1_163' title='bbox 836 3327 954 3386; x_wconf 81' lang='lat' dir='ltr'><strong>suum</strong></span> <span class='ocrx_word' id='word_1_164' title='bbox 998 3313 1041 3385; x_wconf 86' lang='lat' dir='ltr'><strong>et</strong></span> <span class='ocrx_word' id='word_1_165' title='bbox 1081 3313 1212 3386; x_wconf 79' lang='lat' dir='ltr'><strong>status</strong></span> <span class='ocrx_word' id='word_1_166' title='bbox 1253 3309 1331 3392; x_wconf 80' lang='lat' dir='ltr'><strong>sui,</strong></span> <span class='ocrx_word' id='word_1_167' title='bbox 1371 3312 1445 3411; x_wconf 88' lang='lat' dir='ltr'><strong>qui</strong></span> 
     </span>
     <span class='ocr_line' id='line_1_26' title="bbox 335 3423 1445 3530; baseline 0.011 -34"><span class='ocrx_word' id='word_1_168' title='bbox 335 3423 457 3500; x_wconf 90' lang='lat' dir='ltr'><strong>nobis</strong></span> <span class='ocrx_word' id='word_1_169' title='bbox 487 3429 811 3504; x_wconf 82' lang='lat' dir='ltr'><strong>reuomendotus</strong></span> <span class='ocrx_word' id='word_1_170' title='bbox 841 3431 916 3504; x_wconf 83' lang='lat' dir='ltr'><strong>ost.</strong></span> <span class='ocrx_word' id='word_1_171' title='bbox 958 3428 1011 3506; x_wconf 81' lang='lat' dir='ltr'><strong>lu</strong></span> <span class='ocrx_word' id='word_1_172' title='bbox 1041 3428 1329 3530; x_wconf 76' lang='lat' dir='ltr'><strong>provisionem</strong></span> <span class='ocrx_word' id='word_1_173' title='bbox 1359 3429 1445 3507; x_wconf 80' lang='lat' dir='ltr'><strong>fao·</strong></span> 
     </span>
     <span class='ocr_line' id='line_1_27' title="bbox 225 3543 1444 3651; baseline 0.008 -34"><span class='ocrx_word' id='word_1_174' title='bbox 225 3552 231 3561; x_wconf 85' lang='lat'>&#39;</span> <span class='ocrx_word' id='word_1_175' title='bbox 334 3551 415 3618; x_wconf 80' lang='lat' dir='ltr'><strong>tom</strong></span> <span class='ocrx_word' id='word_1_176' title='bbox 458 3543 509 3618; x_wconf 89' lang='lat' dir='ltr'><strong>de</strong></span> <span class='ocrx_word' id='word_1_177' title='bbox 548 3547 669 3622; x_wconf 88' lang='lat' dir='ltr'><strong>dietis</strong></span> <span class='ocrx_word' id='word_1_178' title='bbox 712 3547 841 3625; x_wconf 85' lang='lat' dir='ltr'><strong>tribus</strong></span> <span class='ocrx_word' id='word_1_179' title='bbox 883 3549 1037 3625; x_wconf 86' lang='lat' dir='ltr'><strong>nostris</strong></span> <span class='ocrx_word' id='word_1_180' title='bbox 1091 3551 1222 3646; x_wconf 70' lang='lat' dir='ltr'><strong>galeis</strong></span> <span class='ocrx_word' id='word_1_181' title='bbox 1271 3571 1353 3651; x_wconf 80' lang='lat' dir='ltr'><strong>que</strong></span> <span class='ocrx_word' id='word_1_182' title='bbox 1394 3557 1444 3627; x_wconf 76' lang='lat' dir='ltr'><strong>se</strong></span> 
     </span>
     <span class='ocr_line' id='line_1_28' title="bbox 337 3655 1442 3772; baseline 0.005 -34"><span class='ocrx_word' id='word_1_183' title='bbox 337 3655 537 3764; x_wconf 65' lang='lat' dir='ltr'><strong>conferre</strong></span> <span class='ocrx_word' id='word_1_184' title='bbox 555 3663 737 3742; x_wconf 75' lang='lat' dir='ltr'><strong>habeant</strong></span> <span class='ocrx_word' id='word_1_185' title='bbox 752 3667 792 3743; x_wconf 89' lang='lat' dir='ltr'><strong>iu</strong></span> <span class='ocrx_word' id='word_1_186' title='bbox 812 3665 900 3744; x_wconf 82' lang='lat' dir='ltr'><strong>iiius</strong></span> <span class='ocrx_word' id='word_1_187' title='bbox 915 3687 1044 3772; x_wconf 75' lang='lat' dir='ltr'><strong>aquas</strong></span> <span class='ocrx_word' id='word_1_188' title='bbox 1068 3669 1101 3746; x_wconf 87' lang='lat' dir='ltr'>C</span> <span class='ocrx_word' id='word_1_189' title='bbox 1113 3693 1134 3743; x_wconf 83' lang='lat' dir='ltr'><strong>u</strong></span> <span class='ocrx_word' id='word_1_190' title='bbox 1148 3675 1197 3746; x_wconf 82' lang='lat' dir='ltr'><strong>to</strong></span> <span class='ocrx_word' id='word_1_191' title='bbox 1211 3661 1254 3744; x_wconf 88' lang='lat' dir='ltr'><strong>ri</strong></span> <span class='ocrx_word' id='word_1_192' title='bbox 1283 3669 1325 3744; x_wconf 89' lang='lat' dir='ltr'><strong>et</strong></span> <span class='ocrx_word' id='word_1_193' title='bbox 1353 3669 1383 3743; x_wconf 83' lang='lat' dir='ltr'>N</span> <span class='ocrx_word' id='word_1_194' title='bbox 1400 3691 1442 3744; x_wconf 90' lang='lat' dir='ltr'><strong>o·</strong></span> 
     </span>
     <span class='ocr_line' id='line_1_29' title="bbox 336 3781 1443 3882; baseline 0.011 -28"><span class='ocrx_word' id='word_1_195' title='bbox 336 3781 417 3870; x_wconf 75' lang='lat' dir='ltr'><strong>vi,</strong></span> <span class='ocrx_word' id='word_1_196' title='bbox 453 3791 497 3858; x_wconf 86' lang='lat' dir='ltr'><strong>ut</strong></span> <span class='ocrx_word' id='word_1_197' title='bbox 524 3783 606 3858; x_wconf 87' lang='lat' dir='ltr'><strong>sint</strong></span> <span class='ocrx_word' id='word_1_198' title='bbox 635 3784 674 3859; x_wconf 89' lang='lat' dir='ltr'><strong>iu</strong></span> <span class='ocrx_word' id='word_1_199' title='bbox 705 3799 873 3860; x_wconf 84' lang='lat' dir='ltr'><strong>omnem</strong></span> <span class='ocrx_word' id='word_1_200' title='bbox 904 3807 1045 3882; x_wconf 81' lang='lat' dir='ltr'><strong>cusum</strong></span> <span class='ocrx_word' id='word_1_201' title='bbox 1075 3783 1125 3863; x_wconf 81' lang='lat' dir='ltr'><strong>nd</strong></span> <span class='ocrx_word' id='word_1_202' title='bbox 1154 3788 1374 3867; x_wconf 85' lang='lat' dir='ltr'><strong>tuitionem</strong></span> <span class='ocrx_word' id='word_1_203' title='bbox 1398 3797 1443 3866; x_wconf 87' lang='lat' dir='ltr'><strong>et</strong></span> 
     </span>
     <span class='ocr_line' id='line_1_30' title="bbox 339 3887 1438 3988; baseline 0.011 -16"><span class='ocrx_word' id='word_1_204' title='bbox 339 3887 491 3978; x_wconf 79' lang='lat' dir='ltr'><strong>bonum</strong></span> <span class='ocrx_word' id='word_1_205' title='bbox 532 3889 904 3981; x_wconf 69' lang='lat' dir='ltr'><strong>&#39;conservationem</strong></span> <span class='ocrx_word' id='word_1_206' title='bbox 945 3905 1051 3984; x_wconf 81' lang='lat' dir='ltr'><strong>Nori</strong></span> <span class='ocrx_word' id='word_1_207' title='bbox 1092 3913 1134 3982; x_wconf 87' lang='lat' dir='ltr'><strong>et</strong></span> <span class='ocrx_word' id='word_1_208' title='bbox 1188 3911 1320 3988; x_wconf 80' lang='lat' dir='ltr'><strong>status</strong></span> <span class='ocrx_word' id='word_1_209' title='bbox 1360 3907 1438 3984; x_wconf 87' lang='lat' dir='ltr'><strong>sui.</strong></span> 
     </span>
     <span class='ocr_line' id='line_1_31' title="bbox 339 4021 1440 4128; baseline 0.015 -33"><span class='ocrx_word' id='word_1_210' title='bbox 339 4021 545 4120; x_wconf 84' lang='lat' dir='ltr'><strong>Quodque</strong></span> <span class='ocrx_word' id='word_1_211' title='bbox 574 4021 907 4103; x_wconf 79' lang='lat' dir='ltr'><strong>irortamuritios</strong></span> <span class='ocrx_word' id='word_1_212' title='bbox 935 4027 1049 4128; x_wconf 86' lang='lat' dir='ltr'><strong>quud</strong></span> <span class='ocrx_word' id='word_1_213' title='bbox 1078 4026 1277 4106; x_wconf 86' lang='lat' dir='ltr'><strong>sintbuui</strong></span> <span class='ocrx_word' id='word_1_214' title='bbox 1306 4028 1440 4111; x_wconf 78' lang='lat' dir='ltr'><strong>animi.</strong></span> 
     </span>
     <span class='ocr_line' id='line_1_32' title="bbox 337 4143 1583 4261; baseline 0.004 -42"><span class='ocrx_word' id='word_1_215' title='bbox 337 4165 418 4219; x_wconf 85' lang='lat' dir='ltr'><strong>neo</strong></span> <span class='ocrx_word' id='word_1_216' title='bbox 462 4143 555 4220; x_wconf 79' lang='lat' dir='ltr'><strong>tooa</strong></span> <span class='ocrx_word' id='word_1_217' title='bbox 597 4147 770 4247; x_wconf 78' lang='lat' dir='ltr'><strong>propriu</strong></span> <span class='ocrx_word' id='word_1_218' title='bbox 813 4155 854 4224; x_wconf 85' lang='lat' dir='ltr'><strong>ot</strong></span> <span class='ocrx_word' id='word_1_219' title='bbox 893 4147 1199 4248; x_wconf 72' lang='lat' dir='ltr'><strong>patrimonialis</strong></span> <span class='ocrx_word' id='word_1_220' title='bbox 1240 4143 1438 4252; x_wconf 68' lang='lat' dir='ltr'><strong>proediis</strong></span> <span class='ocrx_word' id='word_1_221' title='bbox 1577 4232 1583 4261; x_wconf 53' lang='grc' dir='ltr'>Ι</span> 
     </span>
    </p>

    <p class='ocr_par' dir='ltr' id='par_1_5' title="bbox 1561 4274 1574 4309">
     <span class='ocr_line' id='line_1_33' title="bbox 1561 4274 1574 4309; baseline 0 0"><span class='ocrx_word' id='word_1_222' title='bbox 1561 4274 1574 4309; x_wconf 65' lang='lat' dir='ltr'><strong>b</strong></span> 
     </span>
    </p>
   </div>
   <div class='ocr_carea' id='block_1_4' title="bbox 0 0 1631 5104">
    <p class='ocr_par' dir='ltr' id='par_1_6' title="bbox 0 0 1631 5104">
     <span class='ocr_line' id='line_1_34' title="bbox 0 0 1631 5104; baseline 0 0"><span class='ocrx_word' id='word_1_223' title='bbox 0 0 1631 5104; x_wconf 95' lang='lat' dir='ltr'><strong> </strong></span> 
     </span>
    </p>
   </div>
  </div>
 </body>
</html>
