3236 5108
360 521 630 626 CLXXV·
675 549 790 624 leae.
819 545 1028 624 ludict.
1054 541 1146 622 XV.
1174 549 1210 622 8.
1236 542 1452 624 Martii.

356 694 495 750 Hancne
519 701 559 746 ce
591 703 758 762 saneraay
793 689 932 762 Κμοι,
955 705 993 758 μ
1019 702 1084 758 aar·
1121 699 1311 760 rocnoaapa
1344 689 1451 760 Αρπ-

357 809 455 862 ιοη,
479 809 569 864 ηομ
592 789 777 866 ycaoeiaua
802 807 1045 870 aaaoxeaaun,
1070 806 1165 861 racia
1188 790 1318 858 aonam
1342 806 1450 866 rocas

473 899 585 972 ,apaan
609 913 628 970 y
656 896 832 953 Maera-me
858 911 953 969 pyrre,
983 911 1063 952 uaso
1085 911 1122 966 ua
1147 909 1335 966 aenaauey

757 1013 840 1072 rm
865 999 1028 1074 Tarum

356 1113 359 1120 ’
457 1132 745 1236 eumaeum
787 1135 1009 1214 civitas
1050 1131 1354 1228 nummi,
1396 1131 1450 1212 aa

356 1257 476 1354 cujus
519 1257 885 1334 conservationem
928 1263 1043 1334 tanto
1087 1263 1279 1357 tempore
1311 1250 1449 1351 vigila·

354 1377 488 1454 vimus
528 1399 622 1454 cum
651 1383 716 1454 tot
763 1373 976 1453 laboribus
1004 1374 1287 1478 etexpensis,
1313 1372 1449 1450 subia-

358 1503 452 1576 ceat
479 1495 699 1574 manifesto
714 1495 908 1597 periculo
939 1493 1214 1596 perveniendi
1240 1515 1350 1570 nunc
1366 1515 1448 1570 ma·

356 1616 420 1718 gis
447 1641 572 1718 quam
592 1640 600 1684 f
626 1641 875 1718 numquam,
903 1618 954 1695 ad
995 1639 1139 1694 manus
1178 1612 1448 1692 infideli·

354 1759 435 1812 um
463 1736 850 1825 Turchorum,
877 1736 957 1814 nisi
998 1734 1224 1814 salubriter
1264 1732 1375 1810 bene
1404 1742 1449 1812 et

356 1861 501 1958 presto
529 1857 817 1960 provideatur3
849 1857 962 1960 quod
990 1857 1025 1934 si
1053 1863 1302 1942 ocurreret,
1331 1855 1448 1954 quod

355 1975 468 2052 Deus
509 1981 692 2068 avertat,
740 1983 938 2079 quantum
980 1974 1156 2056 cederet
1181 1977 1221 2052 in
1251 1977 1447 2053 damnum

355 2099 398 2172 et
431 2094 617 2174 dedecus
656 2095 785 2175 totius
828 2097 1154 2184 christianitatis
1183 2105 1226 2172 et
1253 2094 1448 2174 damnum

355 2225 397 2296 et
436 2217 667 2296 incaricum
716 2221 970 2322 praesertim
1012 2221 1145 2298 nostri
1189 2217 1449 2304 Communis.

353 2342 432 2417 sub
474 2341 593 2438 cujus
634 2340 786 2420 vexillo
825 2341 972 2421 civitas
999 2342 1067 2419 itia
1108 2343 1329 2442 bucusque
1363 2340 1448 2419 dici

352 2466 509 2562 potest,
537 2459 632 2536 fore
660 2467 856 2566 protecta
885 2468 927 2540 et
954 2463 1151 2564 protegi,
1191 2464 1279 2542 imo
1307 2471 1353 2542 ut
1379 2487 1446 2540 ve·

354 2581 439 2658 rius
467 2581 691 2682 loquatur,
747 2582 1034 2664 ascriberetur
1074 2584 1195 2662 nobis
1235 2585 1275 2662 in
1317 2584 1444 2662 maxi·

354 2725 466 2780 mum
493 2709 730 2806 peccatum,
759 2706 1043 2808 permittendo
1073 2713 1136 2784 tot
1150 2704 1307 2782 animas
1335 2704 1443 2785 cbri-

353 2821 506 2899 stianas
535 2821 646 2902 effici
673 2822 873 2912 infideles,
902 2850 996 2904 nam
1021 2825 1175 2904 scimus
1202 2827 1317 2926 quod
1344 2823 1445 2902 huic

353 2943 662 3022 inconvenienti
689 2971 912 3049 possumus
940 2949 1126 3029 obviare.

453 3083 577 3162 Vadit
604 3107 714 3186 pars:
742 3111 821 3190 pro
853 3089 1049 3166 evitando
1078 3088 1163 3166 hoc
1192 3093 1235 3164 et
1261 3110 1340 3189 pro
1369 3083 1438 3161 bo·

352 3227 407 3280 nu
437 3211 599 3296 nostro,
627 3206 740 3307 quod
770 3207 988 3284 mandetur
1029 3207 1250 3308 capitaneo
1291 3213 1440 3282 nostro

354 3323 517 3426 Cuiphi,
546 3327 614 3428 qui
644 3351 737 3404 cum
768 3329 849 3407 erit
877 3329 917 3405 in
946 3327 1133 3432 portibus
1162 3327 1257 3424 iltis,
1287 3326 1441 3420 debeat

352 3445 488 3546 primo
517 3469 562 3524 se
617 3448 802 3548 plenarie
843 3449 1103 3541 informare,
1133 3473 1157 3524 a
1185 3449 1359 3525 consule
1388 3449 1440 3526 ci·

351 3563 472 3642 vibus
500 3576 543 3645 et
571 3567 714 3646 amicis
755 3571 910 3648 nostris
937 3573 990 3648 de
1019 3567 1137 3664 inde,
1168 3566 1221 3644 de
1250 3567 1441 3646 condi·

353 3685 620 3765 tionibus
662 3689 813 3767 dicti
855 3690 1076 3767 domini
1118 3697 1160 3766 et
1199 3688 1299 3767 dicti
1341 3687 1440 3787 ioci,

353 3833 433 3910 qua
462 3809 763 3890 informatione
790 3811 941 3904 habita,
970 3811 1124 3890 debeat
1152 3811 1216 3888 ire
1244 3809 1295 3888 ad
1321 3831 1439 3912 prae·

351 3928 529 4008 sentiam
569 3931 669 4008 dicti
712 3933 935 4009 domini
964 3957 1058 4012 cum
1094 3931 1250 4011 nostris
1291 3928 1442 4006 litteris

354 4051 624 4136 credulitatis,
654 4053 722 4132 oui
751 4053 858 4134 iacta
898 4055 1146 4135 salutatione
1174 4060 1217 4131 ct
1242 4050 1440 4129 visitatio·

352 4197 405 4252 ne
434 4175 631 4262 decenti,
669 4197 750 4278 pro
778 4183 898 4280 parte
951 4183 1124 4275 nostra,
1165 4197 1259 4254 cum
1301 4169 1440 4249 verbis
