3236 5108
96 426 104 440 ’
349 379 414 462 80

160 565 178 594 ⁸
353 565 543 678 chll·
573 587 687 664 tatu
714 581 899 662 ludier.
930 583 980 660 V.
1010 588 1070 660 iti.v
1101 583 1444 660 Decembris.

358 811 732 888 aassm·1eso,nocaaun
756 809 857 868 raino
881 827 1003 880 ennena
1026 827 1147 868 namna
1169 829 1189 886 y
1211 811 1381 884 Vrebant,
1405 825 1445 881 na

321 951 323 962 ·
355 929 449 988 nunu,
474 929 531 968 sun
554 912 712 970 Ennaeas
727 929 821 984 ymao
844 929 937 986 yony
961 931 1083 980 sensio,
1108 930 1166 970 nao
1189 929 1264 970 uino
1288 929 1327 970 oe
1350 927 1444 968 rono-

353 1035 407 1092 pn,
431 1032 491 1072 uua
514 1031 553 1070 nn
577 1027 659 1070 rano
683 1027 782 1070 narse
806 1029 971 1088 noronope
996 1032 1038 1070 on
1061 1032 1301 1094 neaunannrua,
1324 1035 1342 1072 n
1366 1031 1445 1073 nano

641 1133 723 1172 nano
747 1133 826 1174 oros
848 1117 988 1191 yoomne
1012 1137 1144 1192 ornapn.

461 1287 613 1389 Capta:
663 1247 768 1384 Quia
797 1291 862 1362 est
889 1309 959 1364 res
987 1288 1154 1390 sapiens
1182 1285 1340 1366 habere
1367 1221 1449 1390 pie·

221 1431 224 1448 ·
354 1419 663 1490 nnmetverarn
692 1405 1032 1494 informationem
1057 1409 1110 1484 de
1138 1407 1292 1484 novis
1321 1407 1446 1485 Hun-

212 1567 215 1578 =
354 1531 550 1630 garine,
579 1535 620 1606 et
636 1527 687 1604 de
703 1527 768 1604 bis
789 1551 896 1629 quae
925 1528 1124 1608 dicuntur
1151 1537 1193 1607 et
1208 1529 1448 1611 referuntur

356 1652 409 1728 de
437 1650 558 1728 factis
584 1648 790 1736 Rasiti,
829 1651 949 1751 quod
989 1651 1156 1728 videtur
1183 1651 1364 1729 intrasse
1393 1651 1448 1727 di·

354 1781 466 1852 otum
495 1793 684 1868 regnum.
725 1771 848 1848 Vadit
875 1794 992 1872 pars:
1025 1773 1139 1873 qnod
1178 1771 1314 1873 possit
1342 1771 1447 1848 mitti

354 1916 432 1972 urna
474 1891 687 1970 sufficiens
721 1899 763 1968 et
803 1891 986 1970 discreta
1026 1917 1238 1994 persona,
1268 1899 1315 1969 et
1337 1891 1446 1967 bene

356 2013 575 2096 informata
602 2011 654 2087 de
683 2001 997 2092 conditionibus
1012 2021 1056 2090 et
1083 2012 1316 2090 baronibus
1345 2012 1445 2090 dioti

357 2133 493 2236 regni,
533 2134 583 2211 ad
612 2142 754 2235 partes
793 2135 902 2220 ilias.
943 2160 1051 2235 quae
1079 2137 1143 2212 ire
1172 2135 1368 2212 ostendat
1394 2134 1448 2210 de

355 2254 449 2332 inde
478 2276 557 2354 pro
587 2253 705 2332 factis
733 2253 842 2338 suis,
872 2261 914 2331 et
940 2255 1108 2332 studeat
1135 2255 1293 2333 sentiro
1323 2261 1366 2331 et
1393 2253 1433 2328 in

355 2375 565 2474 vestigare
594 2382 715 2452 caute
744 2383 786 2451 et
812 2383 995 2460 secrete,
1025 2377 1164 2454 omnia
1202 2399 1310 2452 nova
1341 2397 1448 2475 quae

356 2493 621 2578 habebuntur
648 2496 689 2572 in
717 2496 840 2574 dictis
868 2495 1075 2598 partibus,
1117 2493 1168 2574 ab
1197 2495 1277 2572 iliis
1307 2519 1451 2596 penso·

357 2618 421 2695 nis
450 2641 557 2718 quae
585 2614 665 2693 sibi
693 2615 958 2708 videbuntur,
986 2625 1069 2696 tam
1091 2618 1144 2694 de
1173 2618 1336 2694 fantis
1365 2616 1448 2692 Ba·

360 2737 478 2822 siti,
520 2760 642 2838 quam
683 2737 735 2812 de
777 2737 1021 2816 tractatibus
1068 2763 1176 2839 quos
1203 2737 1449 2832 haberetin

361 2882 521 2956 regno,
550 2864 593 2934 et
619 2858 672 2935 de
714 2857 1053 2958 dispositionibus
1093 2859 1380 2960 praelatorum
1409 2867 1452 2934 et

211 2995 247 3087 J
358 2980 574 3067 baronum,
608 2986 650 3054 et
665 2985 801 3056 totum
831 2979 931 3056 iilud
962 2981 1076 3080 qnod
1105 2977 1265 3056 babere
1294 2982 1337 3054 et
1363 3001 1452 3054 san·

359 3100 437 3184 tire
462 3097 621 3200 poterit
635 3123 713 3199 per
742 3121 1051 3201 quemeumque
1079 3097 1263 3184 modum,
1294 3104 1449 3198 quanto

359 3218 567 3321 praestius
594 3219 765 3320 poterit,
792 3219 916 3298 nobis
946 3219 1111 3304 studeat
1138 3227 1377 3319 reportare,
1407 3227 1452 3294 ut

86 3445 89 3453 Ι
210 3339 212 3342 ’
360 3341 489 3420 simus
532 3340 584 3418 de
636 3342 830 3420 omnibus
885 3341 1099 3420 informati
1141 3346 1184 3417 et
1222 3340 1453 3440 providere

238 3455 243 3460 ¹
360 3462 581 3564 possimus,
607 3462 714 3546 siout
741 3460 862 3538 uobis
887 3459 1101 3539 uidebitur
1128 3485 1233 3561 opus
1264 3483 1372 3536 osse.
1399 3458 1452 3536 Et

359 3581 470 3680 quod
498 3581 668 3662 nuntius
694 3589 807 3658 stare
836 3579 989 3658 debeat
1016 3581 1070 3656 de
1096 3581 1206 3670 inde,
1234 3579 1269 3655 si
1296 3577 1448 3654 videbi·

360 3713 428 3780 tur
454 3701 535 3782 sibi
564 3723 691 3802 posse
720 3711 832 3778 stare
849 3724 944 3777 curn
963 3701 1203 3787 securitate,
1220 3701 1462 3777 scribendo·

360 3823 557 3901 continuo
587 3821 695 3899 etde
711 3828 904 3921 ternpore
933 3821 972 3896 in
1001 3827 1180 3922 tempus,
1213 3817 1311 3896 iilud
1339 3817 1452 3920 quod

360 3943 511 4024 sentiet
538 3949 581 4019 et
607 3942 798 4032 babebit,
841 3953 884 4019 et
912 3940 1076 4042 quando
1121 3940 1333 4018 videbitur
1372 3940 1452 4018 sibi

362 4089 456 4141 oum
484 4065 707 4142 securitate
736 4071 849 4142 stare
878 4089 961 4140 non
992 4086 1129 4163 posse,
1156 4062 1357 4140 Venetias
1385 4075 1447 4138 re·

362 4193 562 4273 vertatur,
591 4184 642 4261 de
673 4183 864 4262 omnibus
892 4183 1153 4262 informatus.

653 4339 758 4408 Seer.
783 4341 894 4406 Cous·
919 4339 1055 4428 Rogat
1080 4337 1152 4404 Lib.
1176 4339 1236 4404 ΙΙΙ.
1260 4337 1315 4402 cb.
1341 4337 1411 4401 lan.
