3206 5110
145 579 335 656 nocuum
375 575 605 657 dominium
648 575 882 679 ,puniretur
933 599 1015 680 pro
1056 579 1238 656 excessu
1395 597 1399 612 ·

148 696 377 775 commisso
405 705 601 801 tempore
627 697 977 778 sufferentiarum.
1004 696 1068 776 iix
1096 695 1240 776 adver·

146 839 196 894 se
222 823 361 896 xautern
389 839 469 919 per
495 815 712 894 auditores
740 823 910 895 nostros
951 817 1031 896 sibi
1072 818 1240 921 deputa·

147 945 229 1030 tos,
256 961 509 1041 responsum
537 937 624 1026 fuit,
649 939 762 1040 quod
779 937 1010 1018 seeundum
1027 938 1239 1017 contineo·

148 1057 245 1136 tiam
287 1059 426 1138 dictae
466 1058 583 1162 pacis
623 1080 773 1137 eorum
802 1057 962 1138 domini
991 1059 1242 1136 tenebantur

148 1184 191 1258 et
219 1177 394 1279 obligati
420 1187 555 1265 erant,
595 1179 818 1259 restituere
859 1185 1008 1258 nostro
1050 1177 1237 1256 dominio

148 1299 300 1378 domos
340 1301 610 1379 Andreae
638 1301 815 1388 Meis,
858 1300 1074 1378 districtus
1102 1301 1240 1378 nostri

149 1417 337 1508 Scutari3
371 1420 560 1501 similiter
588 1424 839 1500 tenebantur
865 1419 1043 1524 praefati
1072 1405 1246 1502 d'omini.

148 1541 201 1620 de
241 1541 502 1622 restituendo
544 1549 587 1622 et
626 1540 878 1643 assignando
925 1543 1039 1620 itiam
1078 1548 1242 1643 partem
1290 1579 1293 1596 ·

149 1661 365 1742 districtus
406 1662 546 1742 Cata
562 1665 637 1750 ri,
678 1689 802 1760 quam
829 1665 1044 1750 tenebant,
1072 1670 1115 1740 et
1141 1662 1244 1740 ulte·

148 1781 236 1861 rius
264 1783 477 1862 debebant
504 1783 741 1864 deliberare
768 1785 821 1863 de
838 1784 1080 1888 captivitate
1096 1805 1243 1860 ornnes

150 1901 929 2006 captivosPnstrovichorum,
958 1898 1244 2005 quierantin

138 2022 339 2106 ananib‘us
353 2023 639 2125 praeliatorum
654 2023 923 2102 dominorum
939 2043 1126 2109 suorum,
1140 2043 1245 2120 quas

151 2141 320 2244 quidem
347 2167 416 2223 res
433 2143 637 2228 iaciendo
664 2145 816 2248 prefati
829 2143 996 2256 ⁸domini
1026 2147 1248 2230 eorum,et

150 2264 449 2366 respondendo
478 2274 625 2344 nostro
653 2266 841 2344 dominio
878 2265 931 2342 de
958 2258 1245 2344 usufructibus

150 2382 674 2462 domorumAndraac
702 2385 867 2474 Moia,
895 2389 938 2460 et
966 2386 1021 2461 de
1048 2381 1245 2484 eoquod

151 2503 355 2581 tenebant
383 2504 436 2580 ds
465 2502 657 2584 districtu
696 2503 926 2591 Catari,
966 2501 1167 2582 videlieet
1193 2503 1247 2578 de

151 2623 657 2732 contrataZupe,
720 2651 744 2702 a
799 2621 1087 2702 celebratione
1129 2620 1249 2724 pacis

152 2745 270 2834 citra,
297 2752 425 2848 prout
452 2745 554 2825 dicti
581 2769 729 2826 eorum
758 2745 918 2824 domini
949 2749 1168 2830 tenentur,
1206 2749 1249 2820 et

150 2872 279 2966 prout
305 2865 476 2948 nomine
503 2870 637 2946 nostri
665 2866 850 2957 dominii,
877 2865 1083 2969 praedicti
1099 2887 1247 2942 eorum

151 2985 309 3064 domini
338 2988 681 3090 requirebantur,
723 2991 814 3092 ipsa
840 2992 987 3064 nostra
1015 2984 1269 3070 dominatio,

153 3092 246 3182 erat
272 3115 416 3208 parata
443 3107 496 3184 de
522 3107 838 3187 dando-eisdem
851 3105 1034 3184 dominis
1050 3103 1253 3206 suis‚pro·

153 3232 348 3324 tempore
375 3226 610 3330 praeterito
639 3227 754 3308 adie
783 3223 1085 3307 celebrationis
1114 3223 1252 3300 dictae
1291 3291 1295 3294 .

153 3345 274 3447 pacis
303 3347 409 3428 citra
436 3347 614 3433 ducatos
641 3350 757 3430 mille
796 3372 878 3452 pro
907 3345 1102 3449 quolibet
1140 3363 1250 3422 anno

138 3469 403 3568 praeterito,
431 3476 537 3571 quos
559 3476 704 3550 nostra
720 3467 950 3547 dominatio
968 3473 1136 3561 tenetur
1151 3467 1252 3542 dare

155 3587 346 3688 quolibet
384 3615 494 3669 anno
536 3591 577 3670 in
619 3592 729 3672 festo
771 3587 1066 3690 assumptionis
1104 3587 1253 3666 beatae

154 3709 347 3809 virginis,
387 3717 479 3792 erat
514 3714 638 3793 ctiam
667 3719 811 3811 parata
837 3708 919 3788 sibi
948 3707 1162 3807 assignare
1191 3727 1254 3786 oa·

154 3835 289 3908 strum
329 3832 365 3906 Β
381 3857 407 3908 u
423 3833 448 3910 d
464 3857 529 3910 ue
571 3839 614 3910 et
642 3833 733 3910 eius
762 3815 1024 3918 districtum,
1050 3853 1102 3907 ac
1129 3827 1253 3904 ctiam

155 3951 323 4052 triginta
352 3960 529 4054 quatuor
555 3951 719 4043 salinas,
747 3977 856 4054 quac
885 3949 1056 4027 fuerunt
1075 3945 1253 4028 condant

154 4069 557 4164 dominiflaisaffi
584 4071 637 4152 de
652 4072 816 4153 ducatis
845 4080 984 4150 autem
999 4069 1129 4160 mille,
1144 4092 1253 4170 quos

154 4190 355 4295 petebant
381 4195 591 4276 annuatim
618 4216 700 4299 pro
731 4192 949 4274 Cataro
979 4198 1026 4270 et·
1048 4189 1254 4278 districtu,

1008 4314 1050 4377 15
