3206 5110
335 385 403 458 234

336 594 491 692 stadio,
521 592 634 697 quod
662 593 844 672 electum
873 590 967 678 erit,
995 593 1108 696 quod
1137 593 1237 674 velit
1264 594 1348 672 boc
1371 619 1429 672 as·

337 740 519 804 sumere,
547 738 641 797 cum
669 719 816 793 nostra
840 713 1072 792 dominatio
1089 713 1215 794 faciet
1228 714 1430 802 similiter,

337 841 514 939 accepta
546 834 710 948 licentia
739 836 789 912 ab
818 857 871 912 eo
901 835 1043 914 redire
1070 834 1258 914 debeatis
1286 835 1336 912 ad
1364 859 1429 914 ve·

337 965 468 1036 strum
501 957 713 1056 regimen,
753 979 829 1032 nos
858 958 911 1035 de
940 955 1132 1036 omnibus
1161 959 1316 1036 secutis
1343 957 1428 1059 ple·

189 1113 194 1124 ¹
337 1079 510 1158 nissime
551 1079 827 1156 informando.
881 1075 926 1154 Si
963 1101 1065 1156 vero
1108 1078 1177 1156 de·
1201 1078 1429 1181 praedictis
1579 1163 1580 1172 Ν

337 1223 421 1280 trun
450 1207 782 1288 contentaretur,
811 1201 1001 1280 volumus
1028 1207 1071 1276 ut
1100 1200 1339 1302 procuretis
1364 1199 1431 1275 lra-

337 1321 441 1403 bere
468 1322 731 1402 sufferentias
758 1345 835 1422 per
863 1321 964 1398 illud
994 1343 1116 1421 qaam
1147 1319 1309 1420 lougius
1330 1327 1429 1398 tem·
1579 1297 1580 1312 ³

338 1469 415 1549 pus
444 1443 664 1548 poteritis,
694 1441 846 1544 quibus
873 1441 1055 1520 obtentis
1082 1437 1148 1518 uel
1177 1465 1286 1524 non,
1314 1441 1428 1518 uolo·
1483 1523 1485 1534 ,

339 1589 428 1642 mars
456 1573 502 1642 ut
528 1566 670 1644 redire
697 1561 884 1642 debeatis
924 1562 975 1640 ad
1003 1569 1189 1642 vestrum
1228 1563 1430 1660 regimen,
1579 1633 1580 1636 ,

337 1691 526 1762 nostrum
555 1683 783 1762 dominium
813 1682 867 1759 de
894 1683 1085 1764 omnibus
1113 1681 1352 1784 plenissime
1377 1682 1431 1758 in·
1579 1745 1580 1790 ι

339 1802 574 1882 formando.
614 1801 855 1882 Nomina
884 1811 1075 1880 nutem
1106 1800 1359 1888 illorum,
1390 1801 1428 1878 io

339 1923 491 2028 quibus
530 1932 672 2004 nostra
713 1923 944 2002 dominatio
994 1947 1040 2000 se
1083 1923 1429 2023 compromittere
1579 1903 1580 1992 ἶ

339 2051 623 2131 contentatur,
651 2049 746 2122 sunt
774 2045 893 2136 baec,
921 2044 1137 2124 videlicet:
1177 2044 1406 2146 Impera
1424 2084 1431 2096 ·

338 2175 432 2242 tor
483 2163 1086 2270 Constantinopolis,
1139 2163 1429 2264 princeps

336 2284 1430 2390 Acbaie,despotusdauin.ae,comes

337 2402 1429 2506 NicolausSegnae',comunitaslllo·
1579 2511 1580 2515 ,

339 2526 593 2616 rentiae,
622 2529 959 2606 comanitas
987 2526 1323 2614 sennarum,
1352 2549 1431 2602 co·

339 2647 594 2726 munitas
633 2649 981 2732 Ancbouae,
1028 2648 1204 2749 quilibet
1243 2643 1428 2723 domino·

340 2791 430 2844 rum
459 2766 516 2844 de
542 2769 898 2857 Malateslis,
927 2769 1107 2848 studium
1135 2767 1431 2850 Bononiae.

340 2897 382 2966 et
408 2888 589 2966 studium
616 2885 954 2970 Senn'arum.
1000 2891 1053 2968 lu
1079 2891 1115 2967 si
1142 2889 1277 2967 dictus
1303 2887 1433 2967 domi·

338 3034 415 3086 nus
443 3009 766 3109 Georgius,
808 3013 1101 3093 introduceret
1136 3009 1432 3088 dominum

340 3129 488 3208 Sand
505 3155 528 3208 a
544 3131 585 3208 li
611 3155 691 3234 pro
721 3134 873 3220 medio,
900 3133 1014 3235 quod
1044 3141 1223 3214 attamen
1246 3155 1329 3209 oon
1346 3153 1435 3208 cre·

336 3251 502 3338 dimus,
531 3251 720 3330 volumus
748 3261 792 3331 ut
820 3278 916 3332 cam
944 3253 1022 3332 illis
1052 3253 1242 3332 honestis
1269 3261 1314 3329 et
1340 3275 1437 3354 pru·

339 3369 531 3448 dontibus
559 3369 723 3464 verbis,
752 3395 860 3473 quae
887 3379 1026 3450 restra
1052 3373 1259 3475 sapientia
1286 3371 1436 3452 dicere

339 3491 472 3580 sciet,
513 3515 607 3570 cum
647 3491 699 3570 sit
740 3517 833 3572 cum
863 3493 987 3573 dictis
1015 3493 1196 3572 dominis
1232 3491 1437 3570 altinitate

339 3611 485 3695 stricto
528 3611 799 3702 coniunctus,
848 3623 890 3693 et
930 3612 1082 3692 lrabeat
1121 3615 1162 3694 in
1203 3611 1436 3714 gubernem

339 3733 508 3813 filias
538 3733 1034 3816 condamdomini
1063 3733 1435 3826 Rulsae‚inter·

339 3855 595 3958 positionem
620 3859 709 3936 sire.
725 3859 1140 3963 compromissarlum
1158 3855 1257 3936 dicti
1273 3855 1433 3934 domini

340 3975 508 4056 Sandali
537 4003 737 4058 recusare
766 3979 965 4060 debeatis.
1019 3983 1197 4082 insuper
1231 3978 1328 4080 quia
1357 4001 1436 4078 per
1576 3965 1578 4004 ¹

340 4097 502 4174 litteras
530 4101 772 4204 nuperrime
800 4100 988 4192 habitas,
1031 4126 1052 4175 a
1094 4099 1249 4180 comite
1287 4105 1433 4174 nostro

341 4211 482 4294 Catari
508 4218 723 4299 informati
750 4245 916 4308 sumus,
950 4220 1064 4322 quod
1107 4241 1186 4324 per
1224 4242 1263 4295 m
1281 4223 1435 4296 elroe
