3236 5108
141 645 563 750 minusdtripoterit,
592 649 795 750 usquead
822 645 1094 748 quantitatum
1123 667 1238 747 prae·

140 769 296 848 dictam
323 772 572 850 ducatorum
602 769 729 849 mille.
792 843 793 848 a
905 843 907 848 ,

247 921 309 1001 A'd
337 925 602 1002 ultimum
643 925 990 1028 capitulum,
1019 947 1098 1031 per
1125 923 1238 1027 quod

140 1047 259 1146 petit,
289 1043 458 1146 quodsi
488 1066 588 1120 suus
618 1053 801 1148 pater,
831 1047 898 1122 vel
925 1038 1121 1124 dominus
1147 1045 1236 1122 Ge·

141 1163 311 1264 orgiu
326 1190 366 1252 s,
404 1165 473 1240 vel
502 1163 697 1243 dominus
724 1164 919 1262 llalsa,
963 1162 1133 1241 barbani
1160 1167 1237 1251 sni,

140 1283 408 1388 accepissent
423 1285 590 1387 aliquid,
617 1287 685 1363 rel
714 1285 983 1367 offendissent
1010 1285 1134 1365 alicui
1156 1271 1234 1362 ile·

9 1453 10 1456 κ
139 1413 257 1490 neto,
286 1405 398 1506 quod
426 1413 607 1510 propter
634 1408 785 1486 dictam
816 1429 982 1484 causam
1004 1405 1083 1484 sibi
1109 1402 1236 1484 nichil

141 1525 226 1605 dici
253 1526 411 1629 possit3
450 1530 676 1630 procurari
704 1529 859 1608 debeat
887 1551 965 1630 per
992 1527 1232 1630 collegium,

141 1643 256 1746 quod
298 1643 396 1723 dicti
433 1647 755 1727 ambassiatores
800 1649 1145 1727 condescendant
1185 1649 1235 1725 ad

141 1764 367 1842 essendum
397 1775 647 1856 contentos,
688 1769 803 1871 quod
833 1793 916 1844 non
940 1767 1081 1879 possit
1110 1767 1235 1844 mole·

139 1885 242 1964 stari
270 1885 323 1962 de
351 1887 611 1987 provisione,
642 1914 765 1990 quam
792 1885 870 1966 sibi
897 1889 1105 1980 daremus,
1134 1899 1176 1969 et
1202 1891 1236 1968 si

140 2011 344 2108 poterunt
373 2005 569 2086 obtinere
599 2009 895 2110 benequidem,
913 2009 1078 2111 quando
1098 2015 1236 2087 autem

140 2123 339 2202 obtinere
353 2150 438 2201 non
465 2137 653 2230 possent,
682 2129 1029 2208 condescendere
1058 2137 1236 2233 possunt

9 2347 10 2350 Ν
140 2241 191 2320 ad
234 2240 457 2324 essendum
484 2248 537 2325 de
577 2249 650 2326 illo
694 2257 922 2338 contento,
965 2249 1235 2328 considerato

141 2363 256 2468 quod
297 2389 507 2468 nunquam
549 2371 817 2448 terminatum
859 2369 959 2459 fuit,
1002 2370 1115 2476 quod
1144 2371 1234 2474 ipse

140 2484 336 2566 dominus
365 2487 574 2588 Georgius
600 2491 655 2568 sit
678 2489 852 2576 ‚debitor
880 2489 1017 2568 alicui.

242 2641 296 2721 m
323 2607 357 2722 si
385 2641 598 2722 habebunt
626 2645 726 2724 dicti
764 2645 1085 2726 ambassiatores
1115 2645 1234 2728 liber·

9 2855 10 2882 }
140 2771 269 2844 tatem
300 2763 670 2845 condescendendi
696 2765 748 2844 ad
774 2767 873 2844 istas
900 2764 1234 2846 modificationes
1261 2811 1269 2829 ·

9 2891 11 2986 J
139 2909 221 2988 per
248 2909 329 2962 nos
356 2886 508 2976 iactas,
539 2887 819 2968 concludatur
848 2909 941 2966 cum
971 2887 1098 2968 eisin
1126 2885 1235 2966 bona

9 3009 11 3020 ’
139 3007 287 3105 gratia.
317 3005 387 3082 si
414 3030 520 3085 vero
549 3007 742 3087 dicerent
768 3033 853 3088 non
880 3007 1039 3086 habere
1069 3007 1233 3086 liberta·
1369 3023 1375 3042 '

138 3110 250 3210 tem,
279 3133 377 3204 tunc
405 3126 566 3206 dicatur
594 3128 708 3230 quod
734 3129 811 3208 ista
841 3137 905 3208 cst
933 3136 1077 3206 nostra
1105 3126 1235 3207 finalis

139 3247 344 3334 intentio,
385 3256 427 3326 et
453 3237 683 3354 propterea
723 3265 901 3352 possunt
928 3275 1006 3353 pro
1035 3249 1233 3330 habendo

140 3365 400 3444 volunlatem
430 3369 586 3448 domini
614 3371 835 3450 suiinboc
864 3371 1109 3475 disponere,
1138 3391 1232 3455 eun·

137 3491 195 3566 do
226 3488 291 3564 rel
320 3489 563 3580 scribendo,
591 3493 823 3570 secundum
853 3493 966 3594 quod
995 3492 1056 3568 eis
1077 3488 1231 3566 videbi·

23 3672 33 3696 ,
136 3619 209 3687 tur
238 3615 279 3684 et
307 3609 504 3710 placebit.
537 3657 581 3668 —-
612 3613 663 3690 de
691 3623 811 3718 parte
839 3617 901 3690 [19.

246 3765 327 3844 Ser
352 3767 600 3846 lohannesa
621 3769 794 3845 Booolis
821 3768 920 3846 vult:
949 3767 1051 3866 Quia
1081 3764 1231 3842 exami·
1356 3827 1362 3838 ,

134 3888 245 3966 natis
271 3885 380 3965 bene
412 3887 604 3966 omnibus
621 3913 730 3990 quae
757 3887 1151 3970 examinandasunt,
1179 3883 1231 3960 de

135 4007 229 4086 istis
256 4007 378 4087 lactis
408 4007 588 4098 Scortari,
615 4017 658 4088 et
673 4007 890 4112 potissime
918 4005 1051 4110 pactis
1075 4013 1231 4083 etcon·

135 4128 382 4223 ditionibus
413 4153 506 4207 oum
537 4130 686 4232 quibus
715 4128 1037 4206 ambassiatores
1067 4123 1230 4201 domi·

9 4319 10 4348 p
135 4251 192 4329 ni
220 4250 472 4351 Georgii
509 4250 578 4352 qui
606 4249 675 4327 hio
702 4256 819 4336 suntt
844 4248 987 4327 dicrmt
1014 4247 1105 4350 ipsa
1134 4247 1229 4322 loca

9 4421 11 4492 ᾗ
135 4371 263 4450 nobis
289 4373 390 4448 dare
420 4395 557 4474 posse,
584 4393 668 4448 uon
699 4371 861 4450 laceret
890 4393 970 4472 pro
999 4365 1213 4453 nobisne
1346 4465 1351 4468 -
