3234 5116
1221 465 1286 542 119

193 672 264 750 xio
293 671 572 772 conveniente
613 693 737 749 como
769 694 791 744 e
820 679 968 754 zusto;
1011 695 1034 748 e
1063 671 1143 748 ohe
1171 670 1213 748 in
1242 671 1282 746 Ιο

190 790 278 867 dito
319 797 467 866 nostro
513 811 646 886 regno
678 815 701 864 e
732 789 769 864 in
815 787 1028 867 chadauna
1071 798 1189 892 parte
1230 791 1282 868 de

191 909 348 1011 queiio,
363 911 414 986 da
444 909 453 982 i
484 908 637 1008 prediti
667 908 1030 988 favoreroimente
1048 933 1071 983 e
1090 911 1282 1008 benigna·

192 1037 330 1104 mento
367 1027 542 1107 tractadi
571 1054 593 1105 e
621 1029 846 1128 gnardadi;
888 1056 911 1106 e
943 1031 982 1106 in
1012 1053 1120 1106 caxo
1161 1029 1241 1108 che
1271 1011 1287 1104 i'

188 1148 343 1250 prediti
382 1147 589 1226 Viniciani
631 1146 758 1224 soditi
796 1145 960 1226 eiideti
1002 1145 1069 1224 dei
1111 1147 1281 1250 prefato

190 1265 341 1344 misser
370 1268 409 1342 io
439 1264 550 1342 doxe
580 1290 603 1341 e
632 1265 699 1342 dei
729 1289 883 1360 comun
913 1265 964 1342 de
992 1265 1184 1354 Vinexia‚
1213 1291 1282 1341 vo-

191 1387 302 1464 lasse
331 1409 530 1491 comprar
558 1387 598 1464 in
616 1389 655 1463 io
672 1387 758 1467 dito
790 1393 939 1466 nostro
974 1413 1120 1490 regno,
1138 1415 1163 1466 o
1180 1413 1282 1466 vero

189 1510 228 1584 in
257 1509 406 1608 alguna
423 1515 542 1610 parte
570 1505 621 1584 de
639 1508 792 1607 quello,
809 1531 904 1586 casa
921 1532 1026 1584 over
1049 1533 1160 1596 case,
1178 1533 1283 1586 over

190 1627 373 1708 fabricar
401 1656 427 1706 o
457 1629 519 1707 iar
548 1627 728 1708 fabricar
759 1654 854 1708 casa
885 1653 990 1705 over
1020 1653 1129 1716 oasa,
1149 1631 1201 1708 de
1229 1633 1284 1734 pi·

191 1773 263 1828 era
300 1752 406 1828 ode
437 1752 642 1851 tegname,
683 1773 803 1826 semo
834 1747 1018 1826 contenti
1048 1775 1071 1826 e
1103 1749 1285 1827 veterno.

190 1871 269 1948 che
299 1879 447 1972 questo
492 1896 676 1972 possano
721 1870 782 1948 far
827 1894 1088 1972 eoomprar,
1119 1871 1157 1948 ie
1187 1869 1283 1976 quai

190 1999 434 2070 veramente
465 2017 577 2080 case,
604 1991 640 2067 si
669 1991 721 2068 de
741 1991 933 2090 tegname
963 2015 1088 2070 como
1121 1989 1172 2066 de
1201 1989 1283 2092 pie·

191 2134 250 2208 ra,
293 2111 330 2192 ia
358 2112 454 2212 quai
485 2137 510 2188 o
541 2112 578 2187 ie
608 2109 702 2212 quai
732 2110 743 2186 i
772 2111 1009 2186 h-avesseno
1037 2109 1281 2212 comprade

189 2254 295 2308 over
323 2229 537 2310 fabricade
567 2257 592 2308 o
612 2231 696 2308 fate
727 2227 923 2314 fabricar,
951 2233 1011 2308 sia
1041 2255 1117 2306 soe
1148 2228 1281 2308 iibere

189 2357 231 2428 et
266 2349 462 2452 expedite
490 2375 613 2426 senza
655 2351 801 2448 alguna
846 2349 1155 2434 contradicim,
1185 2377 1208 2426 e
1236 2349 1276 2428 di

188 2469 279 2548 suoi
309 2469 457 2548 heredi
488 2496 509 2544 e
540 2471 770 2548 succesori.
804 2469 909 2548 item
927 2479 1210 2574 promettemo
1244 2471 1283 2578 ai

188 2589 391 2668 sornditto
436 2589 585 2666 misser
612 2587 699 2668 Zan
727 2588 870 2677 Zorzi,
898 2591 1178 2669 arnbassiator
1213 2589 1280 2668 dei

189 2711 354 2816 prefato
393 2713 546 2790 misser
576 2713 616 2790 Ιο
646 2712 759 2790 doxe
788 2740 811 2787 e
840 2712 905 2788 det
936 2736 1090 2790 cornnn
1121 2712 1172 2788 de
1201 2709 1279 2787 Ve-

189 2831 408 2920 nixia.ohe
437 2831 506 2912 nni
533 2832 909 2933 provedremoesi
940 2832 1180 2909 fattamente
1211 2857 1279 2907 co·

189 2953 447 3036 mandremo,
476 2975 498 3026 a
527 2951 619 3028 tutti
634 2952 765 3028 nostri
796 2949 944 3032 baroni
972 2952 1085 3029 conti
1116 2949 1274 3028 rectori

189 3071 408 3152 castellani
437 3071 614 3174 zuppani
643 3071 811 3149 ziudexi
840 3079 881 3148 et
909 3097 931 3148 a
961 3074 1036 3152 tuti
1067 3073 1159 3150 altri
1192 3067 1277 3148 offi-

191 3193 286 3270 ciati
309 3213 331 3266 a
355 3192 392 3268 la
419 3214 538 3269 sacra
567 3197 711 3270 nostra
738 3215 935 3269 coronae
961 3189 1277 3270 comandamen-

190 3325 232 3392 to
261 3315 500 3414 sotoposti.
530 3311 600 3392 chi
629 3313 781 3414 prediti
810 3315 1028 3393 Veniciani
1074 3311 1225 3392 subditi
1257 3339 1279 3389 e

191 3419 316 3510 fedeli
357 3433 424 3510 dei
465 3433 629 3536 prefato
669 3435 816 3514 misser
846 3437 887 3511 io
917 3437 1029 3522 doxe
1059 3461 1082 3512 e
1112 3434 1277 3529 deico-

191 3551 353 3632 munde
371 3551 591 3640 venientia,
608 3553 826 3656 regnando
852 3554 999 3631 stando
1018 3580 1040 3630 e
1058 3553 1278 3660 pertendo,
1341 3654 1344 3662 Ι

192 3697 317 3755 como
339 3663 472 3752 edito
499 3701 592 3754 curn
610 3684 696 3756 tute
725 3702 801 3754 suo
830 3675 1115 3754 mercadantie
1133 3699 1155 3752 e
1171 3674 1279 3762 beni,

189 3797 229 3874 in
261 3796 301 3872 Ιο
329 3800 477 3872 nostro
519 3817 654 3894 regno
685 3805 727 3873 et
754 3797 792 3873 in
823 3793 1038 3874 ohadauna
1080 3803 1199 3896 parte
1226 3796 1279 3872 de

191 3907 348 4018 quatio}
366 3941 515 3994 nerano
545 3917 744 4016 guardadi
774 3941 851 4020 per
880 3919 1023 4013 modo,
1053 3913 1130 3994 che
1159 3937 1275 4014 segn-

191 4043 379 4113 ramente
407 4035 554 4134 vegnir
582 4045 666 4114 star
695 4037 865 4138 partiri
895 4024 1280 4136 porranno,segon·

189 4157 244 4234 do
274 4157 339 4232 ior
366 4156 607 4244 voiuntade‚
635 4179 729 4234 cum
758 4164 845 4234 tute
874 4179 950 4232 suo
995 4155 1277 4234 marcadantie
1357 4207 1360 4216 ·

190 4275 352 4354 ebeni.
405 4273 509 4356 Ein
540 4301 637 4354 caso
669 4276 748 4354 che
778 4300 800 4350 a
830 4277 895 4354 tor
924 4302 1029 4388 over
1070 4277 1119 4352 ad
1158 4277 1278 4378 aigun
