3192 5112
1221 370 1269 440 'td

178 583 365 684 Hetyae‚
403 583 517 687 quod
556 608 658 662 rex
696 581 1062 683 Htrngariae,
1101 605 1181 685 pro
1222 589 1268 660 nt

180 713 327 786 uotum
354 715 417 784 est
442 707 519 810 ipsi
549 707 674 790 bano,
702 705 812 784 misit
846 729 946 784 snos
974 703 1268 782 ambaxatorss

178 825 376 902 Venetias
417 849 497 928 pro
538 833 716 905 tractatu
759 824 992 904 concordii.
1042 822 1119 922 Qui
1159 822 1268 901 inter

180 946 260 1022 aiis
285 943 483 1022 volebant
509 944 631 1023 nobis
659 945 760 1022 dare
789 945 921 1023 iibere
949 945 1158 1024 civitatem
1187 942 1215 1019 J
1230 965 1265 1020 a·

180 1069 331 1152 drae,
358 1073 487 1169 prout
508 1063 731 1168 petebatur
756 1089 835 1169 per
862 1089 952 1150 nos,
979 1075 1042 1144 set
1068 1065 1268 1150 volebant

181 1187 295 1288 qnod
336 1187 442 1263 aliae
482 1195 621 1264 terrae
662 1193 834 1264 nostrae
888 1183 1267 1270 §slavonios

180 1307 446 1386 remanerent
486 1308 601 1409 regi,
642 1307 782 1412 quod,
819 1309 853 1384 si
889 1308 942 1384 de
969 1307 1199 1385 relaxando
1227 1305 1266 1383 ei

180 1431 360 1532 aliquam
388 1431 592 1509 dictarum
633 1439 855 1516 terrarum,
891 1428 1083 1534 protinus
1110 1435 1199 1504 erat
1226 1437 1267 1504 et

181 1557 243 1628 est
272 1558 420 1627 eontra
461 1549 738 1628 intentionem
778 1557 975 1627 nostram.
1028 1547 1187 1624 Verum
1215 1571 1266 1623 ex

180 1677 300 1770 parte
328 1677 469 1746 nostra
495 1668 752 1759 volebamus,
780 1670 1013 1748 seeundum
1047 1673 1267 1746 tractatum

179 1814 258 1896 per
285 1791 439 1870 dietum
469 1791 684 1869 dominnm
712 1790 864 1869 benum
893 1789 1133 1868 hobitumin
1151 1809 1268 1866 exer·

183 1912 294 1998 oitu,
335 1909 435 1989 dare
476 1934 609 2012 nsque
649 1912 700 1989 ad
743 1913 1014 2013 quantitatem
1062 1909 1267 2013 pecuniae

178 2031 423 2134 promissam
450 2053 530 2134 per
559 2054 687 2120 eum,
714 2038 759 2108 ut
786 2032 904 2112 daret
923 2096 927 2104 .
943 2031 1065 2110 nobis
1099 2025 1268 2107 Jadrom

182 2153 330 2239 iibere,
357 2161 402 2230 ut
430 2157 494 2229 est
520 2152 701 2239 diotum;
731 2153 926 2230 nolentes
955 2153 1005 2230 ad
1034 2151 1145 2228 oiiud
1174 2174 1267 2229 eon·

182 2276 453 2353 descendere.
480 2273 534 2352 nt
559 2276 620 2353 sio
647 2273 828 2353 finaliter
851 2299 933 2351 non
961 2275 1148 2351 valentes
1175 2295 1269 2348 ease

182 2395 551 2474 concordesenm
593 2399 678 2484 eis,
717 2397 897 2472 maxime
939 2396 1034 2496 quia
1073 2393 1269 2471 dicebant

181 2541 266 2594 non
294 2514 450 2593 habere
491 2519 726 2594 mandatum
757 2517 1029 2619 adplenum,
1058 2513 1108 2590 ad
1134 2511 1269 2614 requi·

180 2635 375 2714 sitiouem
403 2645 445 2713 et
472 2637 704 2715 instantiam
733 2635 1269 2740 ipsorumambaxatorum

180 2755 454 2860 promisimus
496 2757 662 2834 mittere
702 2765 889 2834 nostram
931 2753 1190 2834 ambaxatam
1219 2753 1269 2829 ad

178 2877 315 2978 ipsum
355 2899 527 2976 regem;
568 2899 703 2978 quam,
730 2878 924 2955 nolentes
971 2898 1051 2976 pro
1102 2873 1270 2951 honore

177 3003 328 3075 nostro
371 2995 556 3076 deficere
585 2999 625 3074 in
652 2997 891 3100 promissis,
929 2997 1007 3074 iam
1035 2993 1270 3098 paravimus

179 3127 221 3196 et
260 3120 301 3195 iu
343 3117 461 3196 brevi
499 3119 667 3198 missuri
710 3143 881 3210 sumus,
931 3141 1014 3195 oon
1055 3115 1105 3193 ad
1146 3113 1269 3192 alium

181 3239 331 3335 tinem,
361 3265 440 3318 nea
470 3265 563 3318 eum
601 3241 679 3318 oiia
715 3239 973 3334 intentione,
1017 3236 1097 3314 nisi
1138 3234 1188 3311 ad
1214 3235 1268 3310 vi·

180 3357 374 3456 dandum,
403 3360 439 3436 si
465 3359 505 3438 id
534 3359 646 3462 quod
674 3382 752 3463 per
778 3383 878 3436 suos
905 3356 997 3435 tieri
1024 3379 1106 3432 non
1124 3343 1271 3457 'potuit

169 3479 364 3560 *deffectu
406 3480 609 3564 mandati,
652 3478 848 3557 videlieet
884 3480 936 3556 de
974 3476 1110 3554 dando
1148 3474 1270 3550 nobis

179 3599 351 3678 dadram
393 3623 472 3703 pro
513 3597 584 3674 ilia
625 3599 850 3700 quantitate
897 3597 1131 3700 pecuniae,
1178 3588 1270 3669 fieri

179 3725 311 3801 vellet
350 3743 429 3824 per
468 3718 682 3797 dominnm
727 3742 898 3821 regem,
935 3739 988 3794 ne
1026 3713 1271 3794 ostendatur

179 3869 258 3950 pro
298 3849 418 3946 parte
459 3849 603 3920 nostra
645 3842 834 3922 recusari
876 3835 1182 3928 concordium,
1229 3842 1271 3913 et

181 3967 296 4070 quod
336 3965 512 4044 velimus
539 3989 615 4040 nos
642 3961 861 4042 retrahere
899 3963 949 4038 ab
978 3961 1027 4038 iis
1056 3983 1163 4062 quae
1190 3958 1269 4034 iam

180 4085 451 4192 promisimus
480 4083 593 4162 alias.
640 4084 692 4162 nt
719 4085 818 4162 licet
846 4105 963 4158 mens
989 4089 1134 4160 nostra
1162 4079 1272 4155 toret

187 4215 383 4290 contenta
424 4209 535 4286 omui
576 4215 795 4311 tempore,
838 4227 932 4282 esse
970 4203 1008 4281 in
1044 4202 1201 4281 unitate
1230 4209 1272 4279 et
