3206 5110
1224 364 1227 370 '
1238 352 1303 420 ott

6 639 11 654 ,
59 641 63 646 ,
196 557 308 646 duci,
337 557 507 662 domino
535 555 791 660 patriarche,
807 555 1138 660 archiepiscopo
1153 521 1231 636 suo
1261 567 1304 636 et

199 678 346 756 comiti
377 677 491 756 omni
519 699 657 786 annog
690 678 1014 780 propterquod
1045 677 1302 759 benedictio·

148 893 152 900 ,
200 823 295 876 nem
326 799 533 900 recipient
560 821 795 901 yperpcros
825 805 937 886 tres,
979 821 1104 875 unum
1134 821 1156 873 o
1184 797 1306 876 nobis

202 919 324 1003 duce,
354 920 532 1000 aiterum
562 917 612 994 nb
643 919 985 1022 archiepiscopo,
1013 925 1057 997 et
1086 917 1256 997 tertium
1286 943 1307 994 o

5 993 10 1040 Ξ
153 1081 156 1086 ¹
202 1040 369 1118 comite.
425 1041 648 1120 Habebunt
691 1065 864 1142 quoqne
900 1038 1098 1152 Ragusini
1135 1063 1309 1141 semper

202 1163 403 1238 comitem
419 1167 462 1240 ct
491 1161 669 1240 comites
699 1160 751 1240 do
770 1161 962 1252 Venetia,
979 1187 1103 1264 quem
1133 1159 1199 1237 vel
1216 1182 1308 1260 quo·

203 1282 265 1358 les
293 1283 487 1361 dominus
516 1285 601 1360 dux
629 1308 725 1360 cum
754 1283 906 1380 mojori
936 1290 1054 1386 porte
1084 1281 1149 1358 sui
1177 1279 1308 1358 consi-

204 1399 248 1488 ni
276 1402 338 1477 eis
364 1402 464 1480 dore
492 1403 699 1496 voluerit,
741 1405 810 1504 qui
834 1399 1035 1500 Jurobunt
1065 1399 1306 1478 fidelitatem

206 1518 377 1598 domino
406 1521 514 1607 duci,
531 1531 585 1600 et
612 1522 935 1600 successoribus
962 1521 1064 1606 suis,
1091 1529 1134 1598 et
1161 1521 1223 1597 sio
1253 1519 1307 1594 fa·

205 1638 317 1718 cient
359 1667 507 1720 omnes
551 1645 728 1722 comites
756 1642 829 1746 qui
858 1649 981 1720 erunt
1008 1666 1087 1746 per
1115 1647 1306 1742 temporo

204 1759 242 1834 in
274 1771 536 1862 perpetuum.
587 1763 791 1842 lurabuut
820 1768 960 1840 eutem
990 1771 1032 1840 et
1062 1784 1209 1840 omnes
1236 1759 1310 1835 ho·

204 1880 337 1958 mines
380 1885 601 1960 comitatus
641 1909 665 1960 n
707 1881 936 1960 tresdecim
967 1882 1083 1960 annis
1113 1889 1154 1958 et
1184 1902 1310 1982 supro

204 1997 445 2080 fidelitatem
475 2001 647 2079 domino
675 2001 785 2098 duci,
803 2008 846 2078 et
869 1999 1196 2081 successoribus
1212 1998 1310 2088 suis,

204 2125 246 2195 et
274 2117 362 2222 ips'a
377 2119 585 2200 fidelitatis
602 2127 864 2199 sacramenta
880 2119 1147 2198 renovabunt
1173 2115 1308 2215 singu·

206 2238 255 2314 iis
285 2241 403 2316 aunis
431 2239 595 2319 decem.
637 2239 840 2318 lurobunt
868 2265 1040 2342 quoquc
1070 2239 1311 2318 fidelitatem

205 2360 352 2436 comiti
383 2384 530 2439 omnes
560 2369 601 2440 ct
629 2360 859 2440 comitibus
888 2359 1080 2438 omnibus
1109 2357 1311 2436 futurisin

203 2484 470 2586 perpetuum,
486 2482 599 2558 saiva
629 2480 827 2560 fidelitate
844 2481 1001 2560 domini
1029 2479 1147 2560 ducis
1175 2481 1224 2558 ud
1240 2479 1313 2556 ho·

204 2621 355 2677 norem
384 2600 564 2678 Venetie
591 2605 632 2678 et
661 2600 835 2678 satutem
865 2599 1168 2699 lingonicum
1198 2597 1312 2676 bono
1454 2590 1457 2598 ’

206 2717 443 2796 ethonore
473 2743 522 2796 oc
549 2719 782 2797 scitatione
810 2719 1006 2796 Venetie.
1053 2719 1105 2798 ut
1133 2719 1167 2794 si
1198 2719 1312 2798 forte
1341 2709 1354 2772 -'

206 2838 433 2938 contigerit
476 2841 692 2917 domiuum
735 2842 884 2918 ducem
928 2841 994 2915 vei
1034 2862 1311 2916 successores

205 2985 307 3037 snos
336 2959 560 3059 Rogusium
590 2959 826 3064 oripiicore,
870 2959 1080 3064 recipient
1114 2983 1209 3035 eum
1238 2959 1310 3036 ho·

206 3083 396 3168 noritioe,
422 3108 473 3163 ac
500 3081 614 3159 ilium
646 3085 938 3184 procurabunt
968 3080 1312 3158 etnuntiossuos

204 3206 410 3282 similiter.
463 3201 514 3281 ut
551 3202 585 3278 si
615 3201 809 3280 dominus
837 3203 921 3278 dux
959 3199 1147 3279 voluerit
1175 3199 1314 3302 hospi-

80 3339 88 3350 '
147 3351 152 3362 ·
206 3327 282 3404 tori
311 3327 351 3404 in
380 3324 508 3400 domo
536 3320 906 3426 archiepiscopali.
933 3317 1108 3398 habebit
1137 3342 1229 3396 eom
1259 3319 1309 3394 od

203 3455 319 3518 sirum
347 3441 729 3534 honorificentiam,
760 3451 802 3520 ct
834 3443 1121 3520 voluntatem:
1159 3439 1221 3518 sin
1250 3465 1315 3516 nu·

205 3571 289 3639 tem
318 3563 486 3642 dabitur
515 3567 553 3642 ci
581 3566 733 3642 domus
764 3563 1034 3660 honorabilis
1063 3563 1313 3663 usquedum

205 3685 370 3762 steterit
407 3683 489 3760 ibi:
517 3695 560 3763 et
586 3685 747 3762 nuntiis
777 3685 863 3762 suis
893 3682 1115 3762 decentem
1144 3687 1315 3762 domum

209 3825 286 3905 pro
317 3790 503 3904 hospitio
534 3805 820 3903 assignabunt.
874 3803 929 3880 Et
967 3802 1165 3904 quotiens
1208 3803 1315 3882 fece·

211 3923 262 4000 rit
289 3926 464 4001 Venetia
507 3927 744 4004 exercitum
774 3947 908 4026 usque
945 3921 1197 4020 Dyrechium
1227 3931 1318 4001 eto

210 4041 421 4148 Dyrachio
439 4051 480 4122 et
496 4044 603 4122 inira
621 4069 755 4147 nsque
771 4041 1063 4130 Brundusium,
1080 4051 1121 4121 et
1138 4069 1160 4119 a
1190 4043 1318 4120 Brun·

211 4168 388 4250 dusioet
401 4163 819 4254 infro,sicutVenetio
837 4163 978 4264 faciet,
991 4163 1228 4344 siogzcient
1244 4161 1317 4242 ua·
1391 4237 1393 4244 ,
