3220 5118
257 277 264 292 Ι

362 567 485 648 quam
518 553 704 626 nostram
721 543 1057 649 promissionem
1081 557 1221 624 sumus
1256 544 1448 651 dispositi

362 666 529 769 penitus
557 666 797 753 observa1·e;
827 673 869 742 et
892 663 1170 744 consideratis
1193 665 1327 744 dubiis
1342 691 1448 770 quae
1597 751 1602 758 ,

276 813 322 844 ··
358 783 597 889 potuissent
624 805 868 874 occurrere,
895 781 930 858 si
958 785 1109 862 dictam
1140 785 1447 865 ciuitatemnon

360 905 755 1008 acceptavissemus,
782 928 857 981 sua
884 906 1188 1004 magnificentia
1215 906 1267 984 de
1285 909 1357 985 tali
1384 931 1448 986 ac·

360 1027 603 1128 captatione
635 1026 788 1104 merito
817 1025 943 1108 debet
972 1051 1193 1107 remanere
1234 1033 1450 1116 contenta,

361 1149 456 1248 quia
485 1148 692 1224 existente
720 1146 831 1224 dicta
859 1153 974 1225 terna
1004 1147 1045 1224 in
1061 1148 1250 1226 manibus
1278 1147 1448 1232 nostris,

359 1273 538 1370 propter
573 1290 761 1346 amonem
790 1267 858 1367 qui
887 1274 951 1344 est
976 1268 1095 1346 inten-
1121 1291 1237 1345 suum
1264 1263 1445 1366 magnifi-

361 1389 541 1466 centiam
570 1393 817 1464 etnostrum
846 1385 1085 1477 dominium,
1116 1393 1258 1491 potest
1285 1392 1444 1492 reputa·

361 1531 408 1626 ιι
436 1507 610 1586 eundem
641 1507 801 1586 esseio
829 1506 1019 1584 manibus
1045 1507 1143 1586 suis.

463 1627 528 1706 Ad
568 1651 748 1706 secun
766 1627 830 1702 da
865 1627 1059 1731 capitula,
1086 1654 1163 1732 per
1191 1651 1298 1730 quae
1324 1626 1439 1731 petit.

217 1743 219 1754 '
360 1757 405 1865 nt
432 1750 571 1826 eidem
598 1749 882 1826 concedamus
909 1750 1084 1830 Antiv
1098 1773 1270 1836 acum,
1310 1749 1443 1826 Bud-

269 1889 277 1904 ⁴
359 1891 477 1944 vam
505 1875 548 1944 et
574 1865 815 1944 Zentam
843 1869 1112 1971 superiorem
1141 1873 1183 1944 et
1209 1875 1291 1948 cet.
1345 1865 1442 1944 Res·
1547 1887 1548 1890 ‘

359 1989 604 2090 pandemus:
632 1989 746 2088 quud
774 1989 996 2067 dictaloca
1028 1987 1338 2091 acceptavimus
1361 1984 1440 2086 sub

358 2112 629 2213 protectione
668 2115 838 2198 nostra,
879 2117 921 2186 et
948 2133 1091 2210 comes
1130 2115 1173 2186 et
1200 2106 1443 2211 capitaneus
1497 2130 1500 2136 ’

360 2235 508 2308 noster
534 2229 795 2316 Santoni,
821 2227 1060 2308 hominibus
1090 2228 1297 2308 dictorum
1327 2229 1441 2307 loco·

360 2349 695 2454 compromisit,
737 2351 850 2450 quod
879 2373 955 2428 eos
984 2349 1181 2428 continue
1210 2345 1441 2432 tenebimus

359 2477 402 2548 et
429 2469 774 2570 conservabimus
801 2469 878 2546 suh
906 2477 1053 2549 nostro
1081 2467 1291 2557 dominio,
1319 2492 1439 2572 quam

357 2588 684 2694 promissionem
711 2611 789 2689 pro
818 2591 983 2670 honore
1011 2593 1159 2668 nostro
1188 2589 1357 2670 omnino
1386 2589 1443 2692 iu·¹

358 2706 566 2814 tendimus
593 2707 832 2789 observare.
970 2745 971 2748 ι

459 2828 523 2912 Ad
551 2828 935 2910 iactumautem
963 2829 1302 2933 privilegii,
1328 2779 1438 2930 quod

358 2953 464 3056 petit
491 2949 845 3030 utconfinmemus
875 2951 988 3032 dicto
1017 2951 1188 3030 domino
1218 2949 1439 3032 sandali

358 3079 492 3152 ternas
533 3083 576 3152 et
603 3074 698 3152 ioca
739 3096 845 3174 quae
887 3073 1039 3162 habet,
1085 3081 1127 3150 et
1167 3074 1436 3176 posessiones

359 3216 459 3296 quas
487 3191 660 3276 habet·
648 3218 688 3270 ιιι
716 3191 974 3294 Ragusio
1005 3191 1084 3271 et
1073 3218 1112 3268 ιιι
1150 3191 1357 3286 insulis,
1399 3201 1440 3275 et

359 3309 471 3412 quod
500 3337 593 3390 cum
622 3336 807 3414 persona
822 3339 895 3392 sua
909 3312 1045 3416 possit
1063 3312 1209 3392 venire
1235 3307 1438 3398 Venetias

358 3432 477 3510 etad
505 3431 584 3510 alia
613 3433 706 3513 ioca
733 3440 890 3522 nostra,
919 3440 962 3512 et
987 3431 1208 3526 similiter,
1236 3430 1349 3534 quod
1376 3431 1438 3506 sui

357 3551 520 3654 possint
546 3554 690 3634 venire
719 3561 761 3631 et
788 3551 869 3631 sint
895 3553 1036 3632 securi
1060 3556 1105 3640 et
1133 3560 1214 3632 cet.
1253 3548 1435 3652 Respon·

244 3673 247 3680 ’
356 3672 516 3764 demtis,
544 3676 656 3776 quod
685 3674 765 3752 tale
793 3671 1059 3774 privilegium
1085 3695 1162 3774 per
1179 3695 1274 3752 eum
1302 3671 1437 3774 requi·

356 3791 478 3871 situm
505 3799 674 3874 nonest
697 3791 995 3882 necessarium,
1026 3791 1121 3893 quia
1150 3791 1261 3870 idem
1290 3789 1437 3890 magni·

357 3911 458 3992 ficus
487 3912 679 3996 dominus
720 3911 945 3992 Sandali
988 3917 1053 3988 est
1086 3910 1190 3994 civis
1218 3920 1262 3990 et
1287 3907 1434 3998 nobilis

358 4031 537 4132 civitatis
563 4040 733 4112 nostrae
759 4031 1056 4123 venetiarum,
1093 4040 1136 4108 et
1162 4037 1306 4134 potest
1332 4052 1434 4128 mag·

356 4147 477 4232 nifica
504 4176 687 4260 persona
712 4175 785 4230 sua
813 4158 857 4230 et
884 4177 1029 4234 omnes
1058 4151 1215 4238 subditi
1242 4150 1334 4238 sui.
1375 4172 1433 4230 vc·
