3192 5112
1208 381 1261 459 Q.

19 695 21 698 Ι
162 585 1253 688 carnotis,comitemMeiedinum(Ciis·

19 767 21 774 ,
161 707 304 810 siae)
336 707 364 784 J
377 709 570 788 odram
600 709 780 798 venisse,
808 713 1038 791 etcertum
1067 705 1253 788 amtaxa·

160 839 241 910 tem
266 831 350 908 sibi
387 830 542 908 iecisse
569 855 650 932 pro
679 836 799 932 perte
842 827 1088 911 comitis
1131 827 1252 910 Gre-

19 1031 20 1060 ÷
123 1049 126 1054 Ι
160 951 320 1049 gorii
360 961 404 1030 et
440 975 538 1038 sue,
580 949 846 1030 ostendendo
885 948 926 1030 in
969 949 1110 1032 verbis
1152 949 1254 1048 suis,

162 1071 273 1172 quod
304 1097 501 1151 comes
536 1071 873 1172 Gregorius
913 1069 1131 1152 Curiaci
1159 1095 1255 1152 cum

163 1191 237 1270 flu
251 1219 277 1272 n
293 1217 356 1292 ge
374 1218 394 1269 r
411 1194 457 1270 is
485 1195 510 1272 d
527 1219 551 1270 e
578 1195 616 1269 Τ
628 1196 639 1272 i
651 1217 676 1270 n
689 1193 701 1269 i
713 1219 737 1270 n
750 1217 788 1282 o,
817 1193 973 1272 iaciunt·
987 1193 1254 1277 coadunatio·

162 1335 256 1391 nem
285 1313 469 1411 gentium
498 1337 575 1416 pro
605 1311 911 1392 damnificando
942 1319 1078 1391 terres
1106 1330 1255 1396 eorum

163 1441 204 1508 et
233 1441 314 1509 cet
340 1432 518 1509 Videtur
546 1429 820 1536 sapientibus,
851 1434 962 1534 quod
993 1457 1087 1512 cum
1116 1433 1255 1514 dictus

163 1575 358 1630 comes
397 1554 734 1664 Gregorius
777 1577 871 1632 cum
912 1555 998 1632 suis
1041 1578 1094 1631 ex
1133 1561 1255 1658 purte

164 1698 262 1764 una,
299 1681 341 1751 et
379 1674 633 1753 comites
674 1672 1006 1752 Maledinus
1044 1681 1100 1751 et
1134 1672 1258 1753 Gre-

19 1817 22 1830 ·
164 1797 372 1894 gorius
414 1821 508 1874 cum
545 1796 632 1874 suis
662 1821 717 1872 ex
745 1797 900 1884 attere,
941 1797 1026 1876 siut
1052 1797 1258 1904 potentio·

165 1915 529 1994 reshomines
560 1915 954 2002 Scla'vouiee,
995 1915 1259 1993 utilissimum

19 2047 20 2088 ³
164 2046 276 2114 esset
315 2061 394 2139 pro
436 2035 549 2116 bono
593 2047 636 2116 et
675 2045 784 2115 stetu
826 2033 1007 2138 pacifico
1050 2043 1260 2113 terrorum

19 2233 20 2236 u
165 2159 842 2259 nostrerumetaiiarumpartium
857 2155 1120 2243 Sclaveniae.
1148 2156 1259 2258 quod

166 2277 274 2360 inter
301 2303 379 2356 eos
406 2285 518 2358 esset
548 2280 800 2375 concordia,
842 2279 983 2359 taliter
1010 2277 1124 2380 quod
1150 2277 1260 2355 rive·

170 2405 261 2476 rent
295 2399 534 2499 inquiete,
578 2407 772 2478 cessante
813 2401 923 2478 inter
964 2422 1040 2478 eos
1081 2395 1262 2499 quelibet

19 2599 21 2632 ‚
168 2517 362 2596 novitate.
389 2517 442 2596 ut
469 2523 699 2623 propterea
727 2520 956 2598 consulunt
985 2515 1262 2598 concorditer

19 2733 21 2752 μ
167 2639 380 2741 sapientes
425 2639 658 2743 praedicti,
701 2643 815 2744 quod
856 2641 1069 2719 scribetur
1119 2637 1263 2718 comiti

19 2755 21 2824 ἶ
168 2767 209 2837 et
236 2759 485 2840 consiliariis
513 2761 682 2856 dedi-se,
714 2764 826 2862 quod
854 2759 1080 2840 inteliectis
1109 2757 1263 2838 litteris

169 2879 267 2960 dicti
296 2885 462 2962 comitis
489 2883 821 2986 respondeamus
861 2882 935 2970 eis,
965 2880 1079 2983 quod
1108 2880 1160 2959 de
1189 2876 1265 2959 dis·

171 3002 314 3080 cordis
356 3009 400 3080 et
438 3004 611 3083 dissidio
661 3001 897 3104 vigentibus
947 3003 1058 3080 inter
1086 2997 1264 3079 comites

171 3122 425 3224 praedictos,
453 3123 647 3227 displicet
673 3122 796 3203 nobis
825 3123 1012 3218 muitum,
1030 3127 1072 3200 et
1087 3118 1267 3202 libenter

169 3243 373 3319 vellemus
403 3267 482 3342 pro
500 3244 623 3324 *bono
651 3251 761 3322 stetu
788 3242 1265 3322 terrerumnostrsrum

171 3363 283 3462 quod
314 3364 426 3440 nulia
452 3365 615 3444 novitas
646 3367 819 3446 cederet
847 3363 953 3440 intes
982 3383 1071 3448 eos;
1097 3363 1141 3436 et
1165 3354 1264 3436 ideo

172 3485 414 3562 mundamus
443 3487 529 3572 eis,
570 3488 684 3588 quod
726 3483 919 3562 studeant
955 3487 998 3558 et
1032 3481 1267 3582 procurent

172 3630 249 3707 per
286 3606 402 3682 iilum
444 3610 767 3686 convenientem
797 3613 840 3682 et
867 3603 1055 3680 destrum
1093 3594 1265 3674 modum

173 3725 363 3820 siriam,
393 3727 462 3830 qui
492 3754 641 3808 eorum
668 3725 959 3831 providentiae
998 3703 1264 3802 ridebuntur.

19 3929 24 3952 p
173 3845 287 3945 quod
315 3845 460 3956 ambae
487 3853 654 3950 partes,
695 3846 863 3926 scilicet
902 3861 1101 3921 comes
1141 3834 1266 3914 Gre-

173 3967 380 4068 gorius
424 3966 668 4048 Curisci
706 3973 750 4046 et
790 3985 988 4044 comes
1033 3953 1259 4036 Maledi·

174 4117 287 4176 nus,
328 4091 496 4170 veniunt
521 4089 693 4168 tauram
719 4087 785 4164 vel
814 4107 950 4189 prope
986 4077 1157 4162 iodrum
1195 4073 1266 4154 uhi

173 4217 393 4302 videbitur,
423 4220 464 4290 et
490 4211 548 4292 ibi
575 4209 844 4289 conferentes
862 4223 957 4282 eum
979 4201 1159 4382 eis⁷cum
1180 4194 1264 4274 iliis
