3154 5102
504 265 506 276 t

320 283 336 295 ,-ι

376 559 498 639 quam
539 539 681 613 nostra
722 535 978 614 rationabilia
1017 542 1060 613 e't
1085 535 1263 614 honesta
1291 535 1394 624 tore,
1423 544 1466 616 et

373 681 503 762 posse
532 681 625 736 cum
654 655 822 734 honore
850 661 996 734 nostro
1025 655 1074 733 ad
1105 657 1370 734 commodum
1387 679 1466 733 ma·
1549 683 1553 692 ’

373 779 529 856 nimum
558 775 824 876 negotiorum
864 783 1105 854 nostrorum
1147 777 1318 862 venire;
1353 777 1465 854 votu-

337 978 339 988 ,
377 919 466 974 mus
483 901 524 973 et
538 895 601 974 sic
630 896 691 973 eis
722 893 975 982 mandamus,
1006 895 1118 998 quod
1147 894 1256 974 dicta
1285 895 1466 1000 capitulo

372 1025 515 1095 nostra
543 1023 586 1094 et
612 1039 698 1106 sua,
726 1039 902 1118 quorum
933 1016 1171 1119 exemptum
1201 1017 1262 1094 eis
1291 1016 1465 1094 destina·

373 1139 517 1224 vimus,
533 1161 626 1213 cum
641 1135 742 1240 ipsis
760 1135 982 1215 comitibus
1006 1136 1186 1214 debeant
1214 1133 1465 1216 confirmare

250 1265 252 1270 '
374 1283 468 1337 cum
509 1256 588 1336 iltis
628 1255 855 1334 maioribus
898 1257 1082 1348 cautelis,
1123 1256 1381 1336 firmitatibus
1424 1263 1468 1336 et

255 1393 259 1398 '
373 1377 606 1458 bonoribus
644 1400 750 1479 quae
779 1384 991 1481 poterunt.
1039 1377 1314 1476 intelligendo
1352 1378 1466 1480 quod

372 1500 407 1576 si
432 1521 512 1604 per
539 1497 694 1576 dictum
723 1497 920 1574 comitem
961 1496 1274 1574 Matadinum
1316 1497 1465 1600 aliquid

373 1625 614 1718 tangeretur
641 1618 910 1720 depetitiobe
939 1617 1105 1696 iliorum
1133 1617 1186 1694 de
1214 1616 1465 1721 spalato,

373 1742 513 1820 dicant
541 1743 592 1828 ei,
621 1739 732 1842 quod
760 1747 888 1844 prout
924 1739 1023 1817 alias
1065 1739 1143 1818 sibi
1172 1741 1346 1818 fecimus
1384 1739 1465 1818 dici

373 1861 621 1940 intendimus
650 1884 778 1963 super
805 1861 898 1964 ipso
927 1859 1038 1938 iacto
1072 1859 1356 1964 supersedere
1383 1881 1464 1962 pro

372 1983 514 2071 modo,
542 1988 584 2062 et
610 2007 688 2062 suo
717 1988 914 2085 tempore
943 1987 986 2059 et
1013 1981 1108 2060 loco
1137 1985 1178 2062 in
1206 1985 1300 2086 ipso
1338 2003 1465 2078 nego·

372 2105 430 2182 tio
458 2102 786 2194 terminabimus,
822 2101 932 2204 quod
961 2101 1040 2180 erit
1064 2102 1217 2180 honori
1243 2107 1392 2180 nostro
1422 2106 1466 2177 et

372 2225 639 2306 conservatio
667 2224 818 2302 virium
846 2224 1062 2325 utriusque
1090 2225 1234 2328 partis,
1261 2247 1355 2304 cum
1382 2219 1465 2296 biis

372 2352 415 2424 et
441 2345 529 2423 aliis
558 2343 712 2430 verbis,
729 2368 837 2446 quae
854 2344 1084 2423 convenire
1111 2343 1322 2430 videbunt,
1341 2341 1466 2420 dante

373 2473 512 2542 tamen
539 2463 625 2574 hoc
653 2488 771 2564 spem
801 2463 943 2542 comiti
973 2463 1195 2544 antedicto.
1224 2462 1277 2540 nt
1304 2461 1339 2538 si
1363 2460 1464 2540 dicti

372 2585 552 2665 comites
594 2583 742 2661 Paulus
771 2590 814 2662 et
839 2583 1068 2664 Matadinus
1103 2585 1262 2664 nottent
1295 2581 1465 2660 firmare

370 2705 598 2810 praedicta,
626 2705 660 2782 si
675 2729 757 2781 non
772 2713 1004 2808 poneretur
1033 2705 1256 2808 capitulum
1287 2701 1383 2780 iilud
1411 2702 1465 2780 de

372 2825 491 2902 blado
521 2825 632 2928 quod
664 2827 907 2932 scripsistis,
934 2829 1127 2906 nolumus
1155 2826 1266 2930 quod
1292 2832 1463 2930 propte·
1530 2907 1534 2918 ,

370 2969 442 3023 rea
471 2946 678 3024 desistatis
707 2971 730 3025 a
757 2957 871 3026 tanto
913 2947 1054 3046 bono,
1099 2948 1173 3026 sed
1212 2971 1344 3052 penes
1386 2945 1465 3023 aiia

370 3066 583 3168 praedicta
626 3068 807 3169 capitula
846 3069 1096 3172 permittatis
1148 3070 1234 3158 eis,
1270 3067 1382 3169 quod
1422 3065 1464 3142 in

371 3206 472 3263 casu
500 3209 582 3286 quo
608 3187 837 3288 perderent
851 3212 924 3265 sua
940 3187 1057 3266 blado
1086 3188 1195 3267 sicut
1221 3187 1463 3290 scripsistis,

371 3305 480 3407 quod
508 3331 586 3409 per
600 3333 678 3386 nos
703 3307 995 3388 subveniretur
1009 3312 1084 3394 eis,
1113 3311 1222 3390 sicut
1248 3308 1464 3388 videretur

370 3423 492 3504 nobis
534 3427 587 3505 de
626 3427 748 3508 blado
787 3455 866 3534 pro
909 3431 1145 3509 fornicione
1183 3451 1355 3508 suorum
1398 3450 1462 3506 ca-

371 3549 565 3632 strorum,
593 3573 687 3626 cum
717 3550 985 3640 condicione,
1014 3551 1125 3653 quod
1162 3549 1273 3628 finita
1309 3571 1460 3649 guerra

371 3664 635 3770 intempore
663 3670 948 3774 competenti,
990 3677 1210 3749 teneantur
1250 3667 1372 3748 nobis
1400 3693 1461 3748 re·

370 3785 545 3865 stituere
573 3789 710 3866 omnia
739 3815 844 3892 quae
872 3791 952 3870 sibi
986 3793 1276 3872 concessimus
1301 3789 1460 3866 vei‘va·

372 3905 505 3985 torem
533 3933 695 3988 eorum.
723 3910 999 3993 Procuranda
1029 3911 1257 4015 qnoddicti
1281 3910 1459 3991 comites

370 4053 417 4106 se
446 4027 631 4132 obligent
665 4032 824 4112 babere
851 4033 876 4109 t
894 4058 915 4111 a
931 4035 957 4112 d
973 4058 993 4110 r
1007 4057 1030 4110 a
1044 4039 1060 4109 t
1074 4035 1086 4109 i
1101 4059 1127 4109 n
1143 4057 1204 4108 os
1242 4039 1285 4112 et
1312 4057 1457 4110 eorum

370 4148 478 4230 bono
507 4177 586 4255 pro
615 4153 701 4232 suis
729 4154 923 4245 inimicis,
953 4163 996 4236 et
1023 4183 1100 4236 eos
1127 4153 1307 4234 viriiiter
1333 4155 1456 4234 offen·
