<?xml version="1.0" encoding="UTF-8"?>
<!DOCTYPE html PUBLIC "-//W3C//DTD XHTML 1.0 Transitional//EN"
    "http://www.w3.org/TR/xhtml1/DTD/xhtml1-transitional.dtd">
<html xmlns="http://www.w3.org/1999/xhtml" xml:lang="en" lang="en">
 <head>
  <title>
</title>
<meta http-equiv="Content-Type" content="text/html;charset=utf-8" />
  <meta name='ocr-system' content='tesseract 3.04.00' />
  <meta name='ocr-capabilities' content='ocr_page ocr_carea ocr_par ocr_line ocrx_word'/>
</head>
<body>
  <div class='ocr_page' id='page_1' title='image "./actaarchivivene00sergoog_0098.png"; bbox 0 0 3192 5112; ppageno 0'>
   <div class='ocr_carea' id='block_1_1' title="bbox 200 524 1401 1478">
    <p class='ocr_par' dir='ltr' id='par_1_1' title="bbox 200 524 1401 1478">
     <span class='ocr_line' id='line_1_1' title="bbox 308 524 1401 634; baseline -0.002 -24"><span class='ocrx_word' id='word_1_1' title='bbox 308 530 400 634; x_wconf 89' lang='lat' dir='ltr'><strong>ipse</strong></span> <span class='ocrx_word' id='word_1_2' title='bbox 443 526 652 608; x_wconf 86' lang='lat' dir='ltr'><strong>dominus·</strong></span> <span class='ocrx_word' id='word_1_3' title='bbox 677 524 836 605; x_wconf 84' lang='lat' dir='ltr'><strong>bannus</strong></span> <span class='ocrx_word' id='word_1_4' title='bbox 888 527 1047 630; x_wconf 90' lang='lat' dir='ltr'><strong>poterit</strong></span> <span class='ocrx_word' id='word_1_5' title='bbox 1099 526 1401 608; x_wconf 77' lang='lat' dir='ltr'><strong>rationabiliter</strong></span> 
     </span>
     <span class='ocr_line' id='line_1_2' title="bbox 310 645 1398 732; baseline -0.002 0"><span class='ocrx_word' id='word_1_6' title='bbox 310 649 555 732; x_wconf 86' lang='lat' dir='ltr'><strong>contentari.</strong></span> <span class='ocrx_word' id='word_1_7' title='bbox 582 647 635 725; x_wconf 81' lang='lat' dir='ltr'><strong>Et</strong></span> <span class='ocrx_word' id='word_1_8' title='bbox 657 645 925 724; x_wconf 86' lang='lat' dir='ltr'><strong>nihilominus</strong></span> <span class='ocrx_word' id='word_1_9' title='bbox 952 647 1087 726; x_wconf 87' lang='lat' dir='ltr'><strong>adhuc</strong></span> <span class='ocrx_word' id='word_1_10' title='bbox 1104 647 1295 728; x_wconf 86' lang='lat' dir='ltr'><strong>omnibus</strong></span> <span class='ocrx_word' id='word_1_11' title='bbox 1311 671 1398 730; x_wconf 91' lang='lat' dir='ltr'><strong>mo·</strong></span> 
     </span>
     <span class='ocr_line' id='line_1_3' title="bbox 309 764 1396 872; baseline -0.001 -23"><span class='ocrx_word' id='word_1_12' title='bbox 309 771 371 849; x_wconf 88' lang='lat' dir='ltr'><strong>dis</strong></span> <span class='ocrx_word' id='word_1_13' title='bbox 399 779 441 850; x_wconf 90' lang='lat' dir='ltr'><strong>et</strong></span> <span class='ocrx_word' id='word_1_14' title='bbox 475 769 553 846; x_wconf 90' lang='lat' dir='ltr'><strong>viis</strong></span> <span class='ocrx_word' id='word_1_15' title='bbox 587 765 836 865; x_wconf 77' lang='lat' dir='ltr'><strong>intendimus</strong></span> <span class='ocrx_word' id='word_1_16' title='bbox 876 764 1109 847; x_wconf 74' lang='lat' dir='ltr'><strong>efficaciter</strong></span> <span class='ocrx_word' id='word_1_17' title='bbox 1147 792 1396 872; x_wconf 89' lang='lat' dir='ltr'><strong>procurare,</strong></span> 
     </span>
     <span class='ocr_line' id='line_1_4' title="bbox 310 879 1397 994; baseline 0 -26"><span class='ocrx_word' id='word_1_18' title='bbox 310 892 423 994; x_wconf 90' lang='lat' dir='ltr'><strong>quod</strong></span> <span class='ocrx_word' id='word_1_19' title='bbox 451 890 541 994; x_wconf 90' lang='lat' dir='ltr'><strong>ipsc</strong></span> <span class='ocrx_word' id='word_1_20' title='bbox 578 914 720 969; x_wconf 88' lang='lat' dir='ltr'><strong>comes</strong></span> <span class='ocrx_word' id='word_1_21' title='bbox 746 879 992 980; x_wconf 81' lang='lat' dir='ltr'><strong>Maladinus‚</strong></span> <span class='ocrx_word' id='word_1_22' title='bbox 1020 911 1043 964; x_wconf 88' lang='lat' dir='ltr'><strong>a</strong></span> <span class='ocrx_word' id='word_1_23' title='bbox 1072 891 1259 992; x_wconf 92' lang='lat' dir='ltr'><strong>qualibet</strong></span> <span class='ocrx_word' id='word_1_24' title='bbox 1284 891 1397 968; x_wconf 91' lang='lat' dir='ltr'><strong>novi·</strong></span> 
     </span>
     <span class='ocr_line' id='line_1_5' title="bbox 309 1007 1398 1111; baseline -0.002 -21"><span class='ocrx_word' id='word_1_25' title='bbox 309 1019 392 1090; x_wconf 90' lang='lat' dir='ltr'><strong>tate</strong></span> <span class='ocrx_word' id='word_1_26' title='bbox 428 1035 474 1088; x_wconf 88' lang='lat' dir='ltr'><strong>se</strong></span> <span class='ocrx_word' id='word_1_27' title='bbox 512 1007 716 1088; x_wconf 86' lang='lat' dir='ltr'><strong>abstineat</strong></span> <span class='ocrx_word' id='word_1_28' title='bbox 757 1017 903 1087; x_wconf 90' lang='lat' dir='ltr'><strong>contra</strong></span> <span class='ocrx_word' id='word_1_29' title='bbox 947 1009 1082 1111; x_wconf 89' lang='lat' dir='ltr'><strong>ipsum</strong></span> <span class='ocrx_word' id='word_1_30' title='bbox 1124 1012 1303 1089; x_wconf 86' lang='lat' dir='ltr'><strong>bannum</strong></span> <span class='ocrx_word' id='word_1_31' title='bbox 1330 1012 1398 1088; x_wconf 86' lang='lat' dir='ltr'><strong>vel</strong></span> 
     </span>
     <span class='ocr_line' id='line_1_6' title="bbox 200 1119 1397 1235; baseline 0.002 -29"><span class='ocrx_word' id='word_1_32' title='bbox 200 1134 205 1154; x_wconf 88' lang='lat'><em>&#39;</em></span> <span class='ocrx_word' id='word_1_33' title='bbox 310 1139 457 1235; x_wconf 78' lang='lat' dir='ltr'><strong>gentes</strong></span> <span class='ocrx_word' id='word_1_34' title='bbox 496 1155 617 1221; x_wconf 80' lang='lat' dir='ltr'><strong>suae,</strong></span> <span class='ocrx_word' id='word_1_35' title='bbox 655 1119 695 1208; x_wconf 89' lang='lat' dir='ltr'><strong>et</strong></span> <span class='ocrx_word' id='word_1_36' title='bbox 734 1153 877 1234; x_wconf 85' lang='lat' dir='ltr'><strong>sumus</strong></span> <span class='ocrx_word' id='word_1_37' title='bbox 915 1131 1021 1208; x_wconf 86' lang='lat' dir='ltr'><strong>certi</strong></span> <span class='ocrx_word' id='word_1_38' title='bbox 1063 1132 1176 1232; x_wconf 92' lang='lat' dir='ltr'><strong>quod</strong></span> <span class='ocrx_word' id='word_1_39' title='bbox 1214 1131 1274 1209; x_wconf 90' lang='lat' dir='ltr'><strong>sic</strong></span> <span class='ocrx_word' id='word_1_40' title='bbox 1315 1131 1397 1210; x_wconf 88' lang='lat' dir='ltr'><strong>liet.</strong></span> 
     </span>
     <span class='ocr_line' id='line_1_7' title="bbox 308 1247 1398 1352; baseline 0.001 -24"><span class='ocrx_word' id='word_1_41' title='bbox 308 1253 439 1352; x_wconf 79' lang='lat' dir='ltr'><strong>Quem</strong></span> <span class='ocrx_word' id='word_1_42' title='bbox 484 1247 682 1330; x_wconf 84' lang='lat' dir='ltr'><strong>comitem</strong></span> <span class='ocrx_word' id='word_1_43' title='bbox 723 1249 1000 1338; x_wconf 86' lang='lat' dir='ltr'><strong>Maladinum,</strong></span> <span class='ocrx_word' id='word_1_44' title='bbox 1029 1275 1123 1328; x_wconf 90' lang='lat' dir='ltr'><strong>cum</strong></span> <span class='ocrx_word' id='word_1_45' title='bbox 1151 1252 1205 1330; x_wconf 92' lang='lat' dir='ltr'><strong>sit</strong></span> <span class='ocrx_word' id='word_1_46' title='bbox 1230 1251 1398 1330; x_wconf 89' lang='lat' dir='ltr'><strong>intimus</strong></span> 
     </span>
     <span class='ocr_line' id='line_1_8' title="bbox 309 1369 1397 1478; baseline 0.002 -28"><span class='ocrx_word' id='word_1_47' title='bbox 309 1380 350 1452; x_wconf 88' lang='lat' dir='ltr'><strong>et</strong></span> <span class='ocrx_word' id='word_1_48' title='bbox 377 1373 510 1451; x_wconf 83' lang='lat' dir='ltr'><strong>tidelis</strong></span> <span class='ocrx_word' id='word_1_49' title='bbox 536 1371 670 1450; x_wconf 80' lang='lat' dir='ltr'><strong>nostri</strong></span> <span class='ocrx_word' id='word_1_50' title='bbox 706 1369 903 1478; x_wconf 87' lang='lat' dir='ltr'><strong>dominii,</strong></span> <span class='ocrx_word' id='word_1_51' title='bbox 944 1372 1021 1476; x_wconf 88' lang='lat' dir='ltr'><strong>ipsi</strong></span> <span class='ocrx_word' id='word_1_52' title='bbox 1057 1373 1228 1452; x_wconf 90' lang='lat' dir='ltr'><strong>domino</strong></span> <span class='ocrx_word' id='word_1_53' title='bbox 1271 1375 1397 1466; x_wconf 87' lang='lat' dir='ltr'><strong>bano,</strong></span> 
     </span>
    </p>
   </div>
   <div class='ocr_carea' id='block_1_2' title="bbox 308 1492 1472 1597">
    <p class='ocr_par' dir='ltr' id='par_1_2' title="bbox 308 1492 1472 1597">
     <span class='ocr_line' id='line_1_9' title="bbox 308 1492 1472 1597; baseline 0.001 -26"><span class='ocrx_word' id='word_1_54' title='bbox 308 1493 586 1573; x_wconf 78' lang='lat' dir='ltr'><strong>amicabiliter</strong></span> <span class='ocrx_word' id='word_1_55' title='bbox 614 1492 924 1577; x_wconf 85' lang='lat' dir='ltr'><strong>comendamus,</strong></span> <span class='ocrx_word' id='word_1_56' title='bbox 955 1501 1154 1593; x_wconf 82' lang='lat' dir='ltr'><strong>rogantes</strong></span> <span class='ocrx_word' id='word_1_57' title='bbox 1180 1501 1225 1571; x_wconf 87' lang='lat' dir='ltr'><strong>ut</strong></span> <span class='ocrx_word' id='word_1_58' title='bbox 1252 1515 1275 1568; x_wconf 91' lang='lat' dir='ltr'><strong>a</strong></span> <span class='ocrx_word' id='word_1_59' title='bbox 1302 1517 1395 1597; x_wconf 88' lang='lat' dir='ltr'><strong>per·</strong></span> <span class='ocrx_word' id='word_1_60' title='bbox 1470 1582 1472 1590; x_wconf 42' lang='grc'><strong>,</strong></span> 
     </span>
    </p>
   </div>
   <div class='ocr_carea' id='block_1_3' title="bbox 285 1612 1398 4254">
    <p class='ocr_par' dir='ltr' id='par_1_3' title="bbox 307 1612 1398 1838">
     <span class='ocr_line' id='line_1_10' title="bbox 307 1612 1398 1720; baseline -0.001 -27"><span class='ocrx_word' id='word_1_61' title='bbox 307 1612 544 1720; x_wconf 85' lang='lat' dir='ltr'><strong>turbatione</strong></span> <span class='ocrx_word' id='word_1_62' title='bbox 583 1621 712 1692; x_wconf 87' lang='lat' dir='ltr'><strong>status</strong></span> <span class='ocrx_word' id='word_1_63' title='bbox 755 1614 844 1690; x_wconf 89' lang='lat' dir='ltr'><strong>eius</strong></span> <span class='ocrx_word' id='word_1_64' title='bbox 884 1615 1049 1716; x_wconf 87' lang='lat' dir='ltr'><strong>placeat</strong></span> <span class='ocrx_word' id='word_1_65' title='bbox 1089 1613 1299 1691; x_wconf 85' lang='lat' dir='ltr'><strong>abstinere</strong></span> <span class='ocrx_word' id='word_1_66' title='bbox 1327 1638 1398 1692; x_wconf 90' lang='lat' dir='ltr'><strong>no·</strong></span> 
     </span>
     <span class='ocr_line' id='line_1_11' title="bbox 307 1731 911 1838; baseline -0.003 -26"><span class='ocrx_word' id='word_1_67' title='bbox 307 1735 404 1813; x_wconf 89' lang='lat' dir='ltr'><strong>stris</strong></span> <span class='ocrx_word' id='word_1_68' title='bbox 430 1731 655 1838; x_wconf 87' lang='lat' dir='ltr'><strong>praecibus</strong></span> <span class='ocrx_word' id='word_1_69' title='bbox 684 1740 726 1811; x_wconf 84' lang='lat' dir='ltr'><strong>et</strong></span> <span class='ocrx_word' id='word_1_70' title='bbox 754 1755 911 1812; x_wconf 89' lang='lat' dir='ltr'><strong>amore.</strong></span> 
     </span>
    </p>

    <p class='ocr_par' dir='ltr' id='par_1_4' title="bbox 285 1856 1395 2901">
     <span class='ocr_line' id='line_1_12' title="bbox 408 1856 1394 1960; baseline -0.002 -24"><span class='ocrx_word' id='word_1_71' title='bbox 408 1856 472 1936; x_wconf 87' lang='lat' dir='ltr'><strong>Ad</strong></span> <span class='ocrx_word' id='word_1_72' title='bbox 501 1881 570 1959; x_wconf 91' lang='lat' dir='ltr'><strong>qu</strong></span> <span class='ocrx_word' id='word_1_73' title='bbox 587 1865 771 1934; x_wconf 90' lang='lat' dir='ltr'><strong>artum</strong></span> <span class='ocrx_word' id='word_1_74' title='bbox 809 1857 1048 1960; x_wconf 86' lang='lat' dir='ltr'><strong>capitulum,</strong></span> <span class='ocrx_word' id='word_1_75' title='bbox 1075 1880 1155 1960; x_wconf 87' lang='lat' dir='ltr'><strong>per</strong></span> <span class='ocrx_word' id='word_1_76' title='bbox 1182 1857 1297 1959; x_wconf 93' lang='lat' dir='ltr'><strong>quod</strong></span> <span class='ocrx_word' id='word_1_77' title='bbox 1324 1880 1394 1934; x_wconf 92' lang='lat' dir='ltr'><strong>no·</strong></span> 
     </span>
     <span class='ocr_line' id='line_1_13' title="bbox 308 1975 1394 2056; baseline 0.001 -2"><span class='ocrx_word' id='word_1_78' title='bbox 308 1977 370 2055; x_wconf 91' lang='lat' dir='ltr'><strong>bis</strong></span> <span class='ocrx_word' id='word_1_79' title='bbox 424 1976 694 2055; x_wconf 87' lang='lat' dir='ltr'><strong>recomendat</strong></span> <span class='ocrx_word' id='word_1_80' title='bbox 748 1978 1022 2054; x_wconf 88' lang='lat' dir='ltr'><strong>comitem</strong></span> <span class='ocrx_word' id='word_1_81' title='bbox 1067 1975 1394 2056; x_wconf 76' lang='lat' dir='ltr'><strong>iohannem</strong></span> 
     </span>
     <span class='ocr_line' id='line_1_14' title="bbox 307 2096 1394 2201; baseline -0.002 -25"><span class='ocrx_word' id='word_1_82' title='bbox 307 2097 548 2176; x_wconf 90' lang='lat' dir='ltr'><strong>condam</strong></span> <span class='ocrx_word' id='word_1_83' title='bbox 590 2096 833 2177; x_wconf 89' lang='lat' dir='ltr'><strong>comitis</strong></span> <span class='ocrx_word' id='word_1_84' title='bbox 869 2097 1135 2201; x_wconf 88' lang='lat' dir='ltr'><strong>Nelipcii</strong></span> <span class='ocrx_word' id='word_1_85' title='bbox 1163 2106 1205 2176; x_wconf 89' lang='lat' dir='ltr'><strong>et</strong></span> <span class='ocrx_word' id='word_1_86' title='bbox 1233 2099 1394 2176; x_wconf 92' lang='lat' dir='ltr'><strong>comi-</strong></span> 
     </span>
     <span class='ocr_line' id='line_1_15' title="bbox 307 2215 1394 2320; baseline -0.001 -22"><span class='ocrx_word' id='word_1_87' title='bbox 307 2225 413 2298; x_wconf 88' lang='lat' dir='ltr'><strong>tem</strong></span> <span class='ocrx_word' id='word_1_88' title='bbox 459 2219 880 2298; x_wconf 87' lang='lat' dir='ltr'><strong>Budisclavum</strong></span> <span class='ocrx_word' id='word_1_89' title='bbox 920 2215 1394 2320; x_wconf 83' lang='lat' dir='ltr'><strong>Urognichetcet.</strong></span> 
     </span>
     <span class='ocr_line' id='line_1_16' title="bbox 285 2323 1395 2449; baseline 0.004 -34"><span class='ocrx_word' id='word_1_90' title='bbox 285 2335 626 2449; x_wconf 13' lang='lat' dir='ltr'><strong>*Respondentur</strong></span> <span class='ocrx_word' id='word_1_91' title='bbox 666 2339 778 2441; x_wconf 90' lang='lat' dir='ltr'><strong>quod</strong></span> <span class='ocrx_word' id='word_1_92' title='bbox 817 2341 850 2416; x_wconf 92' lang='lat' dir='ltr'><strong>si</strong></span> <span class='ocrx_word' id='word_1_93' title='bbox 889 2341 1238 2441; x_wconf 85' lang='lat' dir='ltr'><strong>cognoverimus,</strong></span> <span class='ocrx_word' id='word_1_94' title='bbox 1281 2323 1395 2444; x_wconf 78' lang='lat' dir='ltr'><strong>quod</strong></span> 
     </span>
     <span class='ocr_line' id='line_1_17' title="bbox 305 2457 1395 2562; baseline 0.003 -27"><span class='ocrx_word' id='word_1_95' title='bbox 305 2457 524 2562; x_wconf 87' lang='lat' dir='ltr'><strong>dispositio</strong></span> <span class='ocrx_word' id='word_1_96' title='bbox 567 2481 715 2536; x_wconf 86' lang='lat' dir='ltr'><strong>eorum</strong></span> <span class='ocrx_word' id='word_1_97' title='bbox 752 2461 892 2539; x_wconf 87' lang='lat' dir='ltr'><strong>tendat</strong></span> <span class='ocrx_word' id='word_1_98' title='bbox 921 2461 971 2538; x_wconf 88' lang='lat' dir='ltr'><strong>ad</strong></span> <span class='ocrx_word' id='word_1_99' title='bbox 1001 2463 1157 2540; x_wconf 90' lang='lat' dir='ltr'><strong>bonum</strong></span> <span class='ocrx_word' id='word_1_100' title='bbox 1196 2469 1238 2541; x_wconf 89' lang='lat' dir='ltr'><strong>et</strong></span> <span class='ocrx_word' id='word_1_101' title='bbox 1265 2461 1395 2538; x_wconf 91' lang='lat' dir='ltr'><strong>hono·</strong></span> 
     </span>
     <span class='ocr_line' id='line_1_18' title="bbox 306 2579 1394 2686; baseline 0.005 -32"><span class='ocrx_word' id='word_1_102' title='bbox 306 2604 395 2658; x_wconf 84' lang='lat' dir='ltr'><strong>rem</strong></span> <span class='ocrx_word' id='word_1_103' title='bbox 423 2589 623 2667; x_wconf 91' lang='lat' dir='ltr'><strong>nostrum,</strong></span> <span class='ocrx_word' id='word_1_104' title='bbox 651 2579 765 2685; x_wconf 86' lang='lat' dir='ltr'><strong>ipsus</strong></span> <span class='ocrx_word' id='word_1_105' title='bbox 792 2583 938 2661; x_wconf 89' lang='lat' dir='ltr'><strong>intuitu</strong></span> <span class='ocrx_word' id='word_1_106' title='bbox 967 2581 1093 2686; x_wconf 85' lang='lat' dir='ltr'><strong>ipsius</strong></span> <span class='ocrx_word' id='word_1_107' title='bbox 1120 2583 1274 2659; x_wconf 90' lang='lat' dir='ltr'><strong>domini</strong></span> <span class='ocrx_word' id='word_1_108' title='bbox 1299 2585 1394 2659; x_wconf 89' lang='lat' dir='ltr'><strong>ban·</strong></span> 
     </span>
     <span class='ocr_line' id='line_1_19' title="bbox 304 2698 1394 2806; baseline 0.003 -28"><span class='ocrx_word' id='word_1_109' title='bbox 304 2699 372 2799; x_wconf 91' lang='lat' dir='ltr'><strong>ni,</strong></span> <span class='ocrx_word' id='word_1_110' title='bbox 415 2698 661 2780; x_wconf 90' lang='lat' dir='ltr'><strong>habebimus</strong></span> <span class='ocrx_word' id='word_1_111' title='bbox 700 2706 808 2806; x_wconf 89' lang='lat' dir='ltr'><strong>apud</strong></span> <span class='ocrx_word' id='word_1_112' title='bbox 837 2713 1021 2783; x_wconf 81' lang='lat' dir='ltr'><strong>nostram</strong></span> <span class='ocrx_word' id='word_1_113' title='bbox 1064 2707 1237 2806; x_wconf 85' lang='lat' dir='ltr'><strong>gratiam</strong></span> <span class='ocrx_word' id='word_1_114' title='bbox 1275 2728 1394 2783; x_wconf 86' lang='lat' dir='ltr'><strong>reco-</strong></span> 
     </span>
     <span class='ocr_line' id='line_1_20' title="bbox 305 2823 468 2901; baseline 0.006 -3"><span class='ocrx_word' id='word_1_115' title='bbox 305 2823 468 2901; x_wconf 82' lang='lat' dir='ltr'><strong>missos.</strong></span> 
     </span>
    </p>

    <p class='ocr_par' dir='ltr' id='par_1_5' title="bbox 301 2941 1393 3986">
     <span class='ocr_line' id='line_1_21' title="bbox 405 2941 1393 3050; baseline 0 -30"><span class='ocrx_word' id='word_1_116' title='bbox 405 2941 470 3020; x_wconf 84' lang='lat' dir='ltr'><strong>Ad</strong></span> <span class='ocrx_word' id='word_1_117' title='bbox 507 2943 769 3043; x_wconf 90' lang='lat' dir='ltr'><strong>quintum</strong></span> <span class='ocrx_word' id='word_1_118' title='bbox 798 2945 1038 3050; x_wconf 90' lang='lat' dir='ltr'><strong>capitulum,</strong></span> <span class='ocrx_word' id='word_1_119' title='bbox 1065 2969 1143 3049; x_wconf 84' lang='lat' dir='ltr'><strong>per</strong></span> <span class='ocrx_word' id='word_1_120' title='bbox 1171 2945 1285 3046; x_wconf 90' lang='lat' dir='ltr'><strong>quod</strong></span> <span class='ocrx_word' id='word_1_121' title='bbox 1312 2967 1393 3047; x_wconf 90' lang='lat' dir='ltr'><strong>pe·</strong></span> 
     </span>
     <span class='ocr_line' id='line_1_22' title="bbox 304 3061 1392 3168; baseline -0.002 -28"><span class='ocrx_word' id='word_1_122' title='bbox 304 3061 375 3140; x_wconf 90' lang='lat' dir='ltr'><strong>tit</strong></span> <span class='ocrx_word' id='word_1_123' title='bbox 413 3063 569 3142; x_wconf 91' lang='lat' dir='ltr'><strong>mitti</strong></span> <span class='ocrx_word' id='word_1_124' title='bbox 611 3063 673 3142; x_wconf 93' lang='lat' dir='ltr'><strong>ad</strong></span> <span class='ocrx_word' id='word_1_125' title='bbox 714 3089 913 3165; x_wconf 82' lang='lat' dir='ltr'><strong>regem</strong></span> <span class='ocrx_word' id='word_1_126' title='bbox 955 3062 1392 3168; x_wconf 82' lang='lat' dir='ltr'><strong>Serviacineius</strong></span> 
     </span>
     <span class='ocr_line' id='line_1_23' title="bbox 304 3181 1392 3288; baseline 0.002 -30"><span class='ocrx_word' id='word_1_127' title='bbox 304 3181 516 3272; x_wconf 81' lang='lat' dir='ltr'><strong>favorem3</strong></span> <span class='ocrx_word' id='word_1_128' title='bbox 553 3187 860 3288; x_wconf 83' lang='lat' dir='ltr'><strong>respondeatur</strong></span> <span class='ocrx_word' id='word_1_129' title='bbox 895 3187 1008 3288; x_wconf 90' lang='lat' dir='ltr'><strong>quod</strong></span> <span class='ocrx_word' id='word_1_130' title='bbox 1046 3190 1238 3288; x_wconf 87' lang='lat' dir='ltr'><strong>optantes</strong></span> <span class='ocrx_word' id='word_1_131' title='bbox 1266 3206 1392 3260; x_wconf 86' lang='lat' dir='ltr'><strong>omne</strong></span> 
     </span>
     <span class='ocr_line' id='line_1_24' title="bbox 304 3301 1390 3409; baseline 0.001 -30"><span class='ocrx_word' id='word_1_132' title='bbox 304 3301 459 3380; x_wconf 89' lang='lat' dir='ltr'><strong>bonum</strong></span> <span class='ocrx_word' id='word_1_133' title='bbox 488 3311 530 3382; x_wconf 89' lang='lat' dir='ltr'><strong>et</strong></span> <span class='ocrx_word' id='word_1_134' title='bbox 556 3313 707 3384; x_wconf 87' lang='lat' dir='ltr'><strong>statum</strong></span> <span class='ocrx_word' id='word_1_135' title='bbox 736 3305 864 3409; x_wconf 85' lang='lat' dir='ltr'><strong>ipsius</strong></span> <span class='ocrx_word' id='word_1_136' title='bbox 879 3307 1036 3384; x_wconf 91' lang='lat' dir='ltr'><strong>domini</strong></span> <span class='ocrx_word' id='word_1_137' title='bbox 1063 3305 1234 3395; x_wconf 88' lang='lat' dir='ltr'><strong>banni,</strong></span> <span class='ocrx_word' id='word_1_138' title='bbox 1262 3304 1390 3382; x_wconf 89' lang='lat' dir='ltr'><strong>liben-</strong></span> 
     </span>
     <span class='ocr_line' id='line_1_25' title="bbox 302 3411 1391 3531; baseline -0.004 -29"><span class='ocrx_word' id='word_1_139' title='bbox 302 3433 366 3502; x_wconf 89' lang='lat' dir='ltr'><strong>ter</strong></span> <span class='ocrx_word' id='word_1_140' title='bbox 394 3424 433 3500; x_wconf 92' lang='lat' dir='ltr'><strong>ei</strong></span> <span class='ocrx_word' id='word_1_141' title='bbox 463 3425 819 3530; x_wconf 87' lang='lat' dir='ltr'><strong>complacebimus</strong></span> <span class='ocrx_word' id='word_1_142' title='bbox 845 3451 974 3531; x_wconf 86' lang='lat' dir='ltr'><strong>super</strong></span> <span class='ocrx_word' id='word_1_143' title='bbox 998 3411 1084 3506; x_wconf 85' lang='lat' dir='ltr'><strong>hoc</strong></span> <span class='ocrx_word' id='word_1_144' title='bbox 1099 3455 1110 3518; x_wconf 92' lang='lat'><strong>;</strong></span> <span class='ocrx_word' id='word_1_145' title='bbox 1137 3437 1179 3504; x_wconf 87' lang='lat' dir='ltr'><strong>et</strong></span> <span class='ocrx_word' id='word_1_146' title='bbox 1206 3425 1391 3502; x_wconf 89' lang='lat' dir='ltr'><strong>mittatur</strong></span> 
     </span>
     <span class='ocr_line' id='line_1_26' title="bbox 303 3544 1391 3650; baseline 0.002 -30"><span class='ocrx_word' id='word_1_147' title='bbox 303 3544 590 3645; x_wconf 81' lang='lat' dir='ltr'><strong>adregem</strong></span> <span class='ocrx_word' id='word_1_148' title='bbox 619 3545 834 3624; x_wconf 84' lang='lat' dir='ltr'><strong>Raxiae</strong></span> <span class='ocrx_word' id='word_1_149' title='bbox 875 3547 1090 3650; x_wconf 79' lang='lat' dir='ltr'><strong>perillam</strong></span> <span class='ocrx_word' id='word_1_150' title='bbox 1119 3547 1309 3649; x_wconf 90' lang='lat' dir='ltr'><strong>pulcram</strong></span> <span class='ocrx_word' id='word_1_151' title='bbox 1337 3545 1391 3622; x_wconf 89' lang='lat' dir='ltr'><strong>vi·</strong></span> 
     </span>
     <span class='ocr_line' id='line_1_27' title="bbox 303 3665 1390 3767; baseline 0.002 -28"><span class='ocrx_word' id='word_1_152' title='bbox 303 3685 380 3751; x_wconf 91' lang='lat' dir='ltr'><strong>am,</strong></span> <span class='ocrx_word' id='word_1_153' title='bbox 410 3689 515 3766; x_wconf 89' lang='lat' dir='ltr'><strong>quae</strong></span> <span class='ocrx_word' id='word_1_154' title='bbox 542 3665 753 3745; x_wconf 85' lang='lat' dir='ltr'><strong>videbitur</strong></span> <span class='ocrx_word' id='word_1_155' title='bbox 766 3666 966 3754; x_wconf 90' lang='lat' dir='ltr'><strong>dominio,</strong></span> <span class='ocrx_word' id='word_1_156' title='bbox 983 3668 1033 3744; x_wconf 92' lang='lat' dir='ltr'><strong>ad</strong></span> <span class='ocrx_word' id='word_1_157' title='bbox 1048 3665 1277 3767; x_wconf 85' lang='lat' dir='ltr'><strong>rogandum</strong></span> <span class='ocrx_word' id='word_1_158' title='bbox 1294 3689 1390 3742; x_wconf 90' lang='lat' dir='ltr'><strong>eum</strong></span> 
     </span>
     <span class='ocr_line' id='line_1_28' title="bbox 301 3785 1388 3890; baseline 0 -30"><span class='ocrx_word' id='word_1_159' title='bbox 301 3809 431 3885; x_wconf 88' lang='lat' dir='ltr'><strong>super</strong></span> <span class='ocrx_word' id='word_1_160' title='bbox 455 3785 554 3872; x_wconf 90' lang='lat' dir='ltr'><strong>hoc,</strong></span> <span class='ocrx_word' id='word_1_161' title='bbox 584 3811 679 3864; x_wconf 90' lang='lat' dir='ltr'><strong>cum</strong></span> <span class='ocrx_word' id='word_1_162' title='bbox 706 3787 787 3866; x_wconf 83' lang='lat' dir='ltr'><strong>illis</strong></span> <span class='ocrx_word' id='word_1_163' title='bbox 815 3789 970 3874; x_wconf 88' lang='lat' dir='ltr'><strong>verbis,</strong></span> <span class='ocrx_word' id='word_1_164' title='bbox 999 3813 1108 3890; x_wconf 91' lang='lat' dir='ltr'><strong>quae</strong></span> <span class='ocrx_word' id='word_1_165' title='bbox 1135 3785 1252 3863; x_wconf 90' lang='lat' dir='ltr'><strong>utilia</strong></span> <span class='ocrx_word' id='word_1_166' title='bbox 1279 3785 1388 3863; x_wconf 87' lang='lat' dir='ltr'><strong>vide·</strong></span> 
     </span>
     <span class='ocr_line' id='line_1_29' title="bbox 304 3888 985 3986; baseline -0.001 -2"><span class='ocrx_word' id='word_1_167' title='bbox 304 3907 467 3986; x_wconf 89' lang='lat' dir='ltr'><strong>buntur.</strong></span> <span class='ocrx_word' id='word_1_168' title='bbox 982 3888 985 3898; x_wconf 43' lang='lat'><strong>¹</strong></span> 
     </span>
    </p>

    <p class='ocr_par' dir='ltr' id='par_1_6' title="bbox 303 4025 1388 4254">
     <span class='ocr_line' id='line_1_30' title="bbox 401 4025 1387 4134; baseline -0.001 -29"><span class='ocrx_word' id='word_1_169' title='bbox 401 4026 466 4105; x_wconf 83' lang='lat' dir='ltr'><strong>Ad</strong></span> <span class='ocrx_word' id='word_1_170' title='bbox 502 4037 728 4108; x_wconf 83' lang='lat' dir='ltr'><strong>sextum</strong></span> <span class='ocrx_word' id='word_1_171' title='bbox 758 4025 996 4134; x_wconf 86' lang='lat' dir='ltr'><strong>capitulum,</strong></span> <span class='ocrx_word' id='word_1_172' title='bbox 1033 4029 1085 4106; x_wconf 88' lang='lat' dir='ltr'><strong>dc</strong></span> <span class='ocrx_word' id='word_1_173' title='bbox 1114 4025 1387 4128; x_wconf 84' lang='lat' dir='ltr'><strong>requisitione</strong></span> 
     </span>
     <span class='ocr_line' id='line_1_31' title="bbox 303 4147 1388 4254; baseline 0.002 -30"><span class='ocrx_word' id='word_1_174' title='bbox 303 4147 341 4226; x_wconf 89' lang='lat' dir='ltr'><strong>ei</strong></span> <span class='ocrx_word' id='word_1_175' title='bbox 372 4149 481 4226; x_wconf 84' lang='lat' dir='ltr'><strong>tacta</strong></span> <span class='ocrx_word' id='word_1_176' title='bbox 508 4173 586 4251; x_wconf 90' lang='lat' dir='ltr'><strong>per</strong></span> <span class='ocrx_word' id='word_1_177' title='bbox 625 4149 974 4238; x_wconf 77' lang='lat' dir='ltr'><strong>ledrenses,</strong></span> <span class='ocrx_word' id='word_1_178' title='bbox 1015 4175 1093 4254; x_wconf 90' lang='lat' dir='ltr'><strong>per</strong></span> <span class='ocrx_word' id='word_1_179' title='bbox 1130 4147 1243 4252; x_wconf 91' lang='lat' dir='ltr'><strong>quod</strong></span> <span class='ocrx_word' id='word_1_180' title='bbox 1283 4149 1388 4254; x_wconf 88' lang='lat' dir='ltr'><strong>petit</strong></span> 
     </span>
    </p>
   </div>
   <div class='ocr_carea' id='block_1_4' title="bbox 0 0 1600 5112">
    <p class='ocr_par' dir='ltr' id='par_1_7' title="bbox 0 0 1600 5112">
     <span class='ocr_line' id='line_1_32' title="bbox 0 0 1600 5112; baseline 0 1"><span class='ocrx_word' id='word_1_181' title='bbox 0 0 1600 5112; x_wconf 95' lang='lat' dir='ltr'><strong> </strong></span> 
     </span>
    </p>
   </div>
  </div>
 </body>
</html>
