3234 5116
197 633 298 736 quid
333 631 387 712 ob
415 631 501 711 hoc
547 631 818 713 contribuere
860 632 1089 719 vellemus,
1129 632 1286 714 debeas

198 751 472 856 respondere;
490 753 605 854 quod
621 756 967 854 quociescunque
990 753 1198 832 serenitas
1213 777 1287 832 sua

198 876 360 951 veniret
383 881 452 951 aut
468 875 655 954 mitteret
681 881 896 976 potentem
925 875 1162 955 exercitum
1191 900 1288 956 con·

197 1002 261 1071 tra
297 986 496 1073 comitem
530 995 769 1075 dohanucm
809 995 1100 1097 praedictum,
1142 1003 1287 1074 nostra

197 1116 428 1196 dominatio
469 1119 605 1196 mittet
641 1117 831 1195 subditos
870 1125 912 1196 et
939 1116 1086 1196 fideles
1113 1125 1286 1198 nostros

197 1245 405 1316 terrarum
433 1247 475 1314 et
502 1239 697 1316 locorum
727 1243 975 1315 nostrorum
1002 1237 1056 1315 de
1083 1238 1206 1326 inde,
1246 1239 1286 1314 in

197 1356 265 1434 ina
294 1358 536 1458 quantitate,
565 1381 672 1457 quae
702 1357 783 1434 erit
809 1359 919 1434 iusta
948 1363 990 1432 et
1018 1355 1288 1434 rationabilis.

197 1476 249 1553 Et
275 1479 310 1555 si
337 1499 468 1576 super
507 1483 821 1555 montanea
862 1474 1287 1555 Polizanorum

197 1599 372 1676 caderet
398 1593 643 1681 difficultas,
671 1619 811 1674 surmus
840 1596 1032 1674 contenti
1061 1597 1173 1697 quod
1203 1596 1285 1674 dic·

143 1755 160 1793 ι
198 1723 237 1794 ta
266 1723 486 1795 montanea
529 1725 746 1801 remaneat
783 1717 833 1793 ad
863 1717 1148 1796 obedientiam
1187 1741 1289 1819 suae

196 1837 448 1924 serenitatis.
463 1837 781 1918 restituentibus
796 1840 878 1916 iltis
894 1847 1028 1920 totum
1056 1837 1157 1918 iilud
1175 1840 1287 1939 quod

198 1963 342 2036 tenent
368 1957 631 2038 subditorum
661 1968 917 2038 nostrorum.
957 1959 1010 2038 Et
1038 1959 1133 2061 quia
1162 1958 1289 2036 torte,

196 2081 233 2156 si
260 2080 396 2157 dictus
425 2077 619 2156 dominus
646 2102 725 2155 rex
753 2103 800 2155 se
829 2079 879 2157 ad
913 2079 998 2158 hoc
1025 2061 1288 2182 disponeret,

198 2200 437 2299 requireret
451 2203 494 2275 et
509 2207 688 2298 peteret,
706 2203 821 2302 quod
847 2198 1136 2279 necessarium
1165 2198 1288 2276 etiam

198 2326 311 2396 esset
337 2317 495 2398 habere
523 2317 805 2404 ballistarios,
848 2319 943 2420 quia
972 2317 1203 2398 secundum
1231 2318 1287 2393 in-

196 2438 631 2540 formationemquam
645 2437 860 2526 habemus,
881 2436 1098 2516 ballistarii
1115 2437 1289 2531 multum

199 2565 341 2636 esseut
367 2558 493 2638 utiles
521 2559 575 2636 ad
601 2557 875 2637 obtinendum
903 2557 998 2636 loca
1027 2555 1131 2636 dicti
1158 2555 1285 2632 comi-

199 2679 250 2756 tis
277 2678 492 2770 dohannis‚
521 2681 713 2756 volumus
729 2686 772 2756 et
787 2677 931 2758 damus
947 2675 1024 2755 tibi
1038 2674 1290 2760 libertatem,

201 2798 316 2900 quod
344 2800 379 2876 si
407 2799 541 2877 dictus
584 2799 775 2877 dominus
813 2823 890 2876 rex
924 2797 1169 2899 requireret
1195 2797 1290 2874 sub·

196 2919 438 2996 ventionem
467 2918 814 3002 ballistariorum.
843 2916 983 3020 possis
1012 2916 1052 2994 ei
1074 2917 1289 3020 promitte-

39 3143 42 3150 Ι
198 3061 247 3115 re
274 3037 526 3117 ballistarios
570 3045 737 3116 centum
772 3045 865 3114 eta
894 3043 1064 3116 centum
1092 3036 1291 3140 quinqua·

198 3161 325 3260 ginta,
352 3159 461 3238 sicut
488 3159 638 3237 metius
666 3158 844 3264 poteris.

298 3279 475 3379 Insuper
515 3267 732 3368 volumus,
772 3304 857 3358 non
899 3280 1068 3382 quando
1111 3277 1288 3382 incipies

199 3403 403 3504 praticam
431 3424 560 3504 super
599 3401 720 3482 factis
750 3401 849 3481 dicti
879 3399 1044 3480 comitis
1072 3395 1292 3490 Johannis‚

197 3520 272 3599 sed
299 3527 449 3627 postea
478 3523 644 3624 quando
663 3520 736 3598 tibi
751 3531 915 3622 tempus
941 3515 1166 3608 videbitur,
1196 3539 1290 3594 esse

198 3643 355 3723 debeas
384 3669 480 3721 cum
497 3644 611 3722 dicto
642 3641 814 3720 domino
845 3661 963 3740 rege,
991 3645 1035 3718 et
1052 3663 1153 3719 suae
1180 3659 1291 3716 sere·

202 3763 320 3842 nitati
348 3764 505 3851 dicere,
534 3763 650 3866 quod
678 3763 861 3842 amicitia
879 3767 922 3840 et
935 3761 1175 3840 fraternitas
1203 3759 1289 3838 exi·

200 3891 316 3962 stens
346 3883 457 3964 inter
482 3905 600 3959 suam
628 3882 900 3962 serenitatem
929 3886 973 3960 et
999 3904 1102 3973 nos,
1130 3904 1207 3961 nos
1234 3878 1289 3956 in·

201 4002 327 4096 ducit,
348 4002 461 4104 quod
488 4001 800 4105 provideamus,
829 4002 942 4102 quod
969 4009 1236 4080 mercatores
1250 4003 1293 4076 et

201 4126 317 4204 cives
343 4122 480 4200 nostri
508 4130 818 4202 conversentur
844 4123 885 4200 in
914 4121 1020 4202 locis
1047 4122 1155 4210 suis,
1191 4125 1292 4198 tanr-

203 4267 327 4346 quam
354 4245 390 4324 si
417 4251 558 4324 essent
584 4243 626 4322 in
653 4246 762 4324 locis
798 4245 952 4323 nostris
989 4242 1187 4349 propriis.
1241 4243 1294 4322 ut
