3206 5110
1177 375 1251 456 stul

148 583 353 678 ¹volentos
373 583 470 675 inos
510 583 581 676 'de
605 579 848 678 idientione'
881 607 1031 678 nostru·
1070 599 1273 710 reddere¹

160 717 446 814 informatum,
475 717 596 798 robis
637 719 910 811 denotamus,
952 719 1067 823 quod
1106 743 1251 798 sumus

161 840 295 924 certi,
336 838 454 941 quod
482 839 534 919 ed
561 865 712 943 pacem
740 845 785 918 et
812 839 1093 920 concordium
1130 839 1250 919 deve·

160 957 285 1036 nietls
327 981 423 1038 cum
458 961 752 1064 suprascripto
803 959 1043 1040 domino
1086 959 1251 1040 Geor·

159 1083 274 1180 gi'o,
305 1079 747 1160 nomine‘domini
783 1081 1004 1182 despoli
1032 1075 1253 1170 llossio'c,
1348 1083 1352 1091 ’
1391 1099 1394 1116 ·

160 1202 261 1304 quia
289 1201 401 1279 sicut
426 1201 622 1280 videbitis
650 1225 731 1306 per
758 1201 859 1280 elius
886 1209 1053 1282 nostras
1090 1201 1253 1283 litteras

159 1324 286 1402 vobis
326 1322 498 1416 missos,
540 1309 807 1427 responsivas
849 1323 900 1400 sd
939 1321 1096 1404 monim
1123 1325 1253 1430 pacis,

160 1445 542 1524 condescendimus
580 1446 631 1524 ud
659 1469 734 1538 eu,
775 1445 828 1525 ad
868 1469 979 1550 quae
1019 1429 1253 1526 secundum

159 1565 412 1670 petitionem
440 1589 555 1644 suum
584 1565 796 1666 denegare
809 1587 893 1644 non
909 1569 1066 1669 potest.
1092 1567 1252 1646 Verum

160 1683 258 1786 quia
285 1707 522 1765 occurrere
548 1689 720 1788 posset,
762 1686 875 1790 quod
915 1707 1010 1762 cum
1039 1685 1166 1764 dicto
1184 1685 1254 1763 do·

149 1806 276 1884 'mino
305 1805 495 1907 Georgio
524 1808 575 1886 ud
603 1829 753 1912 pacem
781 1806 931 1884 venire
951 1805 1253 1909 nonpossetis,

162 1924 261 2027 quia
290 1930 475 2004 mutaret
501 1925 733 2030 petitiones
761 1949 879 2018 suas,
905 1931 952 2004 ut
977 1926 1030 2004 de
1058 1923 1253 2004 intentio·
1384 1919 1391 1932 '

161 2051 389 2123 ne'uostru
417 2043 509 2123 sitis
535 2043 812 2139 informatus,
846 2045 1040 2122 volumus
1076 2045 1189 2146 quod
1218 2043 1255 2120 si

158 2163 364 2244 videretis
406 2165 457 2242 ad
497 2191 645 2268 pacem
687 2191 772 2246 non
810 2189 958 2272 ¹posse
998 2165 1171 2252 venire,
1211 2168 1255 2242 et

160 2285 585 2391 comprehenderetis
598 2292 642 2367 et
656 2287 774 2366 olere
788 2285 1124 2388 cognoscereti,
1139 2285 1254 2388 quod

161 2428 242 2512 per
267 2409 464 2488 inimicos
491 2409 612 2488 vobis
639 2409 779 2490 claudi
797 2414 947 2514 posset
960 2431 1109 2512 pessus
1138 2403 1253 2486 Sca·

162 2529 241 2617 le,
283 2529 342 2610 ito
382 2529 621 2632 quodssnon
663 2534 777 2610 esset
803 2531 846 2610 in
876 2530 1072 2610 libertate
1111 2533 1253 2608 vestro

160 2649 365 2754 possendi
392 2651 657 2730 descendere
694 2673 789 2730 cum
828 2645 962 2750 galeis
999 2647 1158 2726 nostris
1184 2670 1255 2725 vo·

161 2767 227 2846 bis
255 2767 464 2855 comissis,
492 2767 698 2850 habentes
739 2769 882 2870 galeas
923 2772 1092 2846 nostras
1129 2765 1254 2845 vobis

151 2883 392 2982 comissas,
418 2896 464 2992 et
491 2912 636 2968 eorum
663 2887 874 2977 homines,
898 2911 1025 2966 ceros
1053 2894 1253 2990 quantum

160 3009 253 3112 plus
280 3031 376 3088 esse
402 3019 560 3116 potest,
588 3013 624 3090 si
649 3006 846 3092 videbitis
874 3011 1016 3112 galeas
1044 3014 1254 3110 uigentes

161 3137 325 3209 nostras
353 3131 393 3212 in
421 3131 616 3235 periculo
659 3155 766 3221 esse,
793 3135 974 3237 propter
1014 3131 1253 3211 clausurum

162 3275 310 3358 passus
337 3253 479 3333 dictae
506 3252 646 3346 Scole;
675 3255 779 3334 etsi
808 3253 1081 3335 clauderetur
1107 3251 1254 3332 'dictus

161 3395 310 3477 passus
350 3371 542 3478 Scale,
572 3373 792 3458 manifesto
834 3373 1112 3454 subieceretis
1140 3373 1252 3476 peri·

162 3493 289 3587 culo,
327 3495 605 3602 relinquimus
632 3501 674 3578 in
702 3499 899 3578 libertate
924 3491 1082 3584 vestra,
1112 3481 1254 3572 intuli

161 3635 263 3693 casu
290 3614 498 3695 manifesti
525 3617 717 3726 periculi,
746 3617 976 3700 recedendi
1007 3640 1103 3698 cum
1124 3613 1254 3694 omni·

162 3735 241 3813 bus
268 3735 400 3838 galeis
429 3739 587 3846 nostris
615 3749 657 3820 et
685 3739 869 3820 caricari
898 3737 1082 3819 faciendi
1116 3759 1254 3841 equos

163 3863 207 3937 et
236 3863 384 3958 gentes
411 3859 648 3960 armigeras
676 3861 716 3939 in
746 3859 883 3938 arsilis
920 3859 1088 3946 nostris,
1116 3851 1254 3937 et'de·

163 3969 282 4056 strui*
301 3977 482 4057 faciendi
519 3976 714 4069 hostiles,
742 3983 784 4056 et
812 3961 908 4057 cum
938 3977 1134 4056 omnibus
1160 3999 1254 4077 gen-

150 4095 276 4176 'tlbus
303 4095 463 4176 nostris
491 4117 566 4175 vos
594 4093 825 4176 reducendi
851 4117 1002 4175 versus
1031 4093 1253 4174 bucham

161 4215 241 4296 Bo
258 4211 271 4292 l
287 4241 309 4295 a
325 4229 350 4294 n
365 4243 389 4297 e
404 4243 440 4306 e,
469 4230 512 4296 et
537 4239 701 4320 ponere
728 4225 875 4318 gentes
913 4219 1081 4296 nostres
1108 4235 1251 4316 eques·
