3154 5102
435 577 541 658 Nota
571 578 687 681 quod
714 601 828 658 orme
856 587 1055 660 contente
1081 581 1123 658 in
1152 579 1301 666 litteris
1321 581 1421 660 dicti

334 698 488 778 domini
516 699 627 799 regis
664 707 760 780 sunt
798 698 932 780 hoec:
964 745 1007 756 -
1036 699 1173 804 primo
1202 707 1421 780 trecentae

334 819 530 900 curaciee
571 865 613 878 —
654 821 834 910 trecenti
869 820 1112 901 schoncheti
1149 865 1192 878 -·-
1231 827 1421 900 trecento

333 942 491 1022 colaria
521 986 564 996 -
595 949 785 1020 trecente
802 941 975 1020 barbate
993 985 1035 996 -
1071 949 1113 1020 et
1145 939 1326 1020 trecenti
1354 939 1418 1018 cli·

257 1149 265 1176 Ι
332 1062 415 1167 pei,
446 1071 489 1141 et
515 1062 624 1140 facta
665 1062 741 1140 init
782 1061 928 1140 cedula
957 1061 1201 1142 officialibus
1243 1061 1420 1158 tabulae,

332 1186 447 1289 quod
489 1185 681 1264 iacerent
730 1183 928 1263 hulletam
969 1183 1036 1264 Sr.
1085 1183 1315 1264 Matheo
1356 1184 1421 1260 de

332 1306 508 1383 orado
537 1306 599 1383 de
627 1300 864 1403 Regusio
894 1328 973 1408 pro
1001 1303 1422 1402 dictodominorege

331 1425 582 1506 extrahendi
610 1423 718 1503 dicta
736 1447 862 1517 ormo,
890 1429 1095 1506 solvendo
1124 1427 1279 1506 dotium
1301 1449 1420 1502 cone·

330 1556 482 1628 vetum.

838 1649 921 1715 Sec·
946 1647 1036 1738 Rog.
1061 1647 1170 1714 Libro
1194 1649 1219 1712 Ι.
1244 1650 1302 1713 ch.
1323 1649 1376 1712 20.

355 1821 551 1920 XLVI.
590 1847 701 1926 1345.
737 1844 846 1926 ind.
881 1839 1012 1945 xrru.
1050 1845 1072 1917 r
1107 1839 1393 1918 ianuarii.

235 2031 237 2038 ’
326 2035 552 2105 tinctionem,
575 2053 786 2115 orrcnoprrre
811 2050 1091 2111 ynpennremmre
1115 2049 1309 2110 cyeoeenee
1334 2034 1415 2094 noit-

329 2157 399 2209 οπο,
421 2157 459 2212 μ
484 2159 601 2200 nemra
624 2159 811 2204 nonornnro
835 2157 988 2216 opornny
1002 2141 1155 2214 repeton
1170 2143 1334 2214 tineaene,
1357 2154 1429 2218 mox

329 2260 405 2303 mro
430 2261 603 2320 oportune
626 2263 730 2310 :nean
756 2251 927 2325 ttamen,
950 2262 1016 2320 ops
1041 2263 1058 2301 e
1082 2263 1123 2303 ro
1139 2259 1316 2318 npornneo
1340 2259 1415 2318 yro-

371 2365 468 2428 npy,
491 2366 736 2411 cacrmrenorm.
761 2369 799 2410 co
822 2351 956 2411 onnon
979 2351 1096 2408 Bocne
1120 2366 1137 2404 c
1163 2367 1207 2407 cr»
1228 2349 1375 2422 yrpnna.

431 2515 584 2620 Copto:
627 2520 740 2621 quod
777 2519 1090 2622 respondeatur
1125 2519 1416 2620 capitoneoet

328 2638 682 2736 gubernatoribus
710 2639 866 2718 nostris
895 2645 1048 2730 terrae,
1063 2638 1114 2714 cd
1131 2639 1434 2750 litteraequas,

327 2757 448 2836 nobis
477 2761 681 2838 miserunt
709 2787 803 2840 cum
833 2760 982 2838 litteris
1011 2760 1182 2839 inclusis
1212 2757 1415 2838 comitis

327 2878 591 2968 Mlodini,
634 2871 947 2960 continentibus
991 2880 1043 2958 de
1085 2880 1267 2981 quodem
1312 2888 1415 2958 trac·

270 3067 274 3078 ,
326 3005 425 3086 totu,
454 3025 579 3101 quem
608 3000 744 3082 dictus
775 3027 922 3082 comes
953 3002 1106 3078 asserit
1130 2999 1289 3078 habere
1312 3023 1415 3104 prce

326 3119 514 3196 monibus
555 3123 597 3199 in
626 3121 736 3201 iacto
764 3123 929 3210 Tinini,
974 3121 1087 3221 quod
1127 3123 1238 3200 sicut
1280 3121 1416 3198 sciunt

324 3241 367 3318 in
397 3241 706 3344 compositione
745 3244 855 3322 fecta
889 3267 968 3344 per
996 3265 1070 3320 eos
1110 3268 1230 3321 cnm
1272 3243 1418 3318 beno

324 3358 518 3438 Bosne
547 3367 590 3440 et
616 3359 927 3462 Hungeris.
956 3361 1213 3463 promissum
1241 3360 1317 3438 fuit
1338 3383 1417 3463 pro

323 3487 445 3584 perte
472 3489 618 3560 nostre
645 3509 729 3563 non
757 3483 970 3568 invadere,
1009 3489 1158 3560 tenere
1186 3505 1272 3558 seui
1293 3506 1415 3561 occu·

324 3625 439 3703 pare,
466 3601 518 3680 de
545 3602 729 3696 iuribus,
770 3601 1011 3688 nobilibus,
1040 3604 1250 3702 gentibus,
1292 3600 1417 3680 terris

328 3729 397 3800 ent
410 3725 731 3825 possesionibus
756 3726 912 3804 domini
940 3728 1085 3826 regis
1114 3724 1418 3823 Hungeriae

325 3847 369 3917 et
406 3841 525 3942 regni
564 3845 641 3923 sni.
694 3847 854 3924 Verum
891 3869 976 3924 non
1003 3846 1170 3925 videtur
1197 3843 1318 3928 nobis
1346 3843 1416 3920 ho-

324 3965 502 4048 nestum,
530 3988 609 4044 nec
638 3965 778 4044 facere
806 3991 886 4070 pro
923 3966 1041 4045 sectis
1078 3964 1261 4060 nostris,
1291 3965 1418 4042 intro-

324 4078 492 4160 mittere
518 4105 595 4160 nos
624 4085 675 4162 de
703 4088 816 4166 dicto
854 4095 1041 4166 castro
1076 4085 1272 4182 Ticini,
1303 4085 1417 4187 quod

323 4225 402 4304 per
429 4200 528 4280 dicti
562 4205 675 4301 regis
715 4214 883 4304 gentem
924 4205 1240 4310 presentialiter
1281 4212 1416 4294 custo,-
