3206 5110
1196 345 1258 416 bbl

163 589 284 666 pars,
324 566 438 667 quod
475 563 526 644 ad
554 561 882 666 suprascriptum
912 559 1129 668 dominum
1157 562 1263 642 mitti

164 685 341 764 debeant
359 711 494 788 usque
509 685 561 772 ad
579 709 740 786 pannos
760 690 833 762 100
848 684 1004 762 diversi
1033 685 1196 762 coloris
1226 692 1269 762 et

164 803 300 883 ducati
316 810 419 884 3000
434 805 537 892 auri,
555 813 706 884 etcum
735 805 883 906 pannis
912 813 953 882 00
970 805 1161 908 pecuariis
1178 831 1267 908 pre-

165 925 311 1016 dictis,
340 929 409 1027 qui
439 927 656 1006 mittantur
686 927 744 1004 ad·
764 947 910 1001 manus
939 924 1105 1002 comitis
1134 927 1268 1002 nostri

119 1139 124 1150 ⁸
165 1045 304 1126 Catari
331 1053 373 1123 00
401 1043 639 1148 provisoris
669 1045 805 1120 nostri
834 1043 868 1119 si
897 1041 983 1120 ittic
1012 1042 1165 1134 fuerit,
1202 1068 1267 1118 ex·

164 1165 357 1270 pediatur
384 1165 550 1244 nuntius
579 1155 855 1266 suprascripti
885 1161 1069 1250 domini,
1098 1162 1167 1264 qui
1198 1161 1268 1238 bic

140 1291 240 1374 est,
269 1292 416 1389 petens
446 1294 487 1364 00
515 1285 745 1365 sollicitans
775 1283 1090 1386 expeditionem
1129 1289 1171 1360 00
1200 1281 1267 1358 mi-

165 1407 327 1483 sionem
369 1405 619 1507 predictam.
673 1405 726 1483 Et
766 1404 1007 1482 scribantur
1040 1403 1091 1482 ad
1129 1427 1268 1504 supra·

164 1524 365 1628 scriptum
409 1525 622 1603 dominum
662 1526 801 1604 tittere
829 1523 1068 1604 hortatorie
1097 1525 1147 1603 ad
1177 1548 1268 1626 per·

164 1645 440 1722 severendum
471 1647 509 1720 in
540 1644 620 1722 tide
662 1653 704 1722 et
745 1643 1005 1733 constantia,
1044 1642 1269 1722 'declaratis

165 1791 217 1841 cx
246 1789 329 1842 uno
372 1765 503 1842 tatere
544 1764 748 1866 periculis
792 1771 834 1842 et
875 1763 993 1842 matis
1021 1761 1270 1840 imminenti·

165 1881 239 1961 bus
268 1890 311 1960 et
351 1885 402 1961 ab
446 1884 581 1960 altero
610 1883 839 1977 securitate
868 1882 1101 1960 commodis
1131 1889 1174 1960 00
1202 1882 1269 1958 be·

164 2003 340 2082 00000000.
395 2005 445 2082 Et
488 2003 538 2079 ad
581 2001 779 2082 comitem
810 2004 949 2084 Catari
978 2013 1105 2107 atque
1133 2005 1268 2107 provi·

164 2147 307 2204 sorem
337 2132 526 2201 nostrum
555 2125 766 2202 scribatur
794 2123 938 2200 itidem
965 2133 1006 2202 00
1029 2125 1270 2202 declaretur

166 2244 471 2345 ordineturque
514 2251 713 2346 quantum
756 2245 808 2322 dc
835 2245 982 2348 pannis
1010 2247 1053 2319 et
1081 2242 1269 2346 pecuniis

165 2363 364 2468 predictis
394 2365 536 2442 000000
567 2367 761 2461 babeant,
782 2367 890 2444 sicut
918 2363 1107 2466 cottegio
1137 2361 1267 2439 visum

166 2485 304 2568 000000.

130 2789 141 2804 .
265 2731 382 2808 luter
425 2737 569 2808 cetura
597 2731 841 2806 declaretur
879 2730 1015 2807 eidem
1059 2732 1269 2819 luant),

164 2849 276 2950 quod
305 2851 504 2930 mittimus
534 2851 587 2928 de
627 2855 813 2953 presenti
842 2853 921 2931 bos
949 2855 1126 2929 ducatos
1153 2859 1268 2932 3000.

164 2973 271 3047 00000
314 2997 477 3075 pannos
520 2973 750 3074 requisitos
791 2981 834 3050 00
870 2973 922 3050 de
951 2973 1040 3049 atiis
1076 2973 1268 3074 pecuniis

165 3092 305 3168 subito
334 3092 413 3174 sibi
442 3091 769 3194 providebimus.

268 3331 376 3410 Item
419 3334 686 3434 promittatur
720 3332 759 3409 00
796 3357 874 3432 per
903 3333 1063 3412 litteras
1092 3340 1268 3418 nostras,

166 3451 280 3550 quod
321 3453 356 3528 si
398 3453 543 3530 civitas
581 3461 729 3530 nostra
771 3451 1012 3532 Scutari
1055 3453 1267 3530 medianti-

165 3569 244 3645 bus
285 3571 371 3647 suis
413 3573 629 3651 favoribus
670 3573 1018 3661 conservabitur,
1054 3575 1163 3650 uttra
1191 3575 1268 3679 ptia

167 3692 295 3768 muita
324 3700 365 3769 00
394 3715 541 3790 magua
571 3693 794 3785 beneficia,
818 3720 900 3795 que
929 3699 1218 3794 consequetur
1246 3721 1269 3771 a

166 3809 300 3895 nobis,
315 3811 509 3888 volumus
539 3819 581 3890 00
610 3837 662 3888 ex
692 3839 802 3891 nuuc
832 3815 871 3890 ei
899 3813 1197 3916 promittimus,
1225 3822 1269 3890 ut

164 3931 356 4032 provisio
387 3957 473 4023 sua,
503 3958 608 4036 quae
636 3941 701 4010 est
728 3936 780 4012 de
810 3933 1270 4037 presentiducati1200

165 4053 206 4128 iu
224 4073 344 4139 antro,
361 4053 414 4131 sit
430 4056 675 4134 ducatorum
690 4063 804 4136 2000.
822 4079 902 4160 pro
932 4079 977 4131 so
994 4060 1036 4130 ot
1064 4054 1156 4133 titiis
1172 4056 1269 4130 suis.

485 4171 593 4239 Secr.
616 4193 717 4239 cons.
742 4193 820 4258 rog.
845 4173 917 4238 Lib.
942 4180 1051 4238 xxvi.
1076 4173 1130 4242 cb.
1156 4176 1224 4242 100.
