3228 5108
291 379 358 474 ,θ’

294 587 443 706 addit,
473 597 677 692 quotenus
706 597 861 692 quanto
890 591 1074 696 prestius
1102 591 1296 696 poteritis
1317 617 1384 672 cc

294 732 343 790 ae
371 707 559 806 debeatis
590 709 639 788 ad
663 699 923 814 presentiam
963 713 1032 790 do
1049 711 1193 790 mini·
1223 711 1385 816 imp'e·

296 831 546 914 ratoris.
589 837 633 906 ct
659 827 739 906 sibi
779 827 922 909 dicere
950 839 1070 932 parte
1109 839 1262 922 nostra,
1291 855 1385 912 cum

296 949 378 1066 illis
404 949 575 1028 utilibus
602 947 743 1026 verbis
766 937 813 1026 'et
839 951 1158 1058 pertinentibus,
1185 975 1291 1054 quae
1320 974 1386 1027 ve-

296 1078 406 1148 strae
434 1070 665 1172 sapientiae
686 1067 952 1156 videbuntur,
982 1072 1161 1174 qualiter
1185 1075 1296 1151 sicut
1322 1069 1386 1148 su'·

297 1193 365 1268 um
392 1187 615 1294 imperium
658 1190 768 1269 bene
796 1189 961 1298 novit„
982 1191 1257 1270 honorabiles
1298 1211 1387 1268 ora·

296 1319 416 1388 tores
442 1311 506 1386 sui
543 1310 710 1386 fuerunt
741 1312 791 1387 ad
819 1317 1007 1388 nostram
1035 1311 1315 1412 presentiam,
1346 1317 1389 1390 et

295 1429 408 1508 inter
446 1431 630 1532 aliaper
651 1435 772 1534 'suam
802 1429 1093 1510 excellentiam
1129 1429 1209 1510 sibi
1238 1425 1384 1537 comisss

296 1576 366 1638 sa,
390 1551 560 1640 inerunt
594 1549 754 1653 pluries
789 1549 1011 1628 nobiscum
1040 1560 1204 1629 etcum
1233 1551 1387 1630 nostris

294 1671 510 1754 nobilibus
538 1673 746 1774 profacto
765 1681 1050 1770 treuguarum
1082 1669 1281 1774 quibussi
1304 1671 1387 1748 deo

97 1855 111 1880 .
174 1821 191 1913 ·Ι
296 1794 523 1899 placuisset
551 1791 811 1896 optabamus,
839 1793 1107 1894 quantumin
1135 1789 1257 1870 nobis
1286 1800 1388 1876 erat.

295 1914 416 2017 quod
442 1921 609 2018 optatus
650 1912 741 1992 linis
771 1923 816 1994 et
840 1909 1059 1994 conclusio
1088 1919 1389 2016 praestaretur,

298 2044 342 2116 et
369 2043 562 2138 optamus
591 2037 641 2114 ad
656 2057 871 2140 praesens,
899 2033 1032 2114 sedin
1050 2033 1202 2113 effectu
1229 2057 1309 2134 per
1323 2031 1389 2110 illa

296 2179 408 2259 quae
436 2155 804 2259 comprehendere
832 2165 875 2234 et
904 2157 1053 2235 videre
1076 2153 1308 2258 potuimus,
1337 2154 1390 2232 de

298 2277 492 2361 omnihus
519 2275 702 2354 cumeis
729 2276 768 2352 in
786 2273 1019 2356 concordio
1049 2273 1286 2368 fuissemus,
1315 2273 1390 2353 sal·
1502 2274 1511 2290 '

296 2422 351 2476 vo
381 2395 550 2498 qnidam
592 2397 645 2476 de
673 2397 785 2476 iacto
814 2394 1059 2480 Tenedi,
1097 2395 1150 2470 de
1178 2415 1260 2492 quo
1289 2393 1389 2470 mul·

297 2515 477 2612 tis-binc
504 2517 601 2600 inde
629 2515 834 2595 discussis
872 2521 914 2592 et
941 2521 1115 2614 reperto
1139 2535 1234 2590 uno
1263 2512 1389 2592 modo

297 2640 395 2718 satis
422 2636 657 2718 rationabili
700 2645 743 2714 et
768 2637 965 2732 honesto,
991 2633 1190 2720 dixerunt
1218 2655 1240 2711 a
1268 2635 1390 2712 maie·

298 2767 404 2840 state
417 2782 491 2840 sua
506 2781 589 2839 non
610 2758 767 2836 babere
788 2759 969 2858 aliquam
986 2756 1234 2840 libertatem,
1264 2743 1390 2855 prop·

299 2890 366 2961 ter
385 2881 515 2982 'qnam
545 2903 712 2956 oausam
756 2877 937 2956 cessavit
977 2875 1195 2954 conclusio
1240 2898 1391 2954 eorun-

298 2999 410 3080 dem.
448 2999 535 3076 Sed
565 3000 659 3101 quia
689 3007 882 3102 optamus
909 2997 1055 3074 vivere
1086 3019 1181 3072 oum
1210 2995 1389 3098 imperio

298 3145 374 3200 suo
401 3125 547 3200 sancto
577 3129 618 3198 et
648 3144 742 3198 enm
770 3141 844 3196 sna
872 3118 1089 3194 maiestate
1118 3115 1247 3192 inille
1274 3137 1385 3192 amo·

298 3266 345 3319 re
373 3250 415 3321 et
442 3239 736 3327 benivolentia,
764 3241 802 3316 io
831 3240 980 3340 quibus
1009 3238 1143 3314 nostri
1169 3236 1389 3338 predeces-

165 3375 168 3385 '
208 3379 212 3388 '
298 3388 420 3444 sores
461 3387 631 3462 semper
680 3363 872 3440 vixerunt
914 3383 1007 3438 cum
1050 3355 1389 3436 antecessoribus

298 3484 405 3573 suis,
433 3484 673 3562 mandamus
709 3483 830 3560 vobis
858 3481 968 3582 quod
996 3482 1038 3557 in
1067 3502 1164 3556 casu
1193 3503 1278 3579 quc
1309 3476 1391 3575 pla·

300 3613 394 3687 ceat
435 3603 639 3684 maiestati
687 3628 814 3687 suae,
856 3603 970 3703 qnod
1010 3601 1145 3677 dictae
1189 3606 1390 3694 treuguae

300 3727 628 3810 concludantur,
664 3723 896 3800 secundum
941 3722 1178 3798 libertatem
1220 3739 1393 3818 quoma

298 3847 421 3928 nobis
435 3844 609 3932 habetis,
626 3869 722 3921 clim
737 3842 1039 3921 reformatione
1068 3839 1240 3941 capituli
1267 3835 1395 3914 rhe-

300 3969 449 4058 nedi,
476 3969 515 4046 in
546 3967 679 4044 forma
706 3963 975 4067 presentibus
1004 3961 1246 4046 interclusa,
1274 3955 1392 4036 cuius

188 4106 193 4122 '
299 4087 476 4170 similem
507 4095 702 4168 oratores
731 4087 810 4165 sni
835 4083 1071 4162 habuerunt
1098 4077 1287 4164 anobis,
1314 4101 1392 4154 vos

299 4209 392 4288 illas
422 4216 622 4309 treuguas
646 4207 687 4286 in
717 4205 825 4294 bono
854 4205 986 4304 gratia
1029 4203 1197 4280 firmare
1226 4207 1394 4278 clean·

303 4330 476 4413 cludere
517 4327 723 4416 delicatio
764 4333 805 4404 et
832 4326 894 4402 sic
922 4317 1277 4422 villamus-quod
1304 4339 1396 4419 per
