3212 5116
335 403 402 468 21⁰

338 613 402 688 tes
429 606 678 710 praedictas,
704 605 736 682 si
765 606 899 683 iactae
934 609 1041 694 sunt,
1068 629 1278 685 revocare
1300 615 1341 686 et
1369 631 1429 684 re·

339 729 524 807 lormare
551 727 717 832 placeat
734 733 787 803 et
811 727 978 812 velitis,
1006 733 1049 806 et
1076 721 1128 803 ab
1156 726 1258 830 ipsis
1284 728 1350 806 vel
1378 729 1429 806 si·

339 847 528 944 milibus,
558 845 610 924 de
639 852 785 923 cetero
815 868 890 921 vos
919 844 1161 934 abstinere,
1189 845 1428 947 permitten-

337 975 400 1047 tes
415 967 528 1046 cives
557 971 599 1044 et
615 974 877 1044 mercatores
894 971 1066 1042 nostros
1091 967 1249 1044 morari
1267 975 1309 1044 et
1323 989 1430 1044 mer·

294 1075 297 1084 ¹
340 1091 428 1168 cari
466 1089 507 1165 in
536 1089 662 1164 terris
700 1091 742 1161 et
769 1085 874 1163 locis
901 1083 1020 1160 robis
1060 1085 1262 1178 subditis,
1289 1088 1429 1165 salvos

339 1215 382 1286 et
410 1231 607 1292 securos,
636 1231 686 1285 ac
714 1213 940 1285 tractantes
968 1211 1011 1284 et
1039 1213 1352 1299 conservantes,
1380 1230 1430 1285 ao

337 1331 507 1408 tractari
523 1338 565 1408 et
592 1329 834 1406 conservari
862 1329 1081 1416 iacientes,
1111 1331 1228 1432 ipsos
1249 1353 1344 1406 cum
1359 1352 1430 1409 eo·

338 1477 430 1530 rum
472 1451 593 1529 bonis
623 1460 665 1527 et
690 1449 1033 1544 mercationibus,
1062 1449 1355 1528 favorabiliter
1390 1457 1434 1528 et

342 1574 536 1672 benigne,
564 1571 794 1647 secundum
812 1571 944 1648 bonas
963 1568 1300 1660 consvetudines,
1330 1571 1433 1647 fran-

343 1693 495 1770 chisias
523 1697 564 1767 et
592 1690 809 1766 libertates
836 1687 1001 1782 solitas,
1043 1695 1172 1791 prout
1199 1688 1251 1764 de
1279 1692 1433 1789 magni·

341 1809 506 1889 licentia
532 1813 672 1884 vestra
698 1808 825 1910 plene
853 1829 1080 1908 speramus.
1115 1805 1255 1912 Super
1281 1810 1431 1910 quibus

309 1930 510 2034 =quidem
539 1928 760 2016 omnibus,
801 1924 923 2004 nobis
962 1952 1042 2029 per
1068 1937 1230 2006 vestras
1273 1929 1433 2007 litteras

340 2051 613 2130 intentionem
655 2054 836 2125 vestram
879 2049 1043 2149 placeat
1081 2071 1277 2126 reserare
1306 2070 1431 2152 quam

343 2168 474 2248 cicius
502 2193 595 2245 esse
622 2175 790 2270 potest,
812 2174 918 2269 'quas
947 2168 1109 2246 consuli
1137 2177 1288 2247 nostro
1316 2192 1433 2271 prae·

343 2289 457 2366 dicto
486 2288 697 2390 assignare
725 2287 875 2366 velitis.

726 2474 819 2542 uisu
843 2475 900 2539 uer
925 2433 1067 2541 senato
1093 2472 1236 2542 xxxv.
1261 2477 1316 2542 cn.
1339 2479 1390 2545 aa.

448 2674 798 2780 cxxxvlii.
840 2701 953 2776 1382.
991 2701 1054 2779 as.
1084 2697 1331 2806 Aprilis.

343 2910 476 2969 Raros
521 2911 645 2967 flaons
681 2922 721 2978 aa
745 2909 862 2966 Panna
898 2923 1089 2966 sacr-erana.
1128 2909 1321 2986 ltoropcrill
1347 2908 1435 2982 nalo,

342 3031 381 3086 aa
406 3031 466 3070 aaa
494 3029 618 3086 anarny
644 3013 778 3070 nouobs
805 3029 869 3082 orn
894 3013 1063 3070 Panurorr.
1088 3029 1192 3088 apaan
1215 3031 1235 3088 y
1260 3015 1430 3086 nolanam·

345 3135 396 3190 xa,
420 3136 524 3192 peasa
558 3134 751 3192 arpyraan
777 3117 998 3192 norpeoan,
1029 3134 1111 3176 raro
1135 3136 1173 3190 aa
1199 3135 1239 3180 ee
1274 3139 1318 3180 cn
1339 3137 1434 3182 ‘ron

347 3226 480 3297 ooaohy
518 3239 622 3280 uorao
658 3237 833 3295 cannara,
858 3235 1097 3281 sanato-renos
1134 3239 1259 3282 narcara
1299 3241 1433 3286 acron

409 3344 544 3402 apsaro,
613 3340 759 3384 naaanrrr
786 3339 825 3396 ay
852 3337 932 3378 raro
958 3339 975 3379 a
1006 3340 1045 3380 ra
1069 3341 1211 3397 ynasaoa
1238 3331 1368 3388 nonobs

616 3426 756 3503 npiarna
794 3446 810 3482 n
836 3443 966 3487 roavao
998 3445 1037 3484 ee
1069 3444 1166 3500 nean.

449 3617 554 3697 Cum
585 3614 739 3694 nobilis
767 3615 831 3690 vir
859 3609 925 3687 Sr.
951 3609 979 3686 J
993 3637 1095 3690 aco
1112 3615 1209 3693 bus
1236 3618 1288 3694 de
1317 3615 1434 3720 uip-

345 3763 425 3841 pa‚
455 3737 704 3840 exposuerit
719 3733 920 3825 dominio,
936 3732 1050 3835 quod
1079 3733 1263 3815 existens
1290 3739 1341 3815 de
1368 3763 1437 3816 no·

346 3867 435 3937 stro
464 3858 658 3938 mandato
702 3857 953 3937 castellanus
983 3853 1121 3934 Catari
1163 3860 1314 3962 recipit
1354 3884 1434 3939 ma·

344 4003 465 4080 gnam
494 3989 536 4059 et
563 3980 792 4061 notabilem
820 3974 1142 4056 subventionem
1171 4005 1193 4057 a
1220 3981 1433 4060 domino

348 4125 488 4204 rege
515 4104 771 4187 Rassiae,
800 4107 881 4177 tam
909 4098 961 4174 de
990 4099 1200 4196 gentibus,
1229 4127 1350 4210 quam
1378 4105 1434 4181 vi·

348 4228 552 4309 ctualibus
594 4234 636 4306 et
663 4225 752 4304 aliis
779 4220 921 4308 rebus,
949 4217 1085 4296 taliter
1113 4225 1225 4326 quod
1254 4221 1433 4300 median·
