3236 5108
302 371 367 438 m

163 645 168 654 .
304 573 685 667 sinceradilaetio,
727 572 838 673 quod
869 580 910 653 et
937 577 1114 676 propter
1154 571 1273 650 istam
1305 577 1396 652 oau-

305 721 392 774 sam
422 707 463 775 et
491 699 634 798 piures
677 695 776 771 elias
816 693 1087 772 rationabiles
1117 703 1158 771 et
1186 695 1398 780 honestes,

304 843 387 895 non
442 817 606 894 videtur
648 815 767 893 nobis
822 813 1106 892 necessarium
1160 815 1314 892 intrare
1342 814 1393 889 ad

286 945 524 1021 tractatum
555 937 674 1037 ligae.
712 933 798 1012 Sed
826 935 860 1011 si
887 934 969 1034 ipsi
996 935 1166 1012 dorniuo
1195 933 1285 1033 regi
1314 956 1395 1036 pro

305 1059 628 1140 conservatione
658 1057 778 1155 regni
806 1057 871 1134 sui
901 1056 1041 1140 forent
1081 1056 1219 1158 aliqua
1256 1079 1396 1133 neees-

303 1182 425 1270 saria,
453 1204 558 1282 qrrae
587 1201 663 1282 per
693 1203 769 1260 uos
799 1178 889 1256 tieri
929 1186 1116 1280 possent,
1145 1202 1222 1254 nos
1252 1177 1392 1280 quooi-
1437 1171 1438 1176 ‘

306 1323 522 1401 saeuaque
576 1297 776 1377 fuerimus
806 1289 1008 1398 reipuisiti,
1035 1298 1170 1401 parati
1207 1296 1392 1374 invenie·

290 1445 398 1500 ,mur
426 1421 476 1498 ud
505 1419 853 1522 complacendum
881 1441 982 1522 suae
1010 1419 1229 1516 majestati,
1247 1417 1399 1499 faoieu·

304 1543 361 1624 do
390 1567 539 1620 versus
574 1567 655 1619 nos
683 1543 736 1618 de
765 1540 892 1620 rebus
913 1543 1043 1641 justis
1083 1538 1398 1622 rationabilibus

305 1673 348 1742 et
376 1664 580 1744 honestis.
609 1661 898 1764 Regnatiautes
925 1666 1129 1744 immense
1157 1661 1237 1768 ipsi
1265 1661 1395 1740 domi·

165 1841 170 1852 .
304 1809 361 1864 no
392 1783 536 1864 comiti
562 1785 615 1862 de
644 1786 753 1864 bone
796 1784 1086 1890 dispositione,
1128 1777 1252 1885 (fuum
1281 1781 1395 1860 omni

304 1902 373 1980 die
403 1901 637 1986 evidentius
664 1903 823 2010 habere
863 1904 1160 2003 cognoscimus
1203 1903 1397 2003 magnitu-

305 2023 442 2100 dinem
470 2047 587 2102 suam
616 2023 674 2110 ad.
705 2025 893 2104 honores
921 2032 966 2104 et
995 2023 1256 2129 beneplacita
1300 2047 1394 2102 nos-

305 2155 387 2235 tra
415 2145 466 2230 ad
495 2148 614 2243 eujus
644 2170 813 2248 quoque
842 2153 984 2246 grata
981 2170 1126 2224 sumus
1154 2146 1247 2226 vioe
1274 2164 1397 2222 versa

303 2271 500 2414 prompta
527 2273 668 2348 mente
697 2267 905 2371 dispositi

407 2386 755 2468 Adulteram
795 2385 1397 2490 purtemdetrrbusgnle

183 2549 188 2554 ·
304 2508 352 2594 is,
381 2528 482 2606 quas
520 2506 612 2610 ipse
653 2504 845 2584 domiuus
888 2529 1034 2586 eomes
1074 2505 1251 2609 requirit
1279 2527 1318 2582 a
1327 2527 1399 2582 no-

306 2627 368 2708 bis
395 2650 477 2730 pro
514 2624 820 2732 damnificando
846 2624 875 2702 J
891 2649 913 2704 a
929 2625 955 2700 d
970 2651 991 2704 r
1007 2651 1030 2704 a
1046 2628 1087 2704 ti
1103 2653 1129 2706 n
1146 2651 1219 2714 os,
1247 2636 1294 2706 ut·
1306 2625 1399 2702 sint

306 2748 556 2829 obedientes
595 2746 819 2826 domini
854 2748 991 2846 regi
1020 2755 1076 2826 et
1129 2771 1395 2828 auronae

305 2867 656 2969 nungarjiae,
685 2892 735 2948 ao
762 2866 842 2948 sibi
868 2872 1079 2970 tamquam
1106 2865 1255 2946 bano
1283 2867 1388 2944 Dul-

231 2977 233 2982 ’
306 3015 345 3068 m
362 3013 384 3066 a
401 2997 415 3068 t
430 2989 442 3065 i
458 3013 520 3068 ae
549 2995 596 3066 et
619 2997 701 3068 eet.
730 2987 1065 3093 Respondentur,
1082 2988 1196 3090 quod
1224 3013 1302 3068 nos
1329 3012 1391 3064 su·

303 3135 399 3190 mus
424 3111 523 3190 satis
551 3111 670 3194 certi,
690 3111 819 3210 quod
843 3109 1034 3190 dominus
1064 3133 1309 3188 eomesnon
1325 3109 1394 3186 du·
1424 3159 1431 3172 ·

302 3230 419 3322 bitot,
450 3231 564 3331 quod
593 3227 677 3309 nos'
701 3231 894 3308 libenter·
920 3231 1288 3330 compleueremus
1314 3249 1397 3306 ma·

291 3353 570 3452 ·guiiieentiae
612 3374 724 3442 suae,
753 3352 806 3432 de
836 3352 1002 3431 eunctis
1044 3351 1165 3432 nobis
1191 3347 1397 3455 possibili·

306 3475 385 3553 bus
414 3480 685 3558 oumnostro
727 3471 909 3552 honore.
965 3471 1051 3552 Sed
1078 3473 1118 3552 in
1146 3471 1324 3550 veritate
1350 3472 1399 3549 is·

307 3596 378 3674 tud
409 3594 522 3674 foret
566 3617 661 3672 oum
701 3593 832 3672 nimio
863 3618 996 3672 onere
1037 3592 1175 3672 nostri
1207 3591 1396 3676 dominii,

309 3723 351 3794 et
379 3721 525 3794 eontra
552 3713 594 3792 id
624 3707 739 3815 qnod
768 3711 1008 3816 quaerimus
1035 3720 1077 3790 et
1115 3711 1397 3814 quaesivimus

311 3841 396 3914 tota
423 3836 504 3923 diet
532 3833 694 3912 scilicet
720 3834 864 3913 vivere
892 3834 933 3911 in
960 3855 1065 3934 paee
1094 3840 1137 3914 et
1160 3831 1400 3910 benivolen-

308 3957 364 4034 tia
393 3981 488 4034 oum
518 3949 714 4034 omnibus
743 3964 787 4034 et
809 3952 1037 4059 praecipue
1066 3979 1162 4034 eum
1191 3950 1400 4032 oiroavioi·

309 4075 571 4168 abnostris,
599 4099 692 4155 nam
721 4102 806 4155 non
835 4076 1109 4166 est'dubium,
1138 4076 1252 4176 quod
1280 4073 1316 4152 si
1335 4072 1402 4164 da·

310 4221 450 4275 remus
479 4195 730 4277 dietaesuae
757 4184 1093 4298 magnificentiae
1120 4195 1260 4296 galeas
1285 4215 1401 4297 prae·

305 4317 448 4412 dietas,
474 4317 682 4398 dadrutiui
722 4325 897 4420 possent
927 4323 1042 4419 juste
1070 4325 1114 4396 et
1140 4313 1399 4396 rationabili·
