3220 5118
1256 389 1305 474 N

286 579 601 698 CCCXXV·
633 526 1229 702 mbaseptembrisss
1306 671 1309 681 i
1429 555 1436 567 '

204 741 393 824 llynorrobia
441 761 460 799 u
504 757 626 804 aanorn
673 741 898 799 Maerauaoan
956 753 1142 813 uoonnarray
1190 739 1303 811 ἥκοι]

267 847 425 922 danway.
450 827 600 920 oppiana
635 861 677 902 aa
700 843 879 919 deeuunn
903 859 1053 918 geeuory
1077 841 1239 927 Craaany.

304 963 413 1048 Nos
456 959 708 1038 Thomas
749 959 1300 1060 llloeenigo'deigra·

204 1086 261 1182 tia
288 1085 371 1162 dux
398 1081 670 1170 Venetiarnm
699 1089 779 1160 etc.
835 1079 1100 1158 (inmittimus
1120 1077 1203 1178 ‚ubi
1231 1105 1303 1158 no·

206 1205 396 1284 biliviro
425 1201 656 1282 daeobo
696 1199 992 1296 Dandulo,
1032 1203 1192 1282 dilecto
1221 1202 1303 1282 ciri

205 1332 249 1406 et
275 1325 388 1404 fideli
416 1335 581 1414 nostro,
609 1323 725 1427 quod
752 1325 806 1402 de
834 1331 982 1402 nostro
1012 1321 1210 1404 mandato
1238 1327 1302 1415 ire

205 1443 361 1528 debeas
389 1444 440 1524 ad
467 1445 749 1550 praesentiam
777 1471 818 1522 m
833 1471 856 1524 a
870 1469 897 1546 g
911 1472 937 1524 n
954 1446 967 1520 i
982 1444 1002 1522 f
1012 1443 1024 1520 i
1040 1445 1092 1524 oi
1129 1446 1197 1538 do
1214 1469 1255 1522 m
1269 1446 1297 1523 i·

204 1567 259 1662 ni
298 1566 544 1670 despoti
586 1563 826 1646 stefani
867 1563 1083 1647 {tascie
1125 1572 1168 1642 et
1215 1575 1300 1644 oet.

202 1685 271 1768 eui
311 1685 591 1788 praesentatis
635 1684 797 1786 nostris
838 1683 988 1776 litteris
1034 1685 1300 1786 credulitatis

204 1807 280 1889 tibi
319 1805 544 1890 exhibitis.
586 1814 629 1886 et
670 1805 882 1911 porrectis
909 1805 1230 1892 salutationibus
1259 1813 1302 1886 et

205 1923 484 2010 oblationibus
512 1925 727 2024 euagrius,
759 1951 853 2006 cnm
881 1927 1024 2004 verbis
1051 1925 1304 2030 pertinenti·

206 2047 308 2136 bus,
352 2047 510 2128 debeas
546 2069 662 2130 suae
695 2045 1034 2146 magnificentiae
1082 2069 1302 2149 exponere

207 2167 345 2246 nostri
401 2170 549 2269 parte,
588 2165 702 2267 qued
743 2165 868 2246 sient
895 2166 1077 2248 diximus
1122 2167 1303 2268 egregiis

204 2284 443 2394 oratoribus
469 2311 572 2366 suae
601 2285 946 2386 magnificentiae,
971 2313 1087 2390 quos
1115 2313 1226 2368 nune
1253 2290 1303 2367 ad
1353 2371 1356 2378 ,

203 2408 487 2513 praesent-iam
515 2411 701 2506 nostram
717 2406 951 2498 destinavit,
976 2406 1110 2493 habes
1138 2407 1303 2488 reterre

204 2527 283 2608 sibi
310 2529 402 2605 viva
430 2553 553 2618 voce,
581 2527 690 2630 apud
719 2551 870 2638 omnes
898 2528 995 2606 fore
1025 2532 1304 2620 notissimum,

204 2647 388 2752 qualiter
429 2650 541 2728 inter
574 2648 816 2748 magnifloos
852 2652 1156 2754 progenitores
1189 2673 1302 2744 suos

204 2773 313 2878 ete.
367 2825 377 2847 .
432 2823 443 2847 .
497 2791 521 2845 ·.'
561 2767 705 2867 (duab
734 2770 897 2870 oubnyo
927 2794 1003 2862 aaa
1041 2794 1120 2850 sao
1150 2797 1298 2876 rnroa
1352 2779 1357 2792 '

201 2879 472 2998 yssonroaopy
511 2912 681 2980 narona
724 2913 1035 3002 noeaauununa
1075 2893 1301 2993 deonoru-

202 3033 315 3098 anu,
368 3032 530 3088 serora
577 3032 707 3104 nana,
748 3016 834 3105 aaz)
902 3010 954 3090 Et
1008 3013 1069 3092 sie
1118 3013 1299 3118 penden-

206 3127 316 3236 tibus
344 3129 532 3208 terminis
558 3129 688 3236 ipsius
715 3153 924 3232 guerrae,
967 3137 1211 3220 successive
1241 3135 1303 3244 ,de
1343 3227 1349 3238 ·

206 3247 303 3330 inde
331 3248 408 3357 alia
437 3249 531 3328 loen
559 3274 667 3352 quae
696 3254 879 3342 tenebat,
908 3253 1017 3336 iuste
1052 3260 1095 3334 et
1110 3258 1162 3333 de
1191 3255 1303 3356 bona

207 3391 359 3468 guerra
386 3371 689 3474 acquisivimus
734 3379 777 3452 et
803 3379 1021 3476 tenemus;
1061 3385 1104 3456 et
1131 3378 1182 3466 ad
1210 3401 1302 3484 sup·

207 3487 446 3572 libationem
475 3489 597 3570 nobis
625 3501 868 3595 porrectam
896 3519 974 3598 per
992 3497 1107 3574 cives
1125 3502 1179 3575 et
1204 3493 1301 3574 fide-

209 3608 269 3688 les
297 3618 469 3690 noetros
498 3613 708 3694 dictorum
737 3614 963 3710 loeornmp
987 3639 1108 3718 qnae,
1135 3621 1181 3693 ut
1204 3639 1304 3719 pro·

207 3729 343 3824 fertur
384 3731 507 3822 alias,
546 3758 826 3846 posueramus
873 3743 915 3814 et
942 3737 1195 3815 dederamus
1225 3735 1302 3839 ipsi

205 3850 275 3930 Ba
293 3852 303 3927 Ι
319 3876 338 3926 s
354 3877 377 3930 a
392 3877 428 3942 e,
456 3853 726 3956 promisimus
742 3881 828 3934 non
856 3855 1042 3956 alienare
1060 3857 1156 3936 loea
1183 3880 1303 3960 prae-

207 3969 332 4057 dicta,
360 3970 435 4050 sed
463 3975 535 4053 illa
561 3975 639 4052 sub
667 3975 976 4075 gubernatione
1004 3975 1140 4056 nostri
1170 3975 1299 4080 domi·
1452 4036 1460 4056 .,

129 4089 131 4092 ’
206 4089 262 4168 nii
289 4082 439 4201 tenere
469 4100 512 4170 et
540 4095 758 4198 perpetuis
786 4096 1050 4197 temporibus
1080 4119 1302 4200 conserua·

207 4233 267 4298 re,
297 4217 340 4290 et
366 4211 454 4294 hoe
493 4238 574 4318 pro
602 4213 747 4322 votivo
790 4221 1302 4325 contentamentomenti·

405 4370 406 4373 ¹
1075 4343 1098 4404 4
