3212 5116
23 1221 24 1230 ¹
184 1196 224 1273 ni
254 1196 394 1274 ltaroli
421 1202 565 1300 preter
592 1199 793 1274 Venetos.
821 1193 930 1294 Quas
958 1194 1127 1297 quidem
1155 1194 1264 1273 obla·
1384 1273 1390 1291 ,

183 595 255 674 det
283 593 419 672 ducali
475 591 658 674 dominio
695 592 825 694 ipsam
878 597 1078 684 tractam,
1114 601 1156 672 et
1181 621 1286 676 non,

182 718 418 818 permittet,
448 717 559 819 quod
600 713 735 815 aliqua
776 713 852 792 alia
892 739 1075 818 persona
1116 715 1268 798 habeat

182 835 314 937 ipsam
355 843 542 914 tractam.
595 831 819 910 Tertio:
861 831 1011 912 obtulit
1037 842 1078 913 et
1114 836 1267 935 prorni-

182 956 234 1034 sit
261 957 374 1036 dicto
404 957 585 1046 nomine,
618 955 731 1056 quod
758 953 895 1031 nullus
924 961 1136 1034 mercator
1176 979 1268 1060 pos·

182 1077 236 1154 sit
262 1085 389 1170 stare,
412 1099 493 1156 nec
519 1075 713 1154 trallcare
742 1075 781 1153 in
798 1073 983 1154 dominio
1012 1075 1112 1156 dicti
1140 1075 1267 1156 domi·

184 1318 320 1395 tiones
350 1316 461 1395 idem
489 1317 681 1395 dominus
707 1318 803 1404 dux,
832 1324 874 1395 et
896 1316 1081 1396 sindicus
1107 1316 1269 1419 predic·

185 1443 251 1514 tus
280 1442 632 1540 acceptaverunt,
661 1435 937 1536 regratiantes
978 1436 1100 1514 valde
1129 1436 1182 1514 de
1210 1438 1265 1539 ip·

184 1556 239 1632 sis
267 1555 570 1656 magnificentie
597 1553 753 1634 domiui
781 1555 924 1634 liaroli
950 1556 1169 1658 prelibati,
1197 1581 1269 1636 co·

185 1682 440 1774 goosccntes
467 1677 557 1754 illas
596 1677 834 1782 procedere
863 1702 885 1753 a
913 1700 1060 1776 magna
1087 1676 1268 1756 dileetio·

185 1821 237 1872 ne
281 1807 325 1874 et
352 1820 497 1875 amore
526 1797 747 1900 perlecto,
776 1821 825 1876 ac
854 1797 1030 1875 tirmiter
1069 1803 1270 1894 tenentes,

184 1916 301 2016 quod
315 1913 451 2019 ipsum
466 1917 681 1995 dominum
696 1917 892 1995 ltarolnm
907 1917 947 1992 in
962 1918 1154 1996 venirent
1167 1941 1268 1994 sem·

183 2059 261 2138 per
288 2043 485 2138 prompte
513 2036 756 2140 dispositum
775 2037 834 2143 ,ad
862 2037 1049 2138 quelibet
1077 2037 1270 2140 benepla-

186 2157 280 2252 cita,
310 2165 351 2234 et
379 2155 567 2234 honores
593 2155 754 2234 ducalis
781 2155 954 2232 dominii
980 2157 1270 2240 venetiarum.

184 2275 388 2356 Preterea
414 2277 629 2382 predictus
657 2277 917 2355 ambaxiator
945 2284 987 2356 et
1019 2286 1273 2380 procurator

23 2401 25 2478 l
179 2401 266 2496 jam
295 2394 394 2474 dicti
422 2396 578 2474 domini
606 2395 751 2474 liaroli
784 2396 900 2473 dicto
943 2397 1110 2474 nomine
1137 2398 1271 2503 petiit,

186 2515 303 2618 quod
330 2515 441 2595 idem
469 2516 659 2594 dominus
710 2515 916 2608 heroine,
943 2518 1010 2594 vel
1051 2517 1183 2598 nuntii
1209 2518 1272 2596 sui

185 2636 348 2738 possint
387 2635 610 2714 extrahere
638 2637 690 2714 de
730 2636 921 2715 Venetiis
963 2660 1094 2729 armo,
1123 2644 1277 2738 gentes

186 2757 429 2856 armigeros,
457 2763 499 2832 et
540 2755 803 2834 balistrarios
830 2781 910 2858 pro
953 2759 1142 2860 pecuniis
1178 2783 1271 2863 pre·

186 2879 388 2957 nominati
428 2877 585 2956 domini
626 2877 796 2962 liaroli,
837 2877 1001 2981 dequo
1042 2879 1271 2982 prelibatus

187 2997 392 3086 dominus,
416 2998 608 3078 dominus
636 2999 719 3076 dux
733 2999 1019 3090 venetiarum,
1034 3009 1076 3078 ct
1090 3000 1271 3080 sindicus

187 3118 496 3222 suprascriptus
523 3119 638 3198 dicto
681 3119 850 3196 nomine
893 3121 1079 3199 contenti
1119 3120 1273 3200 luerint

188 3239 459 3342 complacere
496 3237 572 3316 sibi
601 3265 697 3318 oum
724 3241 795 3320 tali
837 3241 1092 3331 conditione,
1131 3241 1271 3320 videli-

189 3368 259 3438 cet
286 3358 398 3461 quod
425 3357 658 3455 hulistr-arii,
687 3363 753 3439 vel
781 3364 1067 3464 cujuscunque
1096 3361 1268 3440 conditi·

189 3481 279 3557 onis
319 3478 509 3558 homines
551 3481 834 3575 extraherint‚
868 3483 903 3560 si
944 3488 1068 3560 erunt
1104 3483 1272 3570 Veneti,
1331 3551 1334 3558 .

188 3600 254 3677 rel
280 3598 540 3678 habitatores
555 3603 843 3698 Venetiarum‚
872 3603 962 3704 ipse
991 3600 1272 3680 dominuslia·

188 3723 308 3800 rolus
336 3729 475 3800 teneat
502 3747 576 3801 eos
597 3725 639 3802 iu
667 3724 871 3803 fortilioiis
898 3723 996 3814 suis,
1012 3731 1054 3802 et
1076 3745 1158 3802 non
1185 3721 1272 3800 mit·

189 3848 246 3920 tat
273 3841 389 3944 ipsos
416 3849 536 3920 extra
563 3843 613 3920 ad
649 3866 840 3948 campum
868 3836 1007 3943 aliquo
1049 3841 1188 3932 modo;
1214 3841 1268 3919 de

189 3963 279 4041 aliis
305 3985 410 4038 vero
440 3961 696 4056 balistrariis‚
723 3972 764 4040 et
792 3969 916 4061 gente
945 3962 1161 4061 armigera,
1190 3987 1272 4063 que
1392 3957 1398 3978 ⁸

188 4109 273 4163 nou
301 4089 440 4162 esseut
452 4080 617 4174 Veneti,
633 4107 712 4161 nec
726 4081 987 4161 habitatores
1001 4083 1272 4162 venetiarum

26 4169 30 4194 ¹
187 4204 323 4311 possit
349 4201 561 4292 ordinare,
576 4207 618 4282 et
631 4205 859 4306 disponere
887 4204 1025 4284 utsibi
1050 4201 1267 4308 placuerit.
