3192 5112
7 593 8 608 ³
164 610 282 688 orni
322 615 530 712 tenpore,
571 607 681 690 olent
709 606 951 690 oariuinroe
992 607 1107 688 eiveo
1147 631 1259 702 ouon,

162 739 208 808 et
234 729 350 832 quod
375 729 614 810 incivitetc
642 727 913 810 venetiorum
955 730 1117 831 poroiut
1157 753 1256 833 quo·

164 873 333 952 emique
359 857 566 956 tempore,
581 874 734 930 secure
749 861 793 930 et
806 850 943 930 libere
956 850 1116 938 venire,
1144 857 1258 930 olm

7 1067 9 1082 Ι
164 979 209 1052 et
234 971 444 1052 medere
483 971 535 1049 ad
572 969 856 1070 benptacitum
895 995 1041 1060 suum,
1069 979 1113 1050 et
1139 971 1180 1052 in
1208 995 1258 1050 ae

163 1091 324 1188 locere,
350 1091 463 1172 sieut
497 1099 673 1194 poscunt
709 1090 884 1192 quilibet
911 1090 1259 1174 honorabileoot

101 1259 104 1266 ·
161 1212 371 1294 antuini
410 1213 540 1302 cirea,
574 1211 742 1292 oriundi
797 1214 850 1291 de
907 1219 1022 1292 terra
1061 1213 1256 1294 Venetia-

164 1359 272 1416 rum

67 1469 72 1486 ’
189 1499 193 1504 ’
268 1489 333 1570 Ad
361 1497 629 1595 quartum
658 1491 896 1595 capitulum,
916 1513 995 1596 per
1012 1493 1127 1594 quod
1155 1491 1257 1594 peti·

164 1620 244 1702 tur,
264 1611 378 1713 quod
406 1611 477 1691 llat
504 1611 565 1688 eis
593 1609 731 1715 aliqua
758 1611 1101 1708 honoriticentia,
1130 1613 1166 1688 si
1192 1635 1258 1688 ve-

165 1731 304 1809 nirent
356 1729 626 1809 habitandum
678 1729 892 1810 Venetiae.
947 1729 1257 1834 Respondetur:

166 1849 280 1956 quod
320 1851 496 1930 intentio
538 1852 698 1932 ducalis
740 1849 916 1931 dominii
944 1860 1022 1937 est,
1064 1853 1103 1930 in
1146 1849 1258 1930 omni
1312 1927 1314 1934 t

166 1995 266 2050 casn
295 1980 340 2050 et
365 1985 561 2077 tempore
598 1973 715 2076 ipsos
753 1972 1064 2053 honorabiliter
1093 1981 1135 2051 et
1163 1971 1257 2048 ami·

166 2090 359 2172 cabiliter
398 2097 673 2196 pertractare.
723 2095 775 2175 Et
811 2097 846 2174 si
884 2096 1093 2195 quondam
1135 2113 1258 2172 casus

7 2303 8 2308 Ν
165 2211 380 2312 eveniret,
410 2215 524 2316 quod
552 2215 757 2294 Venetiae
786 2215 981 2305 veniant,
1010 2214 1122 2316 qnod
1151 2213 1259 2292 absit

165 2359 247 2413 non
277 2359 373 2414 cum
401 2335 568 2414 bonore
585 2336 828 2417 etcomodo
847 2361 940 2425 suo,
967 2338 1084 2442 ipsos
1114 2332 1258 2414 libenti

7 2497 9 2570 ζ
166 2456 302 2533 animo
330 2454 490 2534 videbit
518 2465 561 2535 et
588 2457 863 2536 amicabiliter
890 2455 1079 2560 recipiet,
1096 2465 1138 2534 et
1164 2475 1258 2560 per·

7 2575 9 2674 ζ
166 2599 290 2654 sonas
332 2599 480 2665 eorum
520 2575 748 2656 honorabit
791 2587 832 2657 et
873 2577 1076 2656 honorari
1118 2563 1265 2662 taeietss'

167 2695 277 2776 sicut
301 2720 381 2798 pro
410 2695 578 2776 honore
607 2723 685 2776 arro
713 2699 866 2777 viderit
893 2697 1138 2778 convenire.

267 2905 344 2986 Ab
362 2905 614 3008 quintum·
633 2907 872 3010 capitulum,
901 2908 954 2987 de
981 2905 1258 2986 subventione

166 3027 266 3108 trine
319 3025 416 3104 lude
455 3029 730 3130 praestanda,
781 3027 1088 3132 respondetur:
1143 3029 1258 3130 quod

168 3154 351 3251 propter
375 3169 565 3246 magnam
594 3147 873 3238 affectionem,
903 3171 1026 3251 quam
1054 3147 1166 3224 visus
1194 3154 1260 3224 est

7 3317 8 3326 κ
168 3275 211 3346 et
235 3265 405 3344 videtur
430 3263 521 3369 ipse
548 3265 780 3370 imperator
806 3265 966 3345 babere
994 3265 1044 3343 ad
1072 3267 1260 3344 bonores

168 3386 331 3468 ducello
360 3387 554 3485 dominii,
593 3389 928 3492 quandocunque
956 3389 1034 3466 sibi
1063 3413 1169 3492 opus
1199 3411 1257 3466 ea·

167 3517 244 3598 aet,
275 3510 413 3611 ipaum
441 3508 653 3587 dominum
682 3513 980 3614 imperatorem
1009 3507 1159 3587 ducale
1188 3511 1260 3587 do·

167 3628 340 3708 minium
380 3627 621 3731 requireret
661 3633 700 3709 in
739 3629 1121 3735 opportunitatibus
1160 3628 1259 3714 suia,

7 3805 8 3808 w
168 3757 210 3827 et
249 3747 312 3829 sic
348 3777 373 3828 e
410 3773 647 3839 converso,
674 3754 767 3856 ipse
795 3752 987 3832 dominus
1029 3753 1259 3854 imperator

164 3871 300 3972 ipsum
327 3882 477 3976 posset
504 3873 726 3976 requirere
754 3876 795 3954 in
824 3873 952 3975 gratis
979 3872 1069 3961 sibi,
1097 3873 1193 3975 quia
1217 3875 1257 3950 in

165 3997 364 4094 quantum
393 3991 598 4072 decenter
624 4005 786 4100 posset,
818 4019 912 4074 cum
928 3993 1096 4074 bonore
1119 4001 1161 4072 et
1180 3999 1257 4070 sto·

164 4111 208 4193 tu
234 4137 329 4210 auo,
357 4122 472 4193 aocet
511 4115 761 4220 dispositum
803 4118 940 4196 eidem
983 4114 1259 4194 amicabiliter

7 4287 8 4344 3
167 4233 455 4338 compleuere.
