3236 5108
1163 389 1166 400 '
1188 395 1252 462 ³25

154 600 198 672 et
223 593 486 674 incessanter
499 623 545 674 se
573 599 744 702 prebuit
771 603 1079 702 atqueprebet,'
1102 603 1253 707 suppli·

155 715 390 794 cationibus
420 719 763 822 nobissuapurte
791 725 1002 823 porrectis
1031 723 1253 825 gratiosuis

154 841 398 927 annuentes,
409 837 640 938 praelatum
658 835 1143 938 magnilicumdominum
1156 841 1255 920 San-

14 989 16 1050 l
155 956 255 1042 dali,
282 965 522 1034 nostrorum
553 961 738 1036 omnium
770 961 1046 1041 consiliorum
1076 971 1117 1042 et
1147 963 1255 1042 ordi·

155 1083 447 1155 namentorum
472 1079 709 1160 necessaria
736 1083 1000 1162 solemnitate
1022 1093 1199 1177 servata,
1214 1085 1253 1162 in

14 1237 15 1306 ]
154 1201 369 1278 Venetum
400 1211 441 1279 et
472 1203 607 1280 civem
637 1212 830 1282 nostrum
859 1231 954 1282 cum
984 1207 1067 1282 suis
1092 1206 1185 1284 liliis
1214 1215 1257 1285 et

157 1318 414 1398 haeredibus
441 1329 652 1425 perpetuo
683 1326 924 1429 recepimus
953 1333 1080 1428 atque
1107 1327 1255 1430 recipi·
1339 1337 1341 1340 ’

159 1465 263 1530 mus,
292 1446 335 1517 et
360 1443 571 1519 Venetum
602 1453 645 1522 et
666 1446 800 1522 civem
829 1453 1021 1524 nostrum
1051 1471 1145 1523 cum
1174 1446 1256 1524 suis

159 1563 254 1640 liliis
298 1569 340 1640 et
368 1564 626 1643 haeredibus
668 1565 847 1644 lecimus
889 1575 931 1645 et
972 1566 1174 1656 lammae,
1216 1575 1258 1644 et

14 1701 16 1768 ζ
158 1707 239 1785 pro
271 1685 439 1793 Veneto
470 1689 513 1761 et
542 1685 632 1763 cive
662 1695 809 1764 nostro
849 1713 944 1766 cum
974 1688 1060 1764 suis
1089 1687 1185 1765 liliis
1214 1695 1256 1765 ct

159 1802 394 1881 heredibus
424 1803 463 1880 in
491 1805 681 1885 Venetiis
697 1815 739 1884 et
754 1808 852 1885 alibi
879 1807 1080 1908 deinceps
1109 1793 1284 1884 haberi'

161 1931 204 2004 et
230 1926 452 2030 procurari
497 1929 611 2004 omni
645 1927 797 2006 effectu
827 1935 870 2006 et
895 1927 1156 2032 plenitudine
1184 1944 1253 2006 vo'·

161 2047 298 2123 lumus
328 2053 370 2123 et·
398 2046 595 2135 tractari,
622 2047 759 2149 ipsum
790 2049 957 2127 sincere
1001 2048 1253 2126 benevolen-

160 2167 243 2245 tiae
260 2166 445 2244 brachiis
461 2169 746 2269 amplexantes
764 2177 806 2246 et
820 2167 998 2248 firmiter
1012 2173 1255 2255 statuentes

160 2289 277 2388 quod
307 2285 477 2386 singulis
504 2285 781 2380 libertatibus
812 2287 1041 2376 beneficiis,
1067 2287 1254 2365 imunita-
1361 2280 1365 2299 ⁴

14 2513 15 2526 ι
162 2408 274 2486 tibus
301 2414 344 2484 et
370 2405 603 2484 honoribus
632 2408 975 2510 quibuscunque,
1005 2406 1158 2510 quibus
1187 2406 1256 2484 alii

14 2529 16 2576 ³
160 2528 437 2607 honorabiles
477 2530 631 2606 Veneti
659 2537 701 2607 et
742 2532 857 2608 cives
901 2529 1036 2608 nostri
1076 2527 1257 2629 gaudent

14 2651 15 2654 '
162 2658 205 2728 et
232 2648 393 2750 perfrui
421 2648 745 2750 dignoscuntur,
786 2651 973 2752 prelatus
1012 2649 1254 2750 magnificus

163 2773 358 2852 dominus
385 2767 553 2848 Sandali
582 2795 676 2847 cum
705 2769 790 2848 suis
833 2770 928 2848 liliis
958 2779 999 2849 et
1026 2769 1278 2864 heredibus¹

166 2893 207 2968 in
235 2891 426 2970 Venetiis
455 2896 497 2966 et
525 2895 644 2966 extra
672 2899 883 2994 perpetuo
913 2890 1090 2988 gaudeat
1118 2897 1159 2968 et
1174 2897 1256 2966 uta-

166 3021 248 3092 tur.
303 3010 431 3090 Nobis
472 3033 643 3112 quoque
693 3013 902 3114 praelatus
943 3011 1135 3090 dominus
1177 3034 1256 3113 per
1316 3004 1318 3012 ’

14 3149 15 3210 ³
163 3132 449 3214 venerabilem
476 3131 609 3208 virum
637 3131 1016 3210 Theodorum
1059 3130 1255 3208 Archi·

14 3255 15 3276 ¹
165 3255 479 3333 diaconum
522 3254 980 3346 Scutariensem,
1022 3250 1255 3362 ambasiato·

14 3375 16 3450 l
163 3401 256 3454 rem
284 3372 653 3470 suumsoleniler
679 3371 862 3474 prestitit
894 3372 1104 3450 lidelitatis
1146 3369 1255 3448 debi·

163 3507 253 3576 tum
294 3495 582 3570 iuramentum.
637 3493 684 3570 ln
714 3492 832 3570 cuius
871 3493 931 3570 rei
961 3492 1084 3570 lidem
1116 3499 1157 3568 et
1173 3493 1252 3569 evi·

164 3615 346 3694 dentiam
396 3613 631 3714 pleniorem
674 3635 850 3714 presens
887 3613 1150 3715 privilegium
1192 3609 1259 3688 fie-

14 3809 16 3832 ‡
164 3739 199 3816 ri
221 3735 424 3834 jussimus
466 3739 508 3808 et
535 3731 645 3808 bulla
695 3739 838 3808 nostra
879 3755 1007 3808 aurea
1046 3731 1256 3834 pendente

14 3835 15 3900 l
165 3856 331 3935 muniri.
360 3854 509 3930 Datum
536 3853 578 3930 in
606 3861 754 3929 nostro
783 3853 919 3929 ducali
947 3851 1119 3962 palatio,
1137 3875 1256 3928 =anno

14 4061 15 4072 Ν
166 3975 403 4056 dominicae
457 3973 754 4054 incarnationis
790 3973 1013 4050 millesimo
1051 3965 1257 4050 trecente-

14 4101 15 4104 ‘
166 4097 274 4175 simo
302 4097 576 4197 nonagesimo
605 4101 740 4180 sexto,
756 4093 824 4171 dic
840 4091 1040 4192 vigesimo
1069 4090 1256 4169 secundo

164 4215 280 4301 Julii,
308 4215 451 4295 indict.
469 4215 597 4332 ¹Ill-ta

434 4379 435 4382 ¹
519 4349 630 4418 Liber
655 4349 817 4438 privileg.
842 4349 966 4434 lmus,
993 4348 1119 4415 charla
1144 4345 1215 4411 120.
