3212 5116
343 387 407 458 m
446 329 449 335 .

445 596 589 702 Capta:
615 595 720 674 Item
747 593 1020 700 provideatur
1044 596 1101 674 ‚de
1127 595 1329 675 mittendo
1356 621 1425 702 pe·

343 721 505 798 cuniam
533 742 612 822 pro
639 716 842 796 solvendo
883 715 1121 816 baudericus,
1161 741 1270 819 qnae
1296 725 1359 796 est
1385 718 1424 792 in

343 841 606 918 Scardon
622 863 658 938 c,
702 862 779 942 pro
807 838 1021 918 mensibus
1047 839 1195 918 tribus.

441 1065 493 1143 Et
532 1065 573 1142 in
614 1073 809 1168 quantum
852 1065 945 1144 tieri
985 1069 1127 1169 potest
1175 1063 1427 1144 sollicitetur

341 1209 537 1264 recessus
578 1187 784 1288 capitanei
824 1184 955 1263 nostri
996 1184 1248 1288 paysenatici
1276 1183 1427 1262 Scia·

340 1307 565 1396 voniae,
606 1313 651 1384 ut
689 1308 779 1408 ipse
821 1305 992 1384 recedat
1033 1305 1144 1381 omni
1196 1305 1426 1382 occasione

341 1433 502 1504 remota
529 1426 580 1502 ad
609 1425 831 1504 terminum
859 1422 1093 1501 ordinatum
1123 1431 1287 1501 etcum
1329 1447 1425 1501 con·

340 1544 577 1642 ditionibus,
607 1571 701 1624 oum
730 1545 881 1648 quihus
912 1549 1077 1646 captum
1105 1549 1195 1636 est,
1223 1548 1265 1621 et
1290 1543 1426 1647 provi-

340 1667 487 1745 deatur
527 1667 580 1745 de
620 1667 868 1768 accipiendo
911 1689 1033 1767 quam
1080 1663 1294 1743 soticicius
1335 1665 1434 1743 fieri

339 1793 494 1893 potest,
537 1793 684 1887 gentes
711 1787 919 1865 ordinatas
955 1786 1103 1891 accipi.
1153 1785 1425 1864 informetur·

341 1934 422 2012 que
452 1909 691 2012 capitaneus
715 1909 1121 2014 nosterpraedictus
1150 1907 1202 1985 de
1225 1906 1302 1983 hiis
1320 1929 1427 2007 quae

339 2028 461 2107 nobis
490 2027 690 2107 miserunt
716 2026 895 2108 dicendo
933 2035 1126 2108 rectores
1155 2035 1198 2106 et
1236 2027 1424 2132 proviso-

339 2175 408 2230 res
429 2151 566 2228 nostri
592 2149 769 2250 partium
812 2147 1082 2239 Sclavoniae,
1108 2149 1307 2230 videlicet
1343 2156 1426 2227 tam

340 2293 467 2370 super
501 2270 611 2347 iacto
653 2269 856 2348 tractandi
883 2271 936 2348 de
976 2270 1171 2349 faciendo
1214 2268 1426 2348 removeri

342 2397 384 2468 et
411 2389 616 2468 recedere
645 2389 981 2470 exercitum
1017 2387 1425 2491 Hungarorum

341 2517 397 2588 et
424 2507 797 2598 Sclavorum,
826 2513 895 2612 qui
937 2511 1069 2590 estin
1097 2509 1231 2611 burgo
1275 2507 1426 2593 Clissii,

342 2630 743 2734 compromissione
779 2631 1012 2735 pecuniae,
1055 2657 1180 2734 quam
1221 2631 1344 2710 etiam
1373 2628 1426 2708 de

341 2749 557 2829 tractando
601 2776 694 2830 cum
722 2751 803 2828 iliis
847 2751 1095 2854 Ciprianicis
1124 2751 1282 2829 statiis
1312 2749 1425 2828 Scia-

339 2869 401 2947 vis
441 2878 647 2961 contrate,
676 2873 747 2975 qui
786 2874 1041 2951 hostendunt
1081 2898 1128 2957 se
1169 2871 1358 2974 dispositi
1385 2877 1429 2948 et

341 2989 558 3070 affectuosi
615 2993 808 3071 veniendi
851 2994 901 3070 ad
942 2994 1117 3094 gratiam
1170 2999 1357 3072 nostram
1384 2997 1427 3067 et

341 3115 435 3189 cet.
462 3109 513 3190 Et
540 3118 772 3215 propterea
800 3113 878 3216 ipsi
905 3114 1121 3214 capitaneo
1150 3112 1427 3200 commitatur,

341 3232 452 3330 quod
504 3232 714 3336 applicato
760 3232 853 3336 ipso
894 3232 945 3311 ad
985 3241 1127 3337 partes
1168 3230 1428 3318 sclavoniae,

340 3353 558 3454 provideat
587 3357 769 3432 tractare
796 3355 1004 3457 perillum
1032 3355 1252 3434 meliorem
1279 3361 1429 3430 etcau·

340 3473 495 3552 tiorem
524 3472 723 3564 modum,
751 3475 822 3575 qui
858 3499 958 3554 suae
984 3477 1231 3580 prudentiae
1257 3495 1429 3577 appare·

342 3596 417 3687 bit,
444 3602 527 3674 tam
557 3621 652 3675 cum
681 3595 803 3685 bano,
834 3623 956 3700 qnam
999 3599 1123 3676 etiam
1151 3621 1245 3674 cum
1275 3595 1428 3676 comite

340 3712 527 3792 iohanne
556 3723 598 3794 et
612 3716 704 3794 aliis
718 3719 922 3820 personis,
950 3743 1057 3820 quae
1074 3716 1428 3802 ‘sibiriderentun

340 3843 384 3913 ut
420 3827 571 3914 faciant
610 3837 824 3914 removeri
865 3845 908 3916 et
947 3838 1153 3918 recedere
1194 3835 1428 3916 exercitum

340 3958 600 4059 praedictum
628 3956 680 4034 de
708 3955 943 4058 Ctissia‚
981 3959 1037 4036 ita
1065 3965 1107 4036 et
1134 3957 1283 4056 taliter,
1312 3955 1428 4058 quod

341 4080 474 4159 dictus
508 4079 627 4159 iocus
668 4079 805 4160 Ciissii
848 4085 1061 4159 remaneat
1100 4082 1209 4158 bene
1249 4103 1426 4159 securus

341 4203 392 4278 ab
421 4201 496 4288 eis,
525 4209 567 4279 et
593 4202 730 4304 possit
763 4201 943 4281 finaliter
967 4225 1049 4306 pro
1077 4203 1160 4280 hoc
1200 4199 1426 4280 obtinendo
