3226 5112
356 526 490 624 legata
531 521 630 600 hinc
668 521 766 600 inde
795 519 975 609 luerunt,
1001 521 1252 600 unanimiter
1278 527 1323 600 et
1350 545 1442 600 con
1575 493 1577 510 ⁵

356 645 545 724 corditer
586 653 877 722 convenerunt
916 649 1057 743 partes
1084 641 1291 746 predicte,
1331 643 1440 744 quod

352 764 526 843 illustris
553 763 746 841 dominus
760 763 963 865 despotus
979 761 1149 850 habere,
1165 767 1207 840 et
1221 762 1441 866 percipere
1576 759 1577 764 ‘

351 882 503 964 debeat
529 883 703 960 ducatos
731 886 910 983 quatuor
950 881 1085 974 mille,
1124 881 1324 960 videlicet
1362 878 1442 960 llll

190 1067 196 1086 .
351 1006 477 1098 mille,
495 1002 545 1081 ab
562 1001 846 1082 illustrissimo
863 1001 1032 1080 domino
1048 1003 1171 1087 duce,
1199 1009 1243 1079 et
1255 999 1440 1080 dominio

352 1125 651 1213 Venetiarum,
679 1146 759 1227 pro
787 1132 903 1202 resto
945 1129 990 1201 et
1026 1123 1218 1202 ressiduo
1248 1123 1442 1214 omnium,

354 1255 396 1325 et
435 1245 692 1345 singulorum
733 1244 1001 1322 denariorum
1043 1244 1441 1347 suprascriptorum,

223 1403 226 1414 ¹
353 1391 402 1444 ac
430 1365 604 1443 aliarum
634 1385 998 1466 quarumcumque
1034 1363 1264 1448 rationum,
1305 1370 1441 1464 pacto·

353 1507 460 1578 rum,
486 1485 827 1588 promissionum,
864 1507 1160 1587 expensarum,
1195 1483 1439 1582 obbligatio-

352 1630 451 1683 num
491 1610 535 1682 et
563 1627 807 1695 causarum,
849 1629 951 1706 quas
980 1629 1059 1708 pro
1089 1603 1278 1707 pecuniis
1306 1625 1440 1704 usque

353 1725 460 1802 dicm
488 1724 567 1802 XV
593 1723 801 1824 presentis
828 1723 981 1800 mensis
1009 1723 1214 1823 Augusti,
1256 1745 1340 1823 quo
1374 1721 1440 1798 die

310 1890 312 1900 ·
351 1853 415 1925 est
443 1845 646 1924 terminus
675 1843 858 1923 annualis
886 1844 1083 1921 limitatus
1110 1843 1162 1922 ad
1189 1842 1440 1921 solutionem

351 1965 466 2044 mille
492 1967 690 2056 ducatos,
718 1987 825 2066 quos
853 1964 1019 2064 singulo
1050 1987 1158 2042 anno
1186 1961 1348 2040 habere
1373 1963 1439 2040 de·

348 2083 421 2166 bet
459 2085 571 2163 idem
599 2085 775 2163 illustris
815 2084 1010 2164 dominus
1047 2084 1263 2187 despotus,
1299 2089 1440 2186 partas

350 2203 542 2306 predicte
570 2202 750 2282 invicem
789 2225 916 2303 agere
942 2203 1214 2291 habuissent,
1254 2211 1298 2282 et
1338 2229 1438 2305 quas

220 2380 227 2400 .
349 2345 431 2400 una
458 2348 555 2425 pars
582 2325 716 2416 alteri,
745 2329 789 2402 et
817 2326 947 2404 altera
964 2327 1044 2410 uni,
1068 2349 1438 2429 quocumquemo·

227 2446 235 2467 '
349 2441 419 2527 do,
448 2447 492 2519 et
518 2467 783 2546 quacumque
810 2445 975 2524 ratione
1014 2452 1058 2523 et
1085 2469 1211 2525 causa
1239 2445 1317 2525 sibi
1343 2447 1440 2526 invi·

349 2585 441 2642 cem
469 2571 513 2641 et
538 2563 722 2644 vicissim
752 2567 990 2667 aliqualiter
1022 2575 1173 2671 petere
1201 2591 1277 2644 scu
1306 2567 1439 2670 requi·

351 2709 449 2762 rere
477 2695 639 2788 posset,
681 2690 976 2788 promittentes
1002 2689 1082 2767 sibi
1109 2691 1291 2768 invicem
1319 2693 1362 2765 at
1387 2690 1442 2768 vi·

350 2807 491 2886 cissim
520 2807 757 2886 nominibus
784 2833 925 2912 supra,
953 2833 1034 2912 per
1056 2809 1289 2888 solemnem
1316 2811 1440 2914 stipu-

350 2928 552 3006 lationem
581 2932 624 3004 et
652 2936 835 3031 pactum,
864 2953 942 3008 una
971 2952 1068 3032 pars
1092 2929 1224 3022 alteri,
1253 2931 1441 3010 etaltera

346 3046 431 3134 uui,
462 3049 515 3126 da
544 3069 627 3124 uon
655 3051 841 3149 petendo
859 3049 1015 3152 aliquid
1041 3050 1220 3152 amplius
1245 3051 1382 3129 causis
1397 3061 1441 3130 ct

347 3165 581 3243 rationibus
610 3169 936 3272 suprascriptis,
975 3171 1243 3272 imponentes
1277 3195 1357 3274 per
1393 3195 1440 3248 se

349 3295 391 3365 et
417 3309 691 3365 successores
720 3312 821 3366 auos
848 3299 1098 3392 perpetuum
1126 3292 1359 3386 silentium,
1398 3300 1441 3370 et

347 3405 472 3484 tinem
488 3403 680 3483 omnibus
704 3408 981 3510 petitionibus
1009 3411 1438 3524 et'requisitionibus

349 3547 454 3626 quas
482 3525 676 3627 predicte
712 3534 855 3629 partes
884 3529 965 3608 sibi
994 3531 1176 3612 invicem
1205 3532 1441 3634 aliqualiter

348 3651 495 3746 petere
525 3645 759 3758 potuissent
787 3655 830 3726 et
855 3661 1044 3752 possent,
1069 3653 1213 3730 ‘causis
1239 3661 1284 3730 et
1314 3653 1438 3731 ratio·

350 3763 471 3840 nibus
499 3767 811 3871 suprascriptis.
865 3773 1025 3849 Verum
1066 3773 1261 3874 promisit
1302 3773 1436 3851 dictus

351 3886 542 3963 dominus
569 3887 764 3967 Nicotaus
792 3892 933 3971 Memo
962 3901 1110 3972 orator
1150 3907 1228 3973 etc.
1269 3893 1436 3972 nomine

350 4031 434 4105 quo
476 4031 601 4111 supra
643 4034 720 4112 per
747 4013 979 4092 solemnem
1012 4014 1355 4118 stipulationem,
1394 4017 1438 4090 et

353 4132 546 4239 pactum,
586 4131 701 4240 quod
736 4135 856 4234 juxta
884 4138 1001 4240 pacis
1027 4135 1218 4227 formam,
1250 4134 1435 4238 prelatus

1581 4111 1583 4200 l
