3234 5116
1185 381 1273 488 rs

153 591 272 670 illum
297 589 519 678 honorem,
534 611 660 690 quem
679 585 830 666 ,habuit
857 612 922 668 oo
937 613 1054 670 mes
1081 587 1255 702 Nicho·¹

153 719 225 799 ta;
268 722 310 789 et
339 711 619 790 consideratis
662 709 972 789 conditionibus
1014 709 1054 788 in
1095 712 1247 812 quibus
1287 781 1296 815 ,

154 855 202 908 se
229 834 392 936 reperit
420 833 568 912 civitas
596 837 743 910 nostra
771 831 972 927 ¹Scirtari,
1008 835 1247 916 necessari·

153 977 222 1030 nm
250 952 317 1048 sit,
336 1010 346 1032 .
363 951 839 1031 ..mittereadluanum
867 975 989 1028 unam
1018 975 1245 1054 personam

154 1073 290 1162 fidam,
308 1083 350 1150 et
376 1097 454 1174 per
482 1071 653 1150 modum
680 1075 907 1162 secretum,
934 1077 977 1150 et
994 1095 1114 1152 more
1141 1097 1246 1152 mer·

154 1193 392 1283 catorio,ut
419 1193 608 1296 requirit,
633 1218 813 1272 exnunc
841 1195 895 1272 sit
923 1199 1103 1297 captum:
1132 1193 1245 1296 quod

154 1313 378 1413 collegium
407 1317 561 1394 habeat
597 1281 835 1404 libeitatem
875 1312 1068 1392 mittendi
1096 1316 1147 1396 ad
1173 1313 1243 1390 Ju-

154 1456 305 1511 annum
332 1460 456 1514 unam
483 1459 712 1539 personam
740 1435 863 1513 fidam
891 1441 934 1512 et
957 1441 1168 1516 secretam
1184 1493 1206 1516 ,.
1236 1495 1243 1511 .

154 1611 165 1632 .
192 1613 202 1632 .
234 1579 330 1633 cum
360 1555 617 1636 comissione
644 1555 940 1660 infrascripta:

254 1675 341 1756 Nos
380 1676 634 1769 Thomas
667 1677 990 1778 Mecenigo
1018 1677 1087 1754 dei
1115 1679 1248 1778 gratia

135 1789 239 1876 'dux
264 1798 541 1877 Venetiarum
565 1804 651 1877 etc.
707 1798 975 1878 Comittimus
1013 1798 1088 1878 tibi
1116 1797 1249 1877 nobili

153 1917 1250 2001 vironndreaeMaroello...nodemus

155 2047 302 2120 noster
335 2041 615 2122 ambassiator
642 2043 694 2120 ad
723 2041 1003 2144 praesentiam
1047 2041 1248 2120 domini

22 2256 27 2268 Ι
151 2161 347 2239 loanni
375 2161 655 2252 Castrioti,
684 2171 727 2241 et
747 2171 791 2241 ut
819 2161 871 2242 ad
899 2185 995 2240 eum
1022 2160 1085 2242 ire
1113 2161 1249 2265 possis

153 2287 426 2372 secrete,
467 2284 661 2363 volumus
707 2284 821 2387 quod
860 2282 987 2382 vadas
1028 2282 1079 2360 ad
1107 2285 1248 2364 locum

152 2408 344 2480 nostrum
370 2401 561 2488 Alesii,
604 2410 801 2506 etonem
831 2401 888 2482 ibi
916 2402 1060 2492 fueris,
1089 2403 1250 2504 lingens
1315 2489 1316 2492 p

153 2521 280 2600 ivisse
309 2527 521 2624 tamquam
548 2531 790 2612 mercator,
819 2523 977 2602 debeas
1005 2523 1250 2626 providere,
1335 2613 1337 2620 ,

153 2641 206 2719 de
233 2640 372 2721 dando
401 2643 593 2728 notitiam
622 2701 631 2720 .
660 2699 670 2722 .
698 2699 708 2721 .
737 2643 1081 2732 dominoJuano,
1103 2642 1155 2720 de
1184 2641 1248 2724 ad·

153 2765 278 2840 ventu
316 2772 389 2841 tao
418 2817 429 2839 .
456 2819 467 2842 .
495 2819 505 2841 .
534 2823 545 2844 .
575 2773 617 2845 et
637 2765 681 2842 'si
707 2765 868 2844 luanus
905 2769 987 2846 erit
1025 2751 1248 2854 contentus

152 2881 264 2984 qood
291 2884 419 2962 vadas
448 2886 498 2963 ad
526 2887 807 2986 praesentiam
836 2909 976 2978 suam,
1017 2885 1151 2990 palam
1180 2885 1248 2962 vel

152 3004 322 3094 oculte,
376 3006 440 3084 ire
493 3005 651 3088 debeas
691 3063 701 3085 .
744 3065 752 3080 .
793 3062 804 3086 .
842 3061 855 3083 .
897 3015 939 3088 et
993 3004 1152 3086 debeas
1206 3006 1246 3082 ei

152 3123 299 3202 dicere
340 3123 451 3225 qnod
493 3125 665 3231 scripsit
691 3133 840 3206 nostro
869 3125 1056 3205 dominio
1087 3179 1250 3204 .....

152 3243 357 3343 vigesimo
424 3252 576 3346 quarto
629 3245 880 3326 Novembris
934 3305 945 3326 .
998 3303 1009 3326 .
1064 3297 1075 3326 ·.
1137 3243 1249 3347 quod

154 3363 294 3448 eidem
329 3363 561 3446 inridemus
603 3373 672 3446 eto
675 3419 980 3445 ......
993 3365 1109 3470 quod
1149 3387 1251 3464 erga

153 3507 272 3564 snam
313 3483 665 3583 magnificentiam
700 3487 855 3565 nullam
897 3486 1094 3580 invidiam
1122 3484 1247 3565 habe·

156 3629 262 3702 mus,
303 3605 391 3684 sed·
412 3631 508 3686 eum
537 3633 722 3688 amamus
751 3665 763 3688 .
792 3663 803 3684 .
831 3665 841 3687 .
870 3663 881 3684 .
909 3616 953 3688 et
978 3607 1181 3688 habemus
1209 3607 1249 3686 in

157 3749 301 3806 carum
333 3727 523 3834 amicum
553 3781 721 3806 .....
751 3733 796 3804 et
822 3737 1013 3806 tenemus
1055 3727 1248 3822 tirmiter,

157 3845 272 3948 quod
299 3845 403 3924 illud
431 3845 545 3948 quod
573 3845 686 3932 tecit,
704 3846 906 3954 mittendo
935 3843 1062 3925 tilium
1093 3847 1142 3926 ad
1172 3846 1250 3926 do·

157 3967 363 4048 minum
392 3965 911 4068 despotum‚fecitad
940 3964 1249 4063 bonumflnem

157 4095 200 4165 et
241 4111 337 4164 cum
360 4089 484 4168 loono
525 4087 757 4166 intentione
813 4143 820 4160 .
876 4145 886 4165 .
939 4145 950 4168 .
1004 4145 1015 4170 .
1068 4089 1251 4194 etquod

157 4204 318 4296 scribit,
346 4231 394 4286 se
417 4207 528 4288 velle
544 4207 781 4290 subvenire
809 4214 981 4294 nostrae
1009 4209 1253 4312 civitati
