3234 5116
1153 527 1155 530 Ι
1215 436 1260 506 89

168 641 376 720 amicabili
406 643 656 721 salutatione
678 647 722 716 et
738 641 962 740 oblatione,
993 669 1087 722 cum
1116 645 1258 723 uerbis

103 833 110 842 .
168 764 475 864 pertinentibus
499 769 542 840 et
557 762 823 850 necessariis,
851 763 1006 843 debeas
1035 792 1136 844 suae
1153 791 1258 866 mag·

167 885 403 962 nificentiae
444 883 611 970 dicere,
655 885 768 988 quod
807 887 843 961 iu
873 911 1045 965 recessu
1090 897 1178 966 tuo·
1204 892 1257 966 dc

168 1001 398 1091 Venetiis‚·
424 1006 705 1084 ambassiatcr
732 1029 830 1082 suus
863 1006 1067 1085 babuerat
1096 1021 1256 1086 certam

170 1130 329 1221 partem
370 1146 543 1200 sunnon
587 1124 883 1234 denariorum,
929 1137 969 1204 et
1013 1149 1059 1204 es
1101 1139 1255 1224 certus,

169 1243 279 1340 quod
308 1253 649 1345 post-recessum
679 1253 794 1322 tuum
822 1253 967 1349 presto
993 1248 1115 1324 t'uerit
1132 1273 1254 1352 expe·

126 1362 129 1368 ’
169 1359 291 1451 ditus,
316 1363 567 1441 ethabuerit
596 1366 806 1444 residuum
836 1369 1109 1444 denariorum
1139 1391 1255 1470 prac-

170 1479 407 1575 dictorum,
448 1485 605 1562 utendo
635 1511 729 1562 cum
765 1489 881 1566 dicto
912 1486 1130 1584 magnifico
1160 1489 1256 1563 San-

168 1603 263 1690 daii,
288 1604 364 1710 iilis
394 1607 518 1683 bonis
547 1615 589 1682 et
615 1604 903 1684 amicabilibus
930 1607 1082 1694 verbis,
1113 1611 1150 1684 in
1180 1611 1256 1710 sig·

167 1745 265 1798 num
296 1726 632 1802 conservationis
663 1724 797 1803 bonae
824 1727 1033 1802 amicitiae
1064 1729 1174 1806 inter
1202 1729 1256 1832 ip·

168 1869 260 1921 sum
289 1855 436 1939 einos,
466 1871 572 1949 quae
601 1860 697 1925 tuae
725 1843 956 1948 sapientiae
983 1850 1255 1932 videbuntur.

272 1965 323 2045 Et
351 1969 445 2070 quia
488 1969 611 2046 etiam
655 1975 801 2071 posset
842 1993 1101 2058 occurrere,
1144 1975 1258 2076 quod

169 2088 307 2166 dictus
335 2086 578 2175 Sandali,.
599 2091 638 2165 in
670 2089 956 2167 locutionibus
985 2115 1086 2192 quas
1114 2117 1258 2173 secum

171 2207 369 2296 babebis,
411 2208 482 2286 tibi
521 2211 682 2288 faceret
719 2211 978 2288 mentionem
1007 2215 1059 2289 de
1091 2214 1258 2294 civitate
1312 2221 1314 2232 '

170 2328 241 2408 Ca
259 2339 273 2407 t
290 2355 312 2407 a
327 2353 348 2406 r
363 2332 399 2426 i,
440 2339 482 2408 et
511 2338 850 2432 conquereretur
879 2331 931 2408 de
959 2340 1107 2413 nostro
1137 2336 1262 2414 domi·

170 2451 268 2550 nic,
300 2461 340 2530 et
368 2460 535 2556 peteret
564 2452 717 2530 dictam
748 2454 959 2533 civitatem
988 2455 1065 2534 sibi
1095 2458 1260 2535 restitui

170 2569 346 2662 debere,
372 2581 499 2672 prout
527 2573 687 2674 requiri
715 2575 819 2653 ¹t'ccit
845 2598 1041 2678 persnas
1068 2577 1261 2654 ambassi-

170 2699 339 2784 atores,
380 2695 574 2770 volumus
611 2695 724 2796 quod
754 2693 899 2775 dicere
928 2703 971 2772 et
999 2700 1261 2798 respondere

171 2813 355 2903 debeas,
384 2813 496 2914 quod
526 2815 634 2894 sicut
662 2815 763 2893 alias
792 2815 876 2892 suis
906 2814 1262 2895 ambasiatoribus

171 2936 493 3036 responsionem
536 2934 753 3026 dedimus;
802 2945 992 3014 nostrum
1034 2938 1261 3018 dominium

169 3081 263 3148 non
284 3057 448 3159 accepit
475 3055 628 3144 dictam
658 3057 871 3136 civitatem
889 3057 1028 3135 Catari
1044 3083 1167 3136 causa
1196 3061 1263 3137 ha·

173 3176 298 3254 bendi
327 3179 461 3256 maius
490 3163 740 3270 dominium,
768 3178 842 3256 sed
871 3178 1022 3258 dictam
1052 3181 1262 3260 ciuitatem

173 3299 416 3400 accepimus
443 3300 545 3376 moti
574 3299 882 3402 compassione,
910 3307 953 3377 ct
974 3309 1155 3404 propter
1181 3327 1263 3380 ma·

175 3443 277 3519 guas
308 3421 608 3524 oppressiones
637 3426 680 3498 et
707 3422 927 3508 novitates,
956 3447 1057 3524 quas
1085 3423 1147 3500 eis
1169 3421 1263 3500 faci·

175 3542 274 3619 ebat
301 3543 480 3620 condam
510 3541 664 3620 Balsa
706 3542 1065 3631 Strazimiri
1094 3568 1146 3620 nc
1174 3566 1265 3646 per·

173 3659 338 3737 veniret
365 3663 415 3738 ad
445 3686 590 3741 manus
618 3661 718 3741 dicti
738 3663 898 3750 Belcae,
927 3662 998 3764 qui
1025 3664 1136 3741 sicut
1162 3682 1263 3739 suae

176 3781 507 3882 magnificentiae
535 3791 677 3861 cotum
701 3792 775 3872 est5
794 3789 885 3860 erat
900 3783 1093 3861 inimicus
1107 3787 1266 3873 nostem

175 3907 219 3980 ct
246 3903 369 3980 etiarn
397 3905 493 4006 quia
520 3904 695 3981 vidimus
724 3903 1001 3981 intentionem
1028 3901 1167 3981 dictae
1196 3903 1264 3981 co·

173 4025 384 4102 munitatis
426 4050 545 4114 esse,
598 4025 739 4129 potius
780 4025 887 4103 velie
930 4050 976 4102 se
1017 4023 1264 4102 submittere

174 4145 455 4236 Turchis‚
484 4171 608 4248 quam
637 4146 848 4245 subiugari
878 4169 900 4220 a
929 4146 1045 4224 dicto
1075 4145 1264 4221 Haisa.
1336 4209 1337 4220 t

174 4269 238 4348 Ex
267 4293 350 4370 quc
385 4269 522 4347 dictus
563 4268 759 4347 dominus
799 4265 969 4345 Sandali
1010 4290 1093 4344 non
1137 4265 1265 4346 babet
