3224 5110
370 417 434 484 378

370 623 494 722 digno
522 627 628 708 sunt,
656 641 732 696 nos
766 619 950 697 soiiioite
985 615 1067 696 tuis
1096 610 1243 697 litteris
1271 619 1464 698 informa·

372 745 436 820 bis
465 793 1463 827 ..........................

241 877 242 882 '
369 863 576 942 Volumus
602 864 778 964 insuper
806 859 919 963 quod
949 885 1044 940 cum
1073 861 1264 942 exercito
1305 859 1465 964 predio·

370 987 429 1072 to,
458 982 624 1086 quando
653 1008 699 1060 se
730 981 894 1071 levabit,
922 981 1077 1060 debeas
1093 991 1135 1060 te
1163 981 1374 1067 conferre,
1398 981 1466 1057 ad·

369 1101 545 1180 visando
575 1129 652 1180 nos
681 1101 876 1191 sollicite,
905 1103 958 1179 de
986 1103 1284 1205 progressibus
1311 1099 1394 1178 suis
1424 1107 1467 1174 et

371 1223 423 1301 de
452 1223 646 1300 omnibus
675 1248 756 1324 que
784 1229 1064 1324 sequerentur
1093 1229 1173 1300 ete.
1200 1277 1211 1298 .
1240 1281 1247 1298 .
1279 1280 1289 1301 .

690 1360 791 1425 Secr.
818 1379 919 1424 cous,
944 1367 1058 1445 rogat.
1083 1357 1155 1423 Lib.
1178 1357 1269 1422 xvi.
1294 1356 1348 1423 eh.
1368 1357 1423 1422 90.

563 1527 851 1632 ODXLW.
889 1553 1003 1628 4444.
1037 1557 1100 1628 as.
1137 1550 1275 1630 uari.

369 1710 523 1784 liparam
549 1723 672 1777 444444.
699 1724 760 1764 nan
785 1724 891 1764 unaue
915 1707 1136 1766 41444444444
1149 1710 1469 1783 44444444444444.

370 1827 555 1886 4444444444
580 1811 828 1884 41444444444,
858 1817 1027 1886 4444414444.
1058 1829 1096 1869 44
1120 1829 1202 1888 para
1225 1827 1382 1886 nporunn
1405 1811 1469 1883 Ty-

324 1912 328 1928 '
370 1933 466 1992 parra.
489 1933 509 1990 y
532 1931 618 1972 noun
642 1931 681 1971 ee
704 1931 791 1988 ryme
817 1935 855 1972 na
879 1933 988 1990 osny,
1025 1933 1062 1988 44
1097 1933 1220 1976 444444
1243 1933 1281 1974 44
1303 1932 1469 1991 4444444-

428 2019 517 2076 niun
542 2017 666 2102 444444,
691 2035 708 2072 n
733 2035 855 2093 upouru
880 2021 1054 2094 44444444
1078 2037 1113 2077 aa
1137 2037 1222 2096 paru
1246 2035 1354 2088 444444
1379 2036 1419 2074 na

813 2141 914 2199 npyro
938 2141 1025 2182 urro.

476 2257 801 2358 Conqueruntnr
827 2256 982 2334 Veneti
1010 2255 1277 2336 cardinali
1305 2255 1467 2331 Vene-

373 2387 445 2466 to,
474 2377 810 2456 vieeeanoeiario
839 2382 882 2452 et
911 2376 1048 2474 iegato
1077 2375 1327 2479 apostolico,
1353 2371 1470 2476 quod

373 2521 618 2575 summus
647 2496 998 2600 pontifexin
1028 2497 1321 2596 galeiseontra
1348 2495 1470 2572 Tur·

374 2644 474 2697 cos
515 2619 721 2696 armandis
759 2641 843 2696 non
880 2614 1057 2694 attendit
1084 2617 1136 2695 ad
1166 2639 1310 2694 earum
1339 2635 1468 2719 expe·

374 2740 589 2828 ditionem,
616 2739 692 2816 sed
720 2740 772 2818 ad
793 2729 1001 2843 'pecunias
1017 2738 1194 2830 decime,
1222 2735 1278 2815 ob
1295 2736 1381 2815 hoc
1398 2739 1470 2814 im·

374 2860 536 2963 posite,
576 2885 727 2944 manus,
764 2859 904 2963 posuit
933 2863 976 2936 et
1005 2883 1074 2936 eas
1117 2859 1356 2962 dispensat.
1385 2883 1471 2938 non

376 2985 466 3060 sine
509 2983 781 3059 diminutione
823 2980 999 3058 honoris
1027 2979 1089 3056 sui
1116 2981 1279 3083 proprii
1309 3002 1361 3056 ae
1387 2980 1470 3054 Ve·

375 3108 587 3195 netarum,
616 3111 658 3178 et
680 3101 872 3205 periculo
890 3097 1229 3190 Christianitatis;
1257 3097 1352 3202 quia
1382 3122 1473 3176 rex

376 3223 666 3302 Paioniae
708 3228 751 3300 et
798 3221 866 3299 alii
909 3221 1128 3325 principes
1178 3248 1230 3301 44
1271 3223 1474 3300 ductores

377 3345 603 3442 exereitus,
632 3343 789 3421 inducti
818 3340 1169 3445 promissionibus
1195 3341 1277 3431 his,
1306 3347 1352 3416 ut
1378 3364 1473 3444 pre·

378 3470 539 3545 mature
568 3463 802 3542 exereitum
831 3469 1072 3542 restaurent
1099 3471 1142 3540 et
1168 3461 1209 3538 iu
1226 3467 1474 3540 castraexe·

379 3592 459 3675 ant,
486 3592 749 3688 quapropter
776 3579 903 3684 ete.*)

676 3719 780 3785 Seer.
806 3737 908 3784 eous.
932 3727 1051 3808 rogat.
1074 3717 1149 3783 Lib.
1173 3715 1268 3783 XIV.
1294 3716 1352 3780 ch.
1374 3715 1428 3780 αἱ

421 3841 456 3928 ⁴²)
479 3843 569 3920 44414
592 3861 683 3904 unua
708 3863 746 3902 na
769 3863 837 3921 erp.
866 3859 925 3904 roo
950 3862 1031 3906 nere
1054 3861 1176 3905 444444
1201 3858 1291 3912 noun

619 3965 733 4040 1444.
761 3967 823 4040 17.
851 3961 1022 4049 dunii,
1049 3981 1144 4040 moin
1169 3999 1244 4040 ouo:

481 4098 691 4194 Comissio
718 4097 954 4180 Aleisio
984 4083 1335 4175 Lauredano
1364 4095 1475 4197 eapi-

381 4225 505 4297 taneo
521 4220 735 4318 galearum
748 4224 999 4299 armatarum
1013 4220 1181 4298 nomine
1209 4218 1358 4296 summi
1372 4241 1471 4318 pun·
