3234 5116
313 474 377 544 '124

313 683 466 774 torum,
481 685 712 762 volentium
728 684 935 764 accedere
952 691 995 762 21
1009 687 1189 765 mereari
1217 709 1266 764 oc
1293 711 1399 765 mer·

312 806 398 882 cori
428 804 571 883 iacere
600 801 841 892 1211222122,
868 823 1000 901 regno
1017 805 1117 883 dicti
1145 805 1399 882 serenissimi

311 923 465 1002 domini
494 924 618 1022 regis.
674 921 782 1019 Quns
812 923 954 1001 iiterss
990 926 1080 1004 11221
1118 927 1297 1004 fecimus
1322 948 1400 1023 per

312 1045 412 1122 dues
441 1069 597 1130 2222222,
627 1054 753 1148 prout
781 1045 954 1124 inferius
987 1051 1237 1126 continetur.
1275 1043 1398 1123 Unam

311 1166 507 1244 videlicet
541 1165 581 1240 in
625 1166 913 1246 idiomate
956 1168 1215 1256 schiavo,
1243 1167 1399 1270 scriptu

312 1309 435 1362 munu
451 1285 527 1361 viri
555 1284 755 1382 sapientis
783 1283 816 1360 R
832 1311 854 1361 e
870 1313 889 1363 s
906 1293 920 1364 t
938 1312 963 1362 o
981 1315 1017 1372 e,
1048 1285 1285 1364 cancellarii
1300 1309 1401 1392 pre·

313 1406 382 1482 isti
411 1403 667 1482 serenissimi
683 1403 854 1493 ,domini
885 1405 1009 1505 regis,
1030 1415 1069 1483 et
1086 1407 1259 1482 aiteram
1275 1405 1399 1516 scrip·
1438 1437 1441 1440 ·

313 1535 393 1604 tam
424 1549 546 1604 manu
573 1522 776 1601 iohannis
805 1527 856 1603 de
873 1525 1061 1614 Bonisio‚
1089 1523 1240 1604 not'srii
1269 1527 1401 1604 nostri

313 1646 466 1726 iitercli
494 1669 705 1735 sermone,
730 1648 938 1724 uniusmet
964 1648 1122 1724 tenoris
1152 1653 1192 1724 et
1218 1646 1400 1724 substan·

237 1782 242 1796 “
312 1768 381 1844 112.
435 1763 544 1862 Ques
575 1763 699 1842 etiam
730 1763 873 1844 literas
901 1791 978 1866 pro
1007 1767 1154 1864 majori
1183 1765 1402 1852 evidentis,

314 1887 426 1964 buiia
446 1883 587 1965 sancti
618 1884 750 1965 Marci
778 1886 926 1964 butinri
957 1866 1142 1964 fecimus

415 2005 560 2084 Datum
591 2006 667 2082 sub
699 2012 841 2084 222122
871 2011 906 2084 V
925 2006 1015 2082 iso
1034 2033 1056 2083 2
1072 2005 1099 2082 12
1115 2005 1138 2094 1,
1166 2006 1402 2092 millesimo,

313 2137 355 2206 et
383 2127 450 2203 die
478 2127 517 2202 in
548 2125 683 2204 itteris
712 2125 1040 2229 precedentibus
1070 2111 1295 2215 annotetis.
1322 2123 1401 2201 Te·

188 2245 195 2270 ¹
313 2271 394 2325 nor
417 2253 560 2322 ¹autem
604 2243 818 2324 literarum
846 2247 1133 2348 predictarum
1163 2252 1239 2336 est,
1268 2254 1313 2322 ut
1339 2270 1400 2322 su-

311 2368 453 2471 perius
483 2367 736 2454 continetur,
765 2365 987 2444 videlicet:
1049 2365 1133 2443 Nos
1163 2363 1194 2439 S
1211 2375 1225 2444 t
1240 2391 1265 2442 e
1280 2393 1305 2466 p
1322 2367 1349 2442 h
1366 2387 1401 2438 2·

313 2513 414 2565 nus
441 2483 903 2567 Thuertteus'nei
931 2487 1062 2584 gratia
1093 2483 1234 2564 1122212
1263 2483 1403 2564 Bossi-

312 2635 364 2688 ne
392 2609 659 2714 partiumque
689 2609 988 2686 maritimarum
1020 2631 1096 2686 rex
1125 2617 1207 2685 etc.

809 2743 1117 2810 communimine
1144 2741 1203 2810 xi.
1228 2742 1286 2806 cir.
1310 2743 1360 2807 87.

414 2951 668 3050 ccccii.
699 2973 808 3046 2222.
836 2975 901 3046 22.
933 2968 1303 3046 Decembris.

314 3132 535 3242 Haeo-asuerus
559 3179 594 3218 sa
620 3179 782 3220 mucrone
808 3164 939 3235 ityuoa,
972 3178 1050 3218 nano
1074 3179 1111 3230 pa
1136 3179 1283 3236 upurese
1308 3179 1326 3234 y
1352 3177 1407 3217 uo-

554 3269 636 3321 uoiu.
660 3283 757 3339 rpapy
783 3267 922 3339 (tuappy.
946 3258 1164 3346 (cupressus.)

413 3433 531 3532 Quod
566 3431 775 3511 scribetur
817 3433 1142 3533 capitaneo
1182 3427 1402 3531 Cutphi

313 3564 354 3634 et
380 3554 701 3659 provisoribus:

413 3694 500 3771 Per
526 3694 679 3791 galeas
709 3691 933 3768 Romaniue
975 3688 1214 3792 recepimus
1243 3687 1402 3796 litteras
1501 3689 1506 3702 '

312 3823 473 3893 vestras
500 3813 552 3889 de
581 3811 648 3888 die
680 3819 786 3890 lmo
817 3808 1064 3913 praesentis,
1092 3831 1171 3910 per
1201 3831 1304 3910 quas
1333 3835 1402 3886 no·

312 3943 400 4012 stro
420 3935 621 4012 *dominio
650 3931 916 4033 significastis
931 3931 1202 4034 provisiones
1231 3953 1308 4032 per
1326 3953 1401 4004 vos

313 4055 455 4147 iactos,
484 4055 523 4141 in
551 4055 734 4133 volendo
763 4077 1018 4135 succurrere
1044 4051 1201 4130 civitati
1231 4059 1403 4128 nostrae

272 4210 274 4217 r
313 4174 575 4266 Scirtari,
618 4183 660 4253 et
689 4173 940 4252 concluditis
968 4175 1087 4252 robis
1115 4171 1311 4252 omnibus
1339 4195 1402 4272 up·

150 4409 154 4422 .
214 4293 221 4298 ’
314 4321 487 4402 perere,
528 4323 609 4376 non
641 4321 767 4401 posse
798 4319 872 4400 per
902 4317 1048 4397 squam
1078 4295 1214 4374 dictae
1247 4291 1401 4371 civium
