3234 5116
261 583 386 666 Facta
423 589 565 664 autem
595 581 962 684 congratulatione
1001 605 1094 664 curn
1135 581 1250 664 dicto

155 706 328 786 domino
372 727 474 806 rege
502 706 554 782 de
583 704 801 784 creatione
828 729 901 783 sua
927 705 1168 809 praedicta,
1208 715 1252 786 ct

154 825 435 930 praesentatis
477 823 638 902 exeniis
668 846 774 925 quae
815 824 891 902 tibi
935 823 1023 902 dari
1058 824 1251 917 fecimus,

155 946 270 1026 dicto
300 945 472 1024 domino
502 944 833 1048 praesentandis,
861 969 942 1046 que
970 953 1249 1046 praesentare

153 1065 312 1144 debeas
339 1065 475 1170 prima
504 1062 619 1162 vice,
664 1089 745 1166 qua
774 1062 853 1140 ibis
890 1063 939 1142 ad
968 1066 1253 1168 praesentiam

155 1213 292 1280 suam,
332 1189 407 1266 des
434 1186 510 1264 tibi
540 1210 715 1290 operam
745 1186 911 1264 essendi
940 1210 1020 1264 una
1047 1187 1127 1266 alia
1155 1187 1249 1266 vice

155 1334 250 1388 cum
278 1307 450 1387 domino
480 1329 579 1404 rege
608 1306 853 1408 praedicto,
894 1315 936 1384 et
962 1331 1062 1388 suae
1091 1311 1249 1388 sereni-

156 1430 228 1510 tati
257 1431 424 1520 dicere,
452 1429 564 1530 quod
592 1431 703 1508 sicut
728 1428 948 1508 serenitati
975 1453 1076 1508 suae
1104 1433 1250 1509 notum

155 1558 244 1636 est,
288 1555 428 1652 terrae
469 1556 638 1626 nostrae
680 1547 1010 1627 Dalmatiae
1050 1551 1248 1650 contigue

154 1687 249 1750 sunt
278 1671 402 1750 terris
429 1677 473 1747 et
500 1669 605 1746 locis
634 1670 754 1767 regni
782 1670 869 1754 sui,
897 1671 971 1748 sed
1001 1671 1155 1749 subditi
1184 1670 1248 1748 sui

156 1815 239 1870 non
270 1799 445 1892 possunt
482 1813 635 1868 secrrre
677 1790 728 1868 ad
758 1791 854 1870 ioca
896 1797 938 1867 et
980 1797 1118 1868 terras
1161 1817 1251 1870 nos·

154 1919 242 1992 tras
269 1911 428 2002 venire,
456 1913 653 1990 etnustriv
679 1911 872 1989 similiter
892 1934 977 1988 non
1004 1919 1180 2014 possunt
1199 1913 1248 1990 ad

153 2037 289 2112 terras
319 2039 361 2110 et
399 2031 496 2108 loca
537 2031 655 2129 regni
682 2030 862 2116 suiire,
901 2031 997 2130 quia
1024 2030 1064 2108 in
1093 2030 1160 2110 via
1187 2055 1251 2110 ca·

152 2155 329 2258 piantur
366 2160 408 2230 et
436 2151 709 2230 derobantur.
762 2151 815 2230 ut
842 2151 1065 2255 cupientes
1092 2153 1252 2229 securi·

153 2282 283 2354 tatem
321 2271 587 2352 subditorum
629 2297 802 2350 suorum
831 2281 873 2352 ct
901 2277 1168 2365 nostrorum,
1209 2280 1252 2351 et

154 2402 349 2498 optantes
380 2397 492 2497 quod
521 2395 672 2474 subditi
700 2397 764 2472 sui
793 2419 887 2474 cum
918 2381 1086 2485 nostris,
1116 2401 1158 2472 ct
1183 2419 1251 2472 no-

151 2516 362 2594 stri-cum
399 2517 511 2607 suis,
563 2515 729 2617 possint
768 2523 881 2595 stare
924 2516 1168 2593 conversari
1207 2522 1251 2593 et

152 2639 356 2727 mercari,
392 2642 437 2713 ut
465 2637 646 2717 amicitia
674 2638 954 2742 interponas
982 2636 1035 2716 dc
1065 2633 1178 2714 bono
1209 2637 1250 2714 in

155 2759 305 2836 meiius
334 2767 547 2856 augentes
588 2781 789 2858 rogamus
817 2783 932 2836 suam
962 2757 1251 2846 serenitatem,

154 2884 200 2955 ut
238 2877 314 2956 sibi
355 2879 547 2983 placeret
586 2879 695 2956 velle
735 2903 899 2984 ponere
942 2879 1011 2958 illa
1052 2878 1252 2957 remedia.
1298 2923 1302 2945 ι

153 3020 261 3100 quae
288 3001 371 3078 sint
397 2999 638 3078 necessaria
666 3007 708 3077 et
726 2999 956 3103 possibilia,
985 3000 1098 3101 quod
1115 2995 1251 3074 subdi·

154 3119 185 3195 ti
212 3123 534 3199 etmercatores
562 3121 628 3198 sui
648 3120 812 3222 possint
839 3145 991 3201 secure
1020 3119 1071 3195 ad
1088 3119 1181 3195 loca
1210 3125 1253 3197 et

156 3243 294 3318 terras
333 3247 500 3320 nostras
528 3240 701 3334 venire,
737 3244 779 3318 et
806 3241 937 3320 nostri
965 3239 1018 3319 ad
1046 3247 1184 3317 terras
1212 3247 1254 3316 et

157 3357 251 3438 ioca
279 3359 400 3460 regni
436 3360 499 3437 sni
540 3359 734 3440 similiter
760 3360 1251 3465 secureaccederepos.

156 3479 262 3565 sint,
317 3503 412 3557 cum
453 3505 601 3558 eornm
656 3480 989 3560 mercationibus
1031 3489 1074 3559 et
1115 3479 1248 3566 bonis,

156 3599 254 3700 quia
283 3599 367 3678 hoc
395 3601 644 3683 redundabit
670 3603 722 3682 ad
749 3603 961 3682 honorem
1002 3615 1105 3681 suae
1139 3627 1250 3682 sere·

51 3717 54 3722 ’
153 3717 292 3796 nitatis
321 3726 362 3798 et
389 3723 524 3800 nostri
553 3722 741 3808 dominii,
769 3729 813 3800 et
828 3722 877 3800 ad
908 3723 1178 3801 commodum
1208 3730 1251 3799 ct

155 3839 313 3916 bonurn
341 3837 606 3918 subditorum
636 3839 857 3922 ambarum
881 3842 1073 3943 partium.

257 3960 310 4038 ut
350 3961 385 4040 si
412 3961 546 4039 dictus
587 3962 782 4041 dominns
820 3988 898 4041 rex
939 3987 962 4042 a
1002 3969 1044 4042 te
1085 3967 1250 4065 peteret

155 4078 388 4169 declarari,
430 4080 528 4182 quid
564 4082 734 4160 videtur
774 4091 923 4161 nostro
953 4083 1138 4164 dominio
1172 4104 1251 4184 per

155 4223 253 4276 cum
281 4199 375 4280 tisri
402 4203 562 4281 debere
600 4205 652 4284 ad
679 4203 953 4285 securitatem
985 4202 1248 4301 subditorum
