3228 5108
1205 428 1270 514 te

171 629 323 710 orntiis
349 629 724 711 denotteetbonis
753 635 1266 736 quibuscunque,venire,

171 753 285 826 stare
327 759 369 826 et
396 750 538 828 redire
565 753 655 828 sine
682 744 892 832 solutione
922 751 1143 852 alboregii,
1182 753 1267 830 fun·
1409 745 1425 772 ⁹

172 867 306 966 desii,
342 867 444 950 datii
472 871 696 984 tergovine
725 873 798 950 vel
835 873 1007 970 alicuius
1034 870 1269 966 solutionis·

171 987 455 1088 Intelligendo
490 991 605 1091 quod
630 1014 759 1096 supro
787 991 887 1072 dicti
924 991 1077 1068 Veneti
1117 991 1271 1070 subditi
1374 1052 1379 1060 .

173 1115 218 1186 et
244 1105 388 1186 fideles
428 1111 713 1202 Venetierum‚
740 1140 826 1192 non
868 1113 1033 1216 possint
1061 1137 1108 1189 se
1142 1114 1269 1215 impe-

173 1227 267 1310 dire
294 1231 349 1311 de
376 1233 491 1321 ssim
517 1232 598 1310 nisi
625 1255 678 1312 ex
719 1249 931 1344 consensu
974 1239 1017 1310 et
1038 1233 1269 1310 *voiuntete

171 1355 329 1430 nostro.
371 1351 518 1432 Item
545 1357 815 1456 promisimus
841 1341 970 1458 s'upre
996 1351 1111 1432 dicto
1139 1352 1269 1434 domi·

173 1495 233 1550 no
261 1471 408 1558 Murco
438 1473 643 1572 Denduio,
674 1475 951 1554 ambexietori
979 1475 1079 1554 dicti
1117 1473 1271 1552 domini

174 1589 296 1672 ducis
330 1600 375 1670 et
404 1596 594 1674 comunis
633 1597 933 1680 venetiorum,
962 1594 1076 1697 quod
1103 1597 1144 1672 in
1173 1617 1271 1672 casu

174 1733 260 1813 quo
287 1713 327 1790 in
355 1713 493 1814 alique
525 1725 647 1819 purte
675 1720 808 1796 nostri
851 1719 973 1816 regni
1016 1715 1164 1816 aliquis
1189 1716 1271 1792 Ve·

172 1839 298 1910 notus
323 1833 398 1912 vel·
430 1833 565 1916 fidelis
604 1838 672 1912 vel
713 1837 901 1915 subditus
926 1837 1117 1915 Venetus
1161 1841 1273 1912 esset

172 1953 431 2036 denebertus,
457 1957 525 2032 vel
551 1959 669 2060 quod
696 1958 736 2034 ei
764 1956 922 2059 aliquid
951 1979 1006 2034 ex
1032 1955 1074 2030 vi
1102 1977 1271 2056 repere·

172 2085 269 2161 tur,
310 2073 614 2154 satisfaciemus
651 2086 693 2158 et
721 2080 937 2156 solvemus
967 2079 1007 2156 ei
1034 2075 1086 2152 de
1113 2073 1274 2154 nostris

173 2193 295 2276 benis
321 2197 506 2299 propriis
535 2204 667 2278 toturn
699 2199 754 2288 id,
783 2202 897 2302 qnod
923 2197 1002 2278 sibi
1026 2194 1272 2274 derobatum

172 2321 217 2398 et
242 2323 406 2416 raptum
446 2315 622 2404 fuisset,
663 2341 798 2422 usque
825 2319 1112 2416 reintegrans
1151 2337 1268 2396 suum

172 2435 439 2516 solutionem.
467 2437 598 2518 ltem
625 2441 926 2543 promittimus,
954 2437 1066 2540 quod
1095 2437 1148 2514 de
1177 2437 1268 2515 bre·

172 2555 214 2634 vi
231 2555 337 2638 -fleri
363 2555 567 2638 sociemus
596 2566 1053 2645 monetemnostrsm,
1094 2569 1178 2658 que
1206 2581 1269 2638 oc·
1376 2649 1379 2656 .

173 2683 370 2757 cemes
403 2703 482 2780 per
509 2685 645 2758 totum
684 2687 874 2758 nostrum
916 2701 1094 2776 regnum
1123 2678 1270 2763 taliter.

175 2798 291 2901 qnod
318 2797 501 2900 predicti
526 2800 681 2878 Veneti
708 2799 863 2878 subditi
892 2803 934 2876 et
959 2796 1105 2876 fideles
1133 2798 1270 2878 Vene-

47 2951 52 2960 ·
176 2920 329 2998 uarum
367 2925 495 2999 erunt
520 2920 693 3020 equales
734 2917 925 2998 omnibus
952 2918 1110 2996 nostris·
1134 2915 1270 2997 subdi·

173 3038 240 3124 tis,
268 3047 310 3116 et
338 3039 430 3116 eliis
460 3039 778 3141 quibuscunque
806 3028 1072 3140 forensibus,
1103 3040 1174 3140 qni
1202 3043 1269 3118 v'e·

65 3191 67 3200 <
173 3161 316 3240 nirent
343 3159 385 3236 in
411 3165 560 3236 nostro
599 3184 749 3259 regno.
804 3159 849 3238 Si
875 3183 979 3238 vero
1017 3159 1269 3238 deliberare·
1412 3228 1418 3241 ,

175 3303 270 3358 mus
296 3279 507 3382 quodnon
536 3278 657 3360 fieret
683 3289 827 3360 nostra
855 3289 1038 3370 monete,
1067 3279 1269 3382 promitti·

176 3426 268 3480 mus
297 3401 442 3480 fucere
480 3427 575 3480 oum
604 3404 783 3490 effectu,
829 3400 944 3506 quod
972 3407 1140 3478 monete
1170 3399 1270 3478 dicti

175 3521 337 3600 domini
365 3521 484 3600 ducis
511 3531 556 3599 et
580 3524 776 3601 comunis
815 3523 1089 3599 Venetierum
1127 3543 1269 3600 eccur·

175 3631 294 3704 reret
321 3646 400 3726 per
428 3631 561 3702 totum
601 3633 791 3705 nostrum
821 3646 1024 3724 regnum,
1064 3623 1174 3702 siout
1208 3647 1270 3702 eo·

171 3727 309 3820 currit
326 3726 376 3803 ad
391 3751 567 3829 presens
595 3738 763 3808 monete
794 3729 1073 3832 Regrrsiensis¹
1099 3725 1145 3802 ln
1174 3749 1271 3825 quo·

173 3829 267 3924 ru’m
295 3827 433 3920 fidem,
461 3835 501 3906 et
529 3829 777 3910 evidentiam
819 3827 1054 3933 pleniorem
1094 3853 1269 3932 presens

175 3932 438 4038 privilegium
467 3934 559 4014 fieri
581 3939 796 4036 jussimus,
827 3943 869 4013 et
896 3932 1162 4011 bulionostrn
1190 3926 1268 4010 mc'·

170 4037 281 4136 joris
308 4037 432 4138 sigilii
459 4039 670 4142 pendente
698 4040 863 4117 muniri.

280 4157 427 4236 Datrrm
457 4161 566 4284 apud
594 4159 630 4234 V
646 4159 657 4234 i
673 4185 691 4236 s
709 4161 733 4237 o
753 4157 884 4239 ohiu
898 4179 950 4247 m,
979 4155 1045 4234 die
1063 4158 1265 4257 vigesimo

174 4261 365 4341 secondo
393 4263 549 4365 Aprilis
576 4261 866 4342 MCCCCHH.

317 4405 320 4412 ·
394 4379 668 4449 Oemernorielc
694 4382 752 4448 ΙΧ.
776 4384 831 4448 ch.
856 4385 926 4450 159.
952 4391 991 4450 et
1010 4382 1152 4452 xcnu.
1174 4385 1226 4448 86.
