3186 5112
315 533 423 611 iactu
445 537 722 610 contrasuum
755 533 1079 630 magnitudinem
1109 533 1327 636 imputabit
1340 539 1416 616 eis

312 654 406 730 dem
430 709 438 739 ,
464 675 547 730 uec
576 652 702 730 uitam
729 651 971 732 modestiam
1002 654 1064 740 eis
1094 654 1273 733 inferret
1300 657 1415 735 dicta

255 843 259 862 ,
313 797 460 861 causa,
488 771 564 868 sed
593 774 731 850 omnic
762 774 976 852 mandabit
992 773 1208 860 oblivioni,
1236 800 1322 854 non
1351 777 1416 856 uii-

312 903 378 973 ter
418 913 540 994 quum
581 893 617 970 si
660 903 822 972 contre·
853 918 950 970 eum
992 919 1217 998 numquam
1257 897 1415 998 aliquid

313 1014 574 1104 comisissei3
617 1024 697 1094 tum
739 1017 935 1094 subditos
964 1026 1007 1094 et
1035 1013 1181 1094 fideles
1222 1025 1414 1106 nostros,

313 1159 437 1238 quam
479 1141 581 1216 suos
607 1136 647 1212 iu
676 1141 829 1213 statum
870 1137 1090 1238 pristinum
1128 1161 1177 1216 uc
1206 1139 1414 1218 terminos

312 1255 498 1336 totaliter
526 1256 789 1336 reducendo.
833 1257 878 1336 si
906 1264 1044 1336 autem
1076 1259 1411 1358 contingeretur,

312 1379 428 1479 quod
456 1376 568 1464 idem
599 1378 845 1477 magnificus
884 1379 1077 1459 dominus
1117 1378 1240 1458 Balsa
1269 1379 1311 1456 iu
1340 1381 1412 1460 aii·

314 1523 398 1600 quc
454 1513 676 1600 pactorum
719 1499 806 1575 uilo
849 1523 1031 1601 unquam
1076 1508 1271 1603 tempore
1316 1523 1412 1579 con·

318 1618 549 1698 trataceret
575 1617 644 1696 cel
671 1618 864 1718 veniret,
906 1619 1046 1722 utiquo
1077 1618 1207 1719 mcdo
1238 1619 1411 1718 iu'geuio

316 1742 466 1820 cdiore
494 1741 561 1816 vel
591 1763 743 1832 causa,
783 1749 882 1818 tunc
911 1739 1023 1817 idem
1052 1738 1245 1818 domiuus
1283 1741 1411 1819 Balsa

316 1870 510 1942 teneatur
551 1864 774 1940 restituere
812 1852 1003 1943 dominic
1030 1871 1178 1942 'nostro
1219 1862 1411 1965 predicta

317 1986 412 2064 ioca
437 1983 635 2085 nuictgni
664 1986 883 2082 etBudue,
914 2011 1010 2064 cum
1036 1985 1231 2064 omnibus
1261 2009 1410 2062 eorum

313 2105 578 2210 pertinentiis
614 2107 783 2203 juribus
827 2105 1087 2185 districtibus
1130 2115 1172 2184 et
1200 2105 1410 2202 confiniis,

314 2230 478 2327 integre
507 2227 721 2320 stilicen,
762 2227 875 2330 quud
905 2228 940 2306 si
968 2227 1199 2305 uuiietiiia
1227 2225 1411 2305 reddere

313 2355 463 2426 nostro
510 2347 724 2433 dominio,
766 2356 865 2427 tunc
896 2347 1008 2426 etin
1037 2373 1089 2424 ec
1119 2369 1219 2425 cusu
1260 2350 1409 2426 eadem

313 2477 452 2548 vestra
480 2465 786 2568 magnificentia
802 2475 1007 2548 ¹teneatur
1034 2467 1159 2544 etiam
1174 2467 1410 2546 uobiscum

314 2589 471 2668 etdure
495 2598 643 2669 nostro
672 2589 859 2668 dominio
889 2587 1176 2692 suprascripto
1206 2589 1408 2666 ciuilium

313 2717 357 2790 et
371 2710 560 2790 favorem
591 2719 890 2815 oppurtunum,
904 2735 982 2811 pro
1004 2709 1296 2811 cumpeiiendo
1326 2709 1408 2789 dic·

220 2859 225 2870 ·
314 2840 399 2910 tum
424 2833 636 2910 domiuum
665 2833 830 2908 Bulsem
860 2831 909 2910 ed
940 2831 1242 2916 restituendum
1271 2831 1408 2910 eidem

312 2959 460 3032 nostro
489 2953 675 3030 dominio
705 2951 818 3032 diets
845 2953 951 3044 locs,
980 2957 1025 3028 ut
1050 2951 1209 3030 dictum
1238 2959 1313 3030 est.
1357 2951 1410 3029 Et

313 3073 512 3176 insuper,
555 3057 673 3175 quod
697 3097 750 3148 ex
780 3080 878 3150 tunc
906 3071 1088 3150 libertati
1115 3073 1243 3149 simus
1271 3080 1314 3150 et
1342 3065 1406 3148 bb·

312 3179 441 3274 sciuti
469 3219 547 3273 nos
575 3203 616 3273 et
643 3217 920 3274 successores
949 3194 1106 3284 nostri,
1135 3218 1157 3270 a
1186 3193 1322 3271 duddo
1352 3193 1404 3270 ei·

312 3314 408 3392 dem
452 3315 775 3394 domino'ssatse
817 3321 859 3392 et
894 3314 1124 3393 heredibus
1151 3317 1264 3401 suis,
1303 3337 1405 3416 sepe

311 3436 450 3517 dictos
491 3435 605 3514 miiie
634 3436 810 3516 ducatos
849 3437 1024 3538 singuiis
1064 3435 1181 3511 anuis
1209 3445 1255 3514 ut
1280 3459 1406 3537 supra

312 3557 503 3637 diximus.
534 3557 820 3636 Promittimus
836 3560 945 3636 enim
962 3564 1112 3634 tenore
1131 3557 1406 3658 presentium,

312 3679 427 3784 quod
457 3705 551 3757 cum
579 3681 773 3784 predicte
803 3679 924 3756 litere
954 3677 1246 3758 edificationis
1276 3685 1320 3756 et
1339 3701 1405 3781 cp·

310 3799 574 3906 probationis
602 3802 990 3903 suprascriptorum
1036 3799 1163 3904 ipsius
1191 3797 1404 3898 magnifici

311 3919 619 4008 dominiBaise,
647 3921 920 4022 pervenerint
936 3921 984 3996 ad
1012 3944 1157 3998 manus
1185 3926 1403 3998 rectorum
1498 3963 1503 3974 ·

311 4047 566 4128 nostrorum,
595 4041 668 4143 qui
696 4049 790 4120 sunt
818 4043 858 4120 iu
875 4041 981 4120 iocis
1010 4041 1209 4144 predictis
1237 4037 1401 4141 Duicig·

311 4162 353 4239 ni
369 4169 410 4241 et
432 4161 669 4250 Budue‚uei
685 4161 894 4266 capitanei
922 4165 1056 4240 nostri
1086 4161 1263 4248 Scuturi
1291 4161 1402 4240 idem

312 4290 504 4363 rectores
557 4283 769 4363 dicturum
813 4285 1008 4363 iocorum
1055 4285 1121 4361 vei
1161 4284 1404 4386 capitaneus
