3228 5108
351 387 417 474 or

351 617 497 716 potest
524 633 621 688 num
648 609 852 698 Tarcho,
894 611 1066 690 domino
1095 635 1204 700 sno,
1246 612 1303 694 ita
1330 615 1448 714 quod

351 732 388 808 si
415 731 669 810 haberemus
695 733 829 833 ipsum
873 730 1149 810 favorabilem
1195 739 1237 810 et
1263 731 1448 836 propici-

353 875 434 939 um,
463 859 579 930 esset
607 875 731 930 euersa
761 851 1087 935 reducendinos
1106 850 1324 932 adbouam
1352 876 1449 932 cou-

353 973 588 1051 clusiouem
617 996 696 1073 pro
725 971 836 1064 hiis,
876 997 985 1073 quae
1025 972 1275 1052 intendimus
1316 995 1447 1072 agere

353 1115 450 1172 cnm
478 1093 592 1172 dicto
608 1091 795 1178 Turoho,
823 1100 905 1172 tam
922 1117 1001 1195 pro
1019 1093 1140 1172 factis
1169 1091 1446 1180 Albaniae,

355 1237 479 1316 quam
507 1237 588 1316 pro
618 1211 731 1310 aliie,
777 1213 1019 1292 comittatur
1057 1213 1171 1292 dicto
1213 1235 1286 1289 ser
1311 1213 1446 1318 Bene·

353 1331 467 1412 dicto
513 1329 781 1420 Contereuo,
823 1333 932 1433 quod
977 1359 1072 1411 cum
1112 1334 1268 1423 uostris
1298 1335 1449 1412 litteris

353 1453 610 1532 credulitatis
644 1453 809 1531 mittere
839 1451 990 1529 debeat
1017 1451 1067 1527 ad
1088 1452 1310 1554 Basaytum
1339 1459 1447 1558 capi·

354 1581 522 1652 taueum
551 1571 760 1678 Scopine,
795 1573 1067 1650 Thomasinm
1097 1575 1306 1652 notarium
1334 1574 1446 1656 Scla-

356 1719 467 1792 vum,
498 1704 540 1772 et
567 1693 645 1774 sibi
673 1696 909 1782 comittere,
938 1695 1047 1795 quod
1078 1693 1192 1774 dieto
1222 1695 1448 1798 Pasaytho,

358 1837 452 1892 cum
493 1811 573 1890 illis
602 1811 742 1890 verbis
779 1815 936 1892 amoris
964 1823 1007 1892 et
1034 1811 1296 1902 dilectionis,
1340 1839 1447 1918 quae

356 1929 436 2009 sibi
463 1932 725 2023 videbuntur,
753 1934 904 2012 debeat
931 1933 1224 2014 demonstrare
1253 1941 1297 2011 et
1312 1943 1445 2014 osteu-

356 2053 488 2152 dere,
531 2076 717 2130 amorem
757 2062 798 2130 et
837 2053 1133 2147 dilectionem,
1174 2077 1298 2158 quam
1339 2057 1449 2156 gerit

356 2183 548 2253 nostrum
578 2173 808 2253 dominium
837 2173 1015 2274 Pasayto
1045 2175 1252 2278 predicto,
1274 2185 1318 2253 et
1333 2176 1448 2280 quod

355 2319 435 2402 pro
463 2297 643 2374 vivendo
661 2299 700 2374 in
730 2297 963 2398 bonapace
991 2305 1034 2376 et
1061 2297 1324 2378 fraternitate
1352 2323 1448 2376 cum

355 2417 539 2495 dominio
569 2441 659 2505 suo,
688 2416 940 2497 intendimus
970 2419 1139 2496 mittere
1169 2419 1219 2494 ad
1245 2418 1449 2522 presenti-

356 2558 421 2615 am
450 2537 551 2617 dicti
580 2537 736 2617 domini
765 2539 853 2624 sui,
884 2535 1215 2618 ambaxiatorem
1242 2547 1450 2633 nostrum,

355 2659 407 2735 de
435 2659 668 2738 intentione
706 2665 850 2737 nostra
879 2659 1127 2762 adplenum
1164 2657 1448 2758 informatum,

356 2785 397 2856 et
424 2779 520 2856 ideo
552 2779 586 2856 si
613 2777 693 2856 sibi
721 2781 874 2882 placet,
903 2771 1025 2857 etde
1053 2778 1137 2858 hoe
1165 2778 1301 2857 dictus
1331 2777 1447 2860 Tho·

289 2931 293 2946 ¹
354 2923 442 2976 mas
472 2903 652 2978 eundern
681 2896 912 3000 Pasaytum'
929 2903 1084 2976 attente
1111 2920 1263 2999 rogare
1279 2901 1447 2990 debeat,

354 3021 545 3100 scribere
574 3023 690 3100 dicto
718 3021 892 3100 Turcho
924 3021 1095 3100 domino
1125 3045 1218 3122 suo,
1247 3026 1303 3100 ita
1332 3025 1446 3128 quod

354 3141 565 3246 possimus
609 3165 704 3220 esse
747 3143 987 3221 concordes
1028 3167 1123 3218 cum
1154 3165 1233 3233 eo,
1275 3141 1327 3218 de
1368 3143 1447 3221 hiis

355 3287 462 3364 quae
491 3285 637 3342 secum
668 3287 793 3364 ogere
829 3259 1102 3350 habebimus;
1143 3261 1295 3340 habeat
1334 3262 1446 3342 idem

352 3381 542 3462 Thomas
572 3385 823 3471 libertatern,
851 3383 1125 3488 promittendi
1142 3379 1321 3484 Pasoyto
1351 3405 1458 3486 pre-¹¹

353 3503 480 3595 dicto,
508 3505 656 3584 nostro
685 3503 875 3597 nomine,
903 3503 1067 3604 singulo
1097 3527 1228 3590 auno,
1270 3503 1445 3582 ducatos

353 3627 465 3702 millo
503 3623 555 3703 de
594 3625 846 3726 introytibus
888 3623 1099 3702 dictorum
1143 3623 1362 3712 locorum,
1403 3633 1446 3701 et

355 3772 482 3850 quum
511 3749 596 3825 hoc
626 3771 709 3824 uon
750 3755 897 3850 posset
937 3745 1154 3830 obtinere,
1195 3743 1444 3847 promittere

353 3869 506 3948 debeat
520 3869 660 3946 dictos
687 3869 861 3946 ducatos
880 3865 1088 3950 absoluto,
1117 3865 1300 3943 faciente
1328 3863 1442 3942 dieto

352 3989 611 4077 Thomasio,
651 3989 758 4068 hano
805 3995 992 4065 nostram
1020 3987 1321 4072 intentionem,
1363 4010 1444 4088 per

352 4113 469 4190 illum
497 4113 689 4191 strictum
717 4119 758 4188 et
790 4117 956 4189 cautum
999 4109 1196 4194 modum,
1237 4109 1306 4209 qui
1341 4131 1442 4184 suae

352 4230 599 4334 prudentiae
629 4229 860 4320 videbitur,
890 4239 933 4309 ut
961 4229 1070 4307 faeta
1100 4235 1244 4305 nostra
1272 4227 1354 4304 siut
1379 4251 1441 4304 se·

355 4361 485 4446 crota,
503 4354 731 4458 etinsuper
759 4352 911 4430 habeat
938 4353 1188 4438 libertatem,
1219 4349 1441 4448 collegium
