3224 5110
334 599 651 698 perpetuusque
693 589 853 668 amicus
894 589 1024 695 ipsius
1065 592 1332 672 illustrissimi
1361 595 1433 670 du·

333 712 435 792 calis
462 709 648 799 dominii,
677 707 744 788 cni
773 708 950 786 remittit
979 733 1127 788 omnes
1157 711 1326 790 iniurias
1358 739 1430 791 no·

333 833 480 912 vitatas
523 830 767 915 molestias,
796 828 945 906 atalia
994 853 1161 932 queque
1204 817 1431 912 commissa

334 959 377 1031 et
402 955 642 1055 perpetrata
671 955 823 1025 contra
852 948 1046 1026 arumdem
1075 951 1313 1036 dominum,
1348 959 1431 1030 ter-

333 1095 414 1160 ras,
441 1070 609 1174 oppida,
638 1070 732 1146 loca
763 1073 805 1144 et
833 1068 1157 1162 subditossuos‚
1174 1079 1369 1174 tempore
1388 1081 1433 1148 et

333 1193 563 1272 occasione
590 1217 666 1269 seu
695 1215 819 1269 cansa
847 1213 1000 1289 guerre
1029 1201 1071 1269 et
1091 1191 1324 1272 novitatum
1340 1216 1431 1296 pre·

335 1314 566 1399 teritorum,
596 1319 638 1390 et
664 1315 719 1392 de
748 1320 896 1391 cetero
925 1338 1012 1392 non
1041 1313 1199 1393 inferre
1215 1315 1338 1394 ullam
1363 1338 1432 1414 gu·

252 1443 255 1451 '
335 1453 486 1527 orrum,
514 1433 750 1513 molestiam
780 1443 823 1512 et
849 1433 1078 1514 novitatem
1113 1445 1266 1514 contra
1295 1445 1337 1518 et
1363 1436 1432 1514 ad·

333 1578 483 1634 versus
512 1555 646 1660 ipsum
675 1556 1001 1634 illustrissimum
1030 1558 1181 1635 ducale
1198 1557 1433 1636 dominium

333 1675 623 1762 venetiarum.
650 1675 748 1756 ioca
777 1681 819 1755 et
845 1676 1034 1756 subditos
1052 1702 1164 1769 snos,
1193 1677 1337 1782 qraavis
1353 1679 1433 1756 lor-

334 1821 415 1888 ma,
443 1797 569 1874 modo
598 1799 664 1876 vel
692 1800 875 1900 ingenio,
903 1801 986 1876 imo
1005 1822 1435 1904 comperperscvera·

334 1919 396 1998 bit
425 1917 465 1996 in
496 1919 605 1998 bona
647 1919 946 1999 benevolentia
976 1925 1019 1996 et
1045 1919 1251 2008 amicitia,
1280 1927 1323 1999 et
1350 1919 1434 1996 erit

335 2042 493 2119 amicus
534 2040 795 2136 amicorum,
838 2047 881 2120 et
921 2037 1115 2118 inimicus
1163 2039 1431 2118 inimicorum

328 2159 434 2240 dicti
462 2159 728 2239 illustrissImi
758 2161 919 2240 ducalis
947 2159 1123 2238 dominii
1142 2161 1431 2239 Venetiarum.

436 2279 579 2359 ltem
622 2283 832 2386 promittit
868 2287 910 2362 et
947 2287 1010 2358 cst
1044 2289 1266 2360 contentus
1295 2281 1435 2362 dictus

294 2497 296 2502 Ι
335 2401 529 2480 dominus
556 2426 638 2505 pro
667 2425 715 2479 se
743 2411 785 2481 et
801 2399 1171 2480 ..successoribus
1198 2401 1299 2490 suis,
1317 2399 1433 2503 quod

337 2521 812 2612 civitasAntibari,
840 2528 883 2598 et
911 2529 1094 2600 castrum
1123 2522 1433 2608 Dalmisse.

336 2639 543 2745 acquisita
568 2666 643 2720 sau
672 2649 873 2744 perventa
900 2647 1262 2745 temporegnerra
1291 2650 1336 2718 et
1361 2665 1434 2720 no·

333 2759 504 2841 vitatum
531 2763 845 2866 preteritarum,
860 2763 910 2838 ad
926 2783 1068 2836 manus
1084 2757 1215 2860 ipsius
1240 2761 1433 2839 illustris·

335 2881 430 2960 simi
457 2880 629 2960 dominii
664 2879 967 2973 venetiarum,
1010 2880 1144 2958 libere
1173 2889 1216 2960 et
1242 2879 1334 2957 sina
1362 2881 1432 2960 ali·

337 3027 417 3105 qua
447 3002 784 3083 contradictione
822 3011 1066 3082 remaneant
1102 3002 1180 3106 ipsi
1206 3002 1435 3080 illustrissi-

335 3145 404 3200 mo
431 3121 568 3202 ducali
586 3122 798 3201 'dominio
840 3123 981 3201 ltem
1023 3123 1159 3224 ipsum
1200 3121 1429 3202 illustrissi-

334 3265 445 3320 mum
474 3241 623 3320 ducale
651 3241 878 3320 dominium
918 3241 1128 3347 promittit
1161 3243 1251 3320 dari
1280 3242 1430 3320 facero

171 3431 178 3446 .
332 3363 448 3441 iuxta
462 3369 723 3446 consuetum,
751 3361 802 3438 in*
822 3361 989 3440 civitate
1006 3359 1139 3439 ‘Cata
1154 3363 1197 3438 ri
1224 3360 1334 3440 illam
1353 3364 1429 3440 do·

335 3507 447 3562 mum
477 3488 521 3560 at
546 3481 833 3581 provisionem
863 3480 998 3562 eidem
1025 3479 1223 3569 domino,
1250 3506 1332 3585 que
1360 3485 1430 3564 d'a·

335 3597 485 3680 bantur
513 3599 722 3702 quondam
751 3602 971 3700 magnilica
1000 3599 1370 3696 dominoSandali,
1387 3611 1430 3683 et

337 3725 392 3801 ita
433 3718 577 3804 comiti
617 3719 770 3800 Catari,
796 3729 840 3798 ct
864 3719 1186 3798 successoribus
1225 3723 1311 3801 suis
1350 3746 1429 3826 per

334 3847 470 3948 ipsum
498 3841 819 3920 illustrissimum
849 3842 998 3920 dracale
1039 3843 1270 3922 dominium
1321 3867 1429 3922 man·

336 3963 530 4053 dabitur,
559 3961 671 4064 quod
700 3961 881 4040 debcant
910 3962 1152 4051 observari,
1180 3961 1426 4046 beelamon

326 4083 576 4190 ,conditione
603 4083 807 4187 apposita,
835 4082 950 4185 qnod
965 4085 1055 4185 ipse
1078 4083 1321 4183 magnificus
1337 4085 1428 4162 Sta·

332 4199 450 4282 tanus
478 4210 672 4284 teneatur
697 4213 739 4285 ct
765 4206 921 4285 debeat
949 4227 1043 4283 oum
1071 4206 1252 4298 ellectu,
1281 4217 1426 4287 tenere
