3228 5108
317 355 382 433 m

317 575 558 656 eondom
587 573 832 656 comilis
874 557 1107 679 lauari}
1148 575 1412 658 fratri-et

314 691 604 774 av'uuoulo
634 691 1409 776 dominaelleleuaeetllal·

314 839 412 894 sae
462 815 843 920 Strazomiri‚
884 816 935 893 ad
978 817 1246 894 ambasiatom
1288 817 1411 898 nobis

289 933 551 1036 expositam
578 943 726 1038 parte;
769 943 811 1012 et
845 936 985 1040 primo
1027 937 1077 1014 ad
1105 935 1282 1038 primam
1318 960 1409 1038 par·

315 1061 428 1154 lem,
469 1081 548 1159 per
577 1079 699 1158 quam
728 1056 864 1134 dietus
901 1055 1094 1135 dominus
1131 1057 1409 1136 effectualiter

316 1201 397 1254 nos
423 1183 650 1280 precatur,
692 1177 803 1277 quod
844 1173 1020 1252 vellmus
1061 1174 1278 1273 indulgere
1318 1199 1408 1278 pre·

314 1295 437 1375 dictis
477 1295 747 1374 dominae
795 1295 1060 1373 Helenae
1102 1303 1157 1376 et
1198 1295 1407 1375 Balsae

314 1417 442 1495 eius
471 1415 623 1507 lilio,
654 1423 696 1492 et
723 1417 919 1521 recipere
949 1439 1024 1494 eos
1053 1417 1102 1494 ad
1131 1417 1306 1516 gratiam
1334 1441 1407 1495 no·

274 1601 277 1606 .
311 1541 465 1626 stram,
501 1535 760 1615 restituendo
789 1538 869 1616 sibi
898 1537 992 1614 loea
1021 1561 1114 1627 sua,
1157 1544 1333 1639 accepia
1362 1545 1405 1614 et

315 1655 490 1758 aquisita
519 1679 596 1758 per
623 1678 701 1734 nos
730 1661 772 1733 et
799 1665 878 1735 oet.
932 1656 1053 1756 Quod
1081 1656 1189 1734 siout
1215 1656 1294 1752 ipsi
1321 1679 1402 1734 mo·

312 1777 466 1878 gnilieo
511 1777 682 1856 domino
725 1777 878 1881 dispoli
918 1785 959 1856 el
997 1776 1191 1856 omnibus
1227 1776 1406 1858 dominis

310 1899 364 1976 de
391 1899 487 1976 inde
514 1899 731 1977 nolorium
761 1923 855 1976 esse
883 1905 1049 2002 potest3
1085 1899 1196 1976 inter
1222 1899 1403 1999 magnili·

312 2041 405 2097 eum
434 2020 727 2096 domiuum
755 2017 1070 2119 Georgium
1108 2016 1404 2095 Strazami·

309 2139 388 2226 ri,
429 2139 620 2217 maritum
663 2137 799 2217 diotae
827 2139 1021 2218 dominae
1057 2137 1321 2218 Helenae
1361 2148 1405 2217 el
1497 2147 1504 2164 '

310 2265 472 2362 patrem
501 2257 602 2338 dieti
641 2259 1138 2354 Balsaedumrixil,
1178 2266 1221 2338 et
1247 2283 1323 2336 nos
1352 2281 1402 2336 ao

308 2385 500 2455 nostrum
528 2376 772 2476 dominium,
803 2379 881 2455 fuit
907 2379 1098 2460 sincerus
1128 2377 1401 2482 elperlectus

307 2519 425 2579 amor
453 2505 495 2575 et
522 2499 687 2591 corilus,
715 2524 794 2578 neo
822 2523 1003 2602 unquam
1032 2500 1114 2576 ulla
1142 2499 1316 2577 materia
1334 2497 1399 2577 vel
1447 2543 1454 2550 ·-

307 2637 433 2697 eausa
463 2617 704 2698 discordiae
742 2621 852 2699 inter
888 2643 964 2697 nos
992 2619 1093 2707 iuil,
1134 2641 1231 2720 ymo
1261 2617 1396 2723 ipsum

307 2763 475 2842 semper
515 2738 737 2817 habuimus
763 2740 803 2818 in
834 2749 1019 2820 nostrum
1059 2738 1245 2818 nobilem
1273 2741 1398 2818 caris·

304 2858 455 2936 simum
484 2865 527 2937 et
553 2861 789 2965 perlectum
819 2863 1021 2958 amicum,
1052 2859 1317 2940 observando
1347 2860 1397 2938 si·

304 2977 345 3053 bi
371 2979 629 3094 integraliter
666 2981 826 3082 etipse
854 2979 976 3060 nobis
1003 2981 1130 3060 eade
1158 2979 1307 3084 quibus
1333 3001 1396 3060 se·

189 3147 192 3160 ι
305 3121 399 3175 oum
429 3097 468 3174 in
498 3101 732 3178 concordio
763 3101 996 3190 fueramus,
1032 3101 1197 3204 quando
1229 3101 1279 3178 ad
1304 3123 1395 3202 pre·

303 3241 376 3297 ces
408 3227 451 3298 el
476 3219 710 3299 instantiam
740 3247 855 3300 suam
885 3223 1126 3325 aooepimus
1153 3224 1250 3302 loca
1279 3221 1393 3299 Seu·

301 3339 421 3417 tari
449 3343 491 3417 et
516 3339 806 3429 Drivasli,
834 3369 913 3448 pro
941 3343 1091 3446 quibus
1120 3342 1319 3420 dabamus
1345 3343 1394 3420 si»

270 3477 274 3482 '
302 3463 345 3539 bi
373 3461 487 3544 omni
516 3485 625 3541 anno
655 3463 830 3545 ducatos
857 3465 970 3542 mille
1000 3465 1051 3543 de
1081 3465 1320 3542 inlroilibus
1337 3449 1412 3540 lo?

302 3575 451 3660 eorum
480 3583 783 3684 predictorum,
813 3597 855 3664 et
881 3587 937 3664 ila
966 3586 1144 3666 fecimus
1172 3596 1392 3664 oteramus

304 3702 495 3804 dispositi
525 3703 669 3784 facere
699 3705 812 3784 dieto
842 3707 930 3784 eius
958 3707 1059 3794 lilio',
1087 3707 1162 3788 nisi
1190 3715 1392 3786 malerei

302 3823 391 3922 ipse
433 3821 609 3901 luissent
649 3822 765 3904 oblili
806 3827 962 3905 amoris
1004 3839 1046 3906 et
1084 3829 1391 3908 benivolentiae

299 3945 582 4043 supradictae,
610 3953 652 4024 el
666 3945 970 4027 beneficiorum
999 3951 1179 4049 genitori
1207 3974 1285 4026 suo
1312 3973 1390 4054 per

301 4085 377 4138 nos
404 4064 639 4156 illatorum3
681 4073 724 4146 el
751 4067 829 4170 ipsi
869 4069 1142 4148 immemores
1182 4070 1388 4173 prediolo·

214 4171 221 4184 ’
298 4205 414 4272 rum,
455 4186 568 4262 nulla
597 4210 722 4264 carisa
760 4213 781 4266 a
810 4188 931 4268 uobis
957 4191 1024 4268 vel
1062 4192 1217 4270 nostris
1244 4215 1388 4294 prece·

302 4301 438 4394 dente,
466 4331 519 4385 ex
537 4317 720 4412 arruplo
740 4309 858 4430 ‘nulla
886 4311 1014 4390 nobis
1041 4313 1107 4389 vel
1127 4304 1294 4391 ¹noslris
1321 4335 1391 4390 no·
