3154 5102
1168 415 1211 494 '³7

129 627 346 708 Serriae
374 634 595 710 consulunt
621 632 827 734 sapientes
853 636 1104 744 responderi
1132 661 1210 715 am-

129 749 313 827 baxatori
339 775 432 828 suo:

223 919 275 998 Et
301 919 437 1022 primo
466 919 517 996 ad
545 921 725 1024 primum
741 925 979 1024 capitulum,
995 927 1211 1006 continens

132 1045 167 1118 in
194 1043 343 1120 ellectu
380 1041 445 1117 de
482 1045 887 1134 coronatione
924 1047 1102 1126 suain
1130 1048 1211 1128 im·

134 1163 285 1264 perio
328 1161 1048 1267 Constantinopolitano,
1090 1194 1212 1270 quam

134 1285 242 1361 nobis
256 1283 305 1360 ad
320 1284 514 1386 gaudium
529 1283 744 1386 significat,
759 1287 1078 1388 respondeatur,
1099 1290 1213 1392 quod

137 1401 183 1480 ob
207 1407 432 1508 specialem
461 1407 747 1502 devotionem,
780 1431 900 1509 quam
928 1432 1098 1512 semper
1124 1433 1214 1510 ges·

137 1526 248 1601 simus
276 1531 318 1602 et
344 1527 527 1626 gerimus
570 1527 619 1602 ad
661 1552 777 1604 suam
819 1531 1104 1628 majestatem.
1133 1555 1213 1608 nos

139 1651 174 1739 et
195 1649 330 1722 nostru
360 1648 603 1738 comanitas,
644 1647 697 1724 de
720 1645 1040 1750 quibuscunque
1082 1647 1212 1728 hono·

138 1765 237 1843 ribus
263 1773 305 1844 ct
333 1765 467 1864 gloria
493 1791 594 1844 suae
624 1768 850 1866 maiestatis
879 1767 1102 1872 plurimum
1118 1791 1211 1870 gau·

138 1887 278 1976 demus,
293 1895 502 1990 tamquam
517 1889 773 1966 serenissimi
792 1897 843 1990 'et
866 1889 1101 1969 honorandi
1117 1887 1211 1966 ami·

138 2005 170 2084 ci
194 2015 231 2085 et
256 2007 390 2086 alliuis
415 2006 560 2100 nostri,
588 2009 832 2088 affectantes
872 2016 1141 2110 augmentum
1169 2016 1211 2086 et

136 2131 484 2208 conservationem
512 2139 644 2210 status
672 2133 952 2210 excellentiae
980 2156 1103 2220 suae,
1139 2157 1206 2210 ve·
1280 2137 1284 2146 '

137 2255 185 2329 lut
208 2251 437 2355 proprium,
467 2271 563 2330 oum
591 2252 773 2330 sciamus
801 2257 1057 2352 maiestatem
1094 2277 1208 2330 suam

17 2471 18 2480 Ν
135 2375 293 2473 diligere
323 2380 499 2454 econtra
526 2383 714 2470 nostrum
739 2373 946 2452 honorem
976 2379 1208 2462 etatulam,

17 2489 18 2502 '
134 2498 171 2569 et
193 2495 295 2572 sicut
323 2497 598 2596 cognovimus
625 2519 703 2599 per
722 2495 916 2574 ellectum
932 2493 971 2570 in
988 2491 1208 2592 magnilica

134 2613 332 2695 oblatione
359 2640 439 2718 per
466 2641 559 2692 cum
602 2613 723 2692 nobis
764 2613 870 2692 facta
910 2639 991 2690 non
1033 2621 1097 2692 est
1125 2614 1207 2704 din,

17 2795 18 2800 a
134 2737 180 2814 de
215 2743 337 2838 gente
373 2759 447 2813 sua
476 2736 524 2813 ad
552 2741 739 2814 nostrum
775 2735 1017 2822 servitium,
1059 2742 1205 2813 contra

132 2855 297 2934 latram.
352 2855 404 2934 Et
430 2837 526 2934 ideo
558 2857 835 2956 regratiamur
861 2880 960 2934 suae
989 2855 1206 2954 majestati,

18 3059 19 3062 ,
133 2977 178 3054 de
203 2979 396 3082 eoquod
423 2977 546 3056 nobis
572 2984 670 3054 nota
711 2977 810 3056 lacit
851 2978 938 3055 eius
980 2975 1126 3077 gaudia
1163 2981 1206 3051 et

17 3089 19 3118 ‡
135 3101 315 3191 honores,
343 3127 450 3204 quae
479 3109 595 3202 grata
624 3099 907 3201 multipliciter
934 3107 1028 3177 sunt
1059 3097 1203 3176 animis

136 3221 283 3308 nostris,
312 3219 409 3324 quia
449 3219 704 3324 suplicamus
733 3219 946 3310 altissimo,
982 3219 1099 3322 ¹quod
1135 3217 1204 3294 ho·

138 3361 246 3418 nores
272 3348 314 3419 et
341 3341 637 3418 excellentiam
665 3365 780 3418 snam
819 3347 1040 3418 conservet
1068 3346 1111 3416 et
1137 3360 1202 3412 au·

139 3469 220 3556 goat
244 3464 468 3540 maximum
495 3471 650 3540 votum.

223 3633 538 3714 Adiectum
574 3659 677 3714 vero
715 3637 969 3722 unionis,
998 3655 1120 3736 quam
1148 3629 1202 3710 in·

138 3759 191 3830 ter
214 3753 345 3858 ipsum
374 3763 518 3832 etnos
545 3753 634 3834 lieri
660 3759 790 3856 petit,
820 3779 898 3858 pro
929 3751 1203 3854 aquisitio·
1338 3825 1340 3832 ,

137 3895 190 3950 ne
225 3875 466 3980 imperii
508 3871 1086 3977 Constantinopolis.
1125 3869 1201 3948 lle·

138 3999 386 4095 spoudeatnr:
403 4001 514 4101 quod
543 3999 701 4076 animus
714 4005 858 4076 noster
872 4016 1040 4099 semper
1065 3991 1203 4069 unitus

135 4118 414 4196 et-conl'ormis
442 4127 518 4217 est,
548 4119 599 4197 ad
627 4118 838 4224 quaelibet
860 4141 958 4196 suae
977 4113 1201 4216 maiestatis

17 4283 18 4286 κ
135 4228 376 4338 beneplacita
405 4243 447 4317 et
472 4237 673 4318 honores.
699 4240 856 4316 Verum
884 4244 1059 4341 propter
1085 4255 1202 4332 guer-
