3220 5118
316 573 496 652 sia-tores
523 575 701 659 vestros,
729 593 781 646 ne
809 567 990 651 habeant
1020 593 1215 663 eausam,
1256 573 1406 652 damni·

315 690 467 782 finandi
494 695 756 770 contractam
784 696 827 767 et
854 687 1048 768 subditus
1077 700 1266 780 nostran
1295 697 1339 771 et
1365 698 1411 769 nt

315 811 401 890 hoe
436 810 580 892 lacere
619 807 788 912 possitis
824 809 945 888 vobis
985 813 1186 891 mittimus
1228 813 1408 893 ducatos

317 929 381 1020 Ν·
409 931 550 1017 mille,
591 931 702 1010 sicut
743 939 912 1037 captum
941 941 984 1012 et
1011 933 1289 1014 deliberatum
1333 933 1412 1011 fuit

255 1077 260 1082 ·
316 1059 564 1157 pernostra
606 1053 784 1133 consilia
811 1057 1113 1159 suprascripta.

611 1191 718 1258 Secr.
744 1191 856 1257 Cone.
879 1193 1009 1280 Rogat.
1032 1192 1106 1259 Lib.
1130 1191 1207 1260 Vll.
1233 1195 1290 1259 uh.
1312 1195 1364 1259 91.

318 1399 464 1499 (Heme
491 1359 621 1489 nura:
648 1405 709 1480 29.
739 1398 975 1502 Septem
992 1401 1128 1479 bris.
1158 1405 1268 1480 rata.
1309 1399 1408 1480 cal·

352 1543 431 1622 aye
469 1545 549 1598 ono
585 1519 1069 1623 annumeranrnaylle
1098 1544 1148 1599 ce
1189 1520 1365 1599 nouohu

400 1639 588 1742 Typuue,
617 1662 857 1718 annaneane
885 1663 1087 1743 nporann
1114 1639 1304 1737 naama.)

418 1807 560 1915 Capta.
617 1803 721 1888 Cum
751 1817 918 1914 captum
960 1811 1085 1889 fuerit
1124 1813 1164 1888 in
1192 1813 1271 1890 isto
1310 1837 1409 1891 con·

244 1976 249 1992 ι
313 1931 404 2008 silio
432 1929 485 2008 de
513 1931 716 2008 mittendo
756 1929 1070 2010 Suntarum
1109 1934 1288 2012 ducatos
1317 1931 1410 2009 mil·

315 2054 368 2139 le,
395 2051 465 2154 qui
491 2051 673 2128 nundum
702 2053 817 2130 missi
845 2057 955 2141 stant,
982 2061 1024 2130 et
1044 2053 1263 2142 sentiatur,
1290 2053 1408 2154 quod

312 2167 534 2250 Turuhi
575 2171 742 2250 venturi
784 2196 866 2249 non
895 2180 991 2250 aurit
1031 2174 1082 2253 ad
1120 2181 1266 2276 partes
1302 2172 1406 2262 illas,

315 2299 542 2396 propterea
571 2292 684 2392 quod
712 2293 770 2370 illi
798 2295 861 2372 ·V·
892 2293 1005 2372 mille
1034 2293 1185 2380 ducati,
1213 2296 1283 2396 qui
1311 2293 1404 2371 mis·

314 2411 349 2490 ai
377 2413 544 2490 luerunt
572 2411 621 2488 ad
659 2420 801 2516 partes
830 2413 944 2500 illas,
985 2439 1070 2494 non
1100 2414 1408 2520 expendentur,

313 2535 387 2613 sed
430 2535 704 2612 remanebunt
745 2531 799 2610 de
826 2535 947 2623 iude,
991 2535 1103 2615 vadit
1129 2559 1253 2639 pars,
1286 2533 1407 2637 'quod

315 2656 418 2736 dicti
454 2657 563 2735 mille
604 2656 744 2737 ducati
783 2658 892 2738 mitti
934 2683 1016 2737 non
1060 2657 1265 2755 debeant,
1308 2657 1406 2759 quia

315 2771 399 2856 non
426 2785 520 2856 sunt
546 2775 604 2854 ibi
630 2779 860 2856 necessarii
887 2803 967 2877 pro
996 2777 1221 2880 praesenti.

578 2917 684 2982 Suur.
708 2915 819 2982 Cone.
843 2921 970 3004 lingat.
996 2917 1067 2984 Lib·
1091 2915 1168 2982 Vll.
1193 2917 1248 2983 ch.
1275 2917 1362 3002 109.)

470 3139 625 3240 CCC·
655 3165 765 3238 1119.
792 3164 828 3236 9.
858 3158 1250 3264 Septembris.

314 3370 529 3428 Haurunaea’s
552 3387 587 3428 aa
611 3387 770 3430 naneraaa
794 3371 925 3448 Kyme,
959 3387 1049 3444 noan
1083 3388 1193 3430 noan
1226 3371 1405 3445 yeauaiaua

446 3489 484 3542 aa
508 3489 656 3532 assamur
683 3491 795 3532 caman
819 3493 856 3532 ea
882 3479 1030 3552 :paulun
1054 3477 1282 3534 Bouanesnrm..

417 3657 538 3757 Quod
575 3659 787 3737 scribatur
824 3661 1116 3764 capitaneo
1158 3659 1406 3760 generali

317 3779 536 3884 Culphi
563 3779 602 3856 in
630 3779 711 3857 hac
740 3779 894 3858 forma:

418 3951 668 4054 Recepimus
682 3953 841 4031 litteras
856 3963 1030 4046 vestrm,
1044 3956 1162 4035 datas
1176 3957 1286 4058 apud
1297 3953 1405 4033 Tra·

315 4074 522 4175 gurium
555 4079 606 4152 29
634 4075 791 4152 mensis
819 4077 998 4177 Augusti
1025 4075 1171 4178 elapsi,
1197 4101 1276 4181 per
1304 4100 1405 4180 quas

315 4195 598 4274 intelleximus
628 4197 766 4275 omnia
793 4199 995 4302 praticatu
1010 4223 1090 4301 per
1116 4223 1194 4278 vos
1210 4222 1304 4275 cnm
1332 4197 1403 4276 illu

314 4314 569 4396 vaivoda
623 4315 846 4394 domini
887 4319 1052 4419 regis
1098 4317 1403 4398 Bossinue.
