3212 5116
137 607 383 711 provisores
412 605 570 696 nostri,
610 607 775 710 quando
805 611 1005 688 tractatus
1033 607 1085 690 ad
1112 607 1225 690 hunc

136 732 356 808 terminum
375 729 630 831 perveniret,
657 729 909 830 promittere
923 731 963 808 ei
978 731 1092 810 omni
1119 755 1228 810 amo

137 874 216 951 pro
244 873 317 928 sua
343 847 599 952 provisione,
626 850 837 952 usquead
865 852 1088 932 torminum
1115 851 1227 954 quiar-

17 995 18 1010 ¹
138 994 219 1072 que
247 993 451 1048 annorum
481 967 608 1046 libras
636 969 687 1048 ΙΙ.
715 971 827 1048 mitte
867 993 1120 1074 parvorum,
1161 971 1229 1050 voi

113 1090 237 1191 'inde
266 1091 372 1167 intra
400 1113 523 1192 quam
551 1089 701 1168 melius
740 1099 964 1193 poterunt,
1007 1115 1113 1194 quae
1141 1091 1228 1193 qui·

138 1211 233 1288 dem
260 1211 446 1314 provisio
475 1211 749 1290 distribuatur
775 1210 886 1290 inter
912 1211 1064 1292 dictam
1101 1211 1229 1292 comi-

139 1335 280 1412 tissam
309 1340 350 1412 et
376 1359 477 1410 snos
514 1335 625 1418 sicut
659 1333 806 1414 meiius
843 1332 1054 1414 videbitur
1094 1331 1229 1434 provi·

136 1451 314 1544 soribus,
354 1477 435 1555 pro
476 1454 626 1553 majori
662 1453 880 1552 avantagio
923 1458 964 1532 et
1002 1455 1230 1536 securitate
1328 1517 1330 1522 .

137 1578 301 1660 nostran
331 1581 373 1652 et
400 1573 590 1652 solvatur
616 1573 728 1654 dicta
755 1572 944 1676 provisio
986 1573 1235 1677 complecto

138 1693 315 1772 termino
346 1693 450 1778 anni,
476 1695 530 1772 lt.
560 1695 672 1772 mitte
699 1693 911 1780 librarum,
936 1718 1038 1795 quas
1067 1693 1234 1796 recepit

139 1839 161 1888 a
189 1811 257 1891 Sr.
284 1813 528 1915 Mapheo
557 1813 647 1892 Em
664 1841 703 1904 o,
730 1813 810 1894 hac
839 1813 1080 1894 conditione
1107 1829 1232 1915 appo·-

138 1933 228 2021 sita,
256 1933 371 2034 quod
398 1931 487 2036 ipsa
527 1933 696 2014 domina
737 1938 1020 2024 contentetur,
1045 1934 1086 2010 in
1115 1929 1232 2010 omni

141 2077 237 2134 casu
280 2079 363 2156 quo
404 2056 608 2134 vellemus
633 2038 680 2134 'et
707 2055 829 2135 nobis
855 2053 1142 2134 necessarium
1170 2077 1230 2130 es

140 2181 217 2266 set,
257 2175 468 2278 possimus
494 2201 659 2280 ponere
687 2179 740 2254 de
769 2175 965 2274 gentibus
1002 2182 1044 2254 ot
1079 2174 1237 2272 stipem·

141 2295 284 2374 diariis
311 2296 464 2374 nostris
491 2295 531 2372 in
562 2295 737 2396 burghis
772 2295 987 2378 Ciissiae
1017 2301 1063 2374 et
1096 2291 1232 2374 Scar-

141 2415 326 2502 donae,
355 2413 473 2492 inea
502 2413 748 2517 quantitate,
778 2440 901 2517 quam
928 2439 1093 2517 ponere
1121 2413 1234 2492 vote-

17 2549 18 2580 *
140 2559 231 2612 mus
260 2536 488 2614 occasione
518 2535 798 2640 paysenatioi‚
824 2538 938 2638 quod
967 2536 1061 2614 fieri
1088 2535 1233 2614 facere

140 2655 419 2742 intendimus,
459 2679 537 2758 pro
578 2655 807 2736 securitate
841 2661 884 2734 et
911 2655 1234 2736 conservatione

17 2785 19 2878 ζ
140 2801 214 2852 sua
242 2783 285 2852 et
312 2775 484 2854 aliarum
526 2780 735 2854 terrarum
768 2782 811 2852 et
839 2776 1034 2854 locorum
1073 2778 1240 2854 nostro·

17 2889 18 2892 Ὺ
139 2922 232 2974 rum
260 2898 440 3000 partium
469 2898 714 2976 earundem.

241 3084 385 3189 Capta:
415 3086 520 3185 (aiii)
541 3085 684 3166 volunt
710 3093 874 3196 partem
906 3084 1231 3190 suprascriptam

140 3231 219 3312 per
247 3213 394 3302 totum,
424 3205 497 3283 sed
517 3207 666 3284 volunt
689 3205 801 3309 qnod
825 3207 1072 3310 provisores
1100 3206 1235 3284 nostri

141 3328 302 3430 possint
339 3330 591 3430 promittere
620 3355 714 3407 cum
744 3329 937 3408 omnibus
981 3325 1231 3407 condicioni·

141 3449 217 3526 bus
244 3447 497 3552 supradictis
524 3473 657 3551 usque
683 3448 733 3526 ad
749 3449 877 3526 libras
905 3447 978 3525 ΙΙΙ.
1007 3447 1119 3524 mitte
1147 3469 1236 3546 par·

141 3593 290 3646 vorum
318 3571 358 3646 in
388 3591 519 3656 anno,
557 3570 622 3645 vel
664 3569 758 3646 inde
787 3567 890 3645 intra
918 3573 962 3643 ut
989 3565 1136 3644 metius
1162 3589 1235 3670 po·

141 3698 296 3769 terunt.
430 3744 433 3756 ·

247 3843 389 3948 Capta:
418 3847 456 3922 in
487 3869 586 3928 casu
612 3869 716 3924 vero
746 3869 831 3948 quo
860 3849 1060 3922 tractatus
1087 3865 1235 3946 prae·

17 3981 19 3984 ’
143 3966 1237 4066 dietaecomitissaecumregeprae·

144 4089 330 4176 dicto,
364 4087 555 4165 fratre
589 4113 710 4172 suo.
739 4085 998 4187 compiectus
1028 4093 1155 4172 esset,
1182 4085 1239 4164 ita

145 4207 258 4312 quod
274 4205 451 4286 haberet
466 4207 535 4286 vel
556 4207 772 4288 habiturus
799 4213 910 4288 esset
935 4204 1086 4310 procui
1114 4201 1239 4284 dubio

954 4344 958 4356 '
974 4327 1033 4390 11*
