3224 5110
195 585 256 675 di;
285 587 489 690 usquein
519 587 764 677 crastinum,
792 611 877 691 quo
906 589 1095 670 audietur
1121 613 1293 697 respon·

195 731 261 786 sio
290 733 377 820 sua.

525 844 629 909 Scor.
655 863 754 908 cons.
780 863 857 929 rog.
884 845 959 911 Lib.
983 845 1075 912 xvi.
1099 847 1153 911 ch.
1180 846 1249 911 187.

450 1081 631 1180 CDl-J.
664 1107 777 1182 1445.
810 1109 854 1182 ll
876 1101 1041 1218 iunii.

197 1274 401 1336 aaasmucuo
436 1294 582 1336 uocsaru
615 1295 657 1338 ar·
690 1279 874 1355 Cpocaon
907 1297 1056 1356 peccory
1091 1298 1293 1350 corsanum,

574 1400 676 1456 yaaua
700 1403 739 1443 ce
764 1400 917 1460 carpana.

301 1529 404 1607 Cum
442 1530 555 1633 heri,
584 1533 680 1609 dum
720 1532 1070 1612 «ieronimus
1112 1537 1178 1613 de
1218 1536 1292 1612 Ni·

198 1651 372 1727 cuota
413 1652 670 1730 secretarius
711 1661 886 1742 noster,
935 1656 1081 1734 ivisset
1128 1655 1294 1734 insimul

198 1769 690 1853 cumJohannede
725 1772 1130 1874 Reguardatis
1167 1777 1293 1856 ctiam

197 1891 429 1969 secretario
458 1899 631 1978 nostro,
659 1893 711 1974 ad
740 1895 997 1998 spectabiles
1025 1905 1220 1976 oratores
1248 1899 1291 1976 ii·

56 2106 59 2114 Ι
198 2012 1291 2115 lustrisdominidespotiBassie,incol·

197 2133 352 2234 loquiis
379 2133 533 2214 habitis
560 2135 613 2212 de
643 2133 766 2214 factis
795 2135 918 2214 huius
960 2139 1167 2227 civitatis,
1209 2161 1292 2216 co·

198 2277 312 2331 mea
343 2253 478 2332 Stoi
488 2279 645 2340 antas,
683 2281 787 2332 arnus
816 2256 1026 2337 dictorum
1065 2265 1294 2346 oratorum,

197 2375 306 2453 inter
333 2381 477 2454 cetera
505 2402 584 2480 per
611 2378 888 2482 interpretem
917 2379 1032 2477 dixit,
1065 2382 1178 2482 quod
1201 2371 1292 2458 ine·

197 2503 260 2573 rat
290 2497 398 2574 bene
425 2498 540 2575 visus
568 2506 610 2576 et
639 2499 818 2576 humane
834 2505 1038 2580 tractatus
1066 2527 1089 2580 a
1117 2501 1292 2580 serenis-

197 2617 304 2693 simo
332 2617 505 2696 domino
535 2619 659 2706 duce,
686 2622 808 2706 adeo,
838 2621 951 2723 quod
981 2621 1136 2702 faciant
1162 2623 1290 2701 domi·

198 2736 241 2812 ni
268 2738 376 2815 inter
402 2763 449 2816 se
480 2740 679 2842 quidquid
695 2739 838 2826 velint,
864 2741 1109 2822 intendebat
1122 2765 1293 2846 semper
1361 2793 1362 2797 κ

198 2881 295 2936 esse
324 2860 461 2937 bonus
488 2861 673 2938 servitor
699 2859 836 2938 nostri
875 2859 1074 2953 dominii,
1115 2868 1158 2941 et
1198 2865 1291 2941 sub·

198 2980 345 3070 iunxit,
373 2981 488 3082 quod
511 2979 742 3057 ¹dominium
764 2989 954 3058 nostrum
971 2981 1149 3060 humane
1179 2983 1292 3062 locu·
1440 3066 1441 3070 a

200 3104 285 3176 turn
324 3100 484 3187 iuerat,
513 3107 555 3176 et
582 3099 696 3200 quod
723 3101 922 3202 sperabat
955 3100 1040 3178 imo
1068 3125 1152 3180 non
1180 3101 1292 3179 dubi·

201 3217 336 3306 tabat,
377 3224 490 3322 qraod
532 3245 626 3297 cum
669 3218 840 3298 illustria
869 3219 1061 3298 dominus
1090 3223 1292 3327 despotus

200 3339 407 3420 audiverit
434 3341 755 3444 responsionem
793 3349 1006 3430 nostram,
1034 3366 1104 3420 res
1131 3348 1292 3446 aptare·

200 3463 293 3546 tur,
343 3460 500 3547 addens
555 3461 669 3564 quod
719 3462 932 3576 predictus
966 3463 1157 3540 dominus
1193 3489 1290 3543 sarus

200 3586 290 3658 erat
318 3585 429 3660 bone
457 3583 711 3662 conditionis
738 3589 783 3660 et
809 3565 940 3661 iustus
970 3609 1019 3663 ac
1047 3591 1191 3664 rectus
1220 3587 1291 3663 do-

200 3701 348 3792 minus;
376 3709 419 3779 et
444 3728 524 3808 per
546 3703 629 3785 hec
650 3703 780 3784 verba
807 3707 907 3784 satis
936 3706 1049 3784 ctare
1078 3707 1291 3810 unusquis·
1430 3737 1431 3746 Ν

201 3845 283 3924 que
309 3823 546 3922 intelligere
572 3821 708 3914 debat,
735 3824 848 3926 quud
877 3845 1076 3903 accessus
1105 3827 1288 3903 oratoris

200 3942 343 4032 nostri,
368 3945 404 4022 si
432 3946 670 4024 mitteretur
697 3944 748 4024 ad
776 3944 934 4022 dictum
962 3946 1175 4024 dominum
1198 3947 1287 4024 des·

200 4073 370 4168 potum,
410 4066 551 4171 potius
591 4069 821 4144 damnosus
856 4089 976 4166 quam
1019 4067 1126 4146 utilis
1163 4074 1290 4160 esset,

201 4193 429 4292 propterea
469 4186 581 4268 vadit
619 4209 742 4292 pars,
783 4185 894 4289 quod
922 4211 1020 4291 pars
1047 4187 1141 4266 heri
1168 4196 1289 4294 capta
