3192 5112
353 597 462 676 nir-et
488 617 617 700 super
645 594 857 674 dominnm
877 597 1191 700 imperatorem.
1221 599 1291 676 vei
1316 598 1446 678 domi·

353 741 451 796 num
480 739 626 815 negem
669 719 759 814 ojus
787 713 928 803 titium,
957 723 1026 795 aut
1053 741 1183 821 super
1211 725 1347 798 ternu
1371 741 1445 796 eo·

351 861 457 924 nnm,
487 840 602 940 quod
631 836 792 916 duoolis
821 835 1050 916 dominatio
1085 862 1169 916 non
1198 838 1354 924 debeat
1368 837 1444 916 :do-

352 981 399 1034 re
437 955 518 1033 iliis
557 957 711 1036 tatibus
751 956 949 1036 auxilium
977 957 1041 1036 vei
1072 959 1282 1055 favonem,
1310 966 1357 1036 et
1381 956 1449 1039 sio

352 1101 376 1154 e
417 1101 653 1166 converso,
695 1077 808 1180 qnod
851 1079 1045 1161 dominus
1085 1079 1318 1182 imperator
1358 1100 1445 1156 nou

351 1195 504 1284 debeat
531 1197 633 1276 dore
660 1199 858 1278 auxilium
887 1199 954 1275 vei
983 1199 1173 1279 favorem
1197 1201 1322 1279 oiioui
1351 1208 1445 1304 pon·

350 1341 480 1398 sonae
508 1320 561 1396 de
588 1321 759 1418 mundo,
790 1318 860 1420 qui
890 1319 955 1395 vel
984 1343 1091 1420 quoe
1124 1319 1288 1398 veniret
1314 1342 1445 1422 supet·

351 1439 530 1541 aliquam
571 1446 729 1530 temam
766 1440 832 1517 vei
868 1441 1011 1519 tooum
1049 1440 1284 1519 communio
1309 1441 1448 1518 Veno.

350 1558 516 1637 tiorum.

364 1745 366 1750 .
452 1685 489 1758 9»
530 1679 638 1758 item
675 1680 837 1760 ducatis
873 1681 1105 1760 dominatio
1141 1703 1221 1782 pen
1255 1701 1354 1758 euos
1383 1679 1445 1758 iit·

352 1809 463 1881 tenos
491 1809 534 1880 et
561 1799 952 1901 nunci0s‚,rogavit
979 1801 1445 1904 dominum'imperoto·

351 1947 467 2008 rem,
510 1921 622 2023 quod
659 1923 852 2025 pioooret
885 1921 967 2000 sibi
994 1925 1085 2020 ojus
1113 1946 1257 2000 amone
1286 1919 1445 1999 habore

351 2043 527 2122 amioum
568 2041 783 2122 dominum
827 2044 1028 2122 bonum
1068 2042 1361 2128 Boxinoe,
1402 2048 1445 2118 et

74 2211 79 2219 .
189 2187 194 2198 ,
352 2165 467 2266 quod
496 2165 631 2267 ipsum
661 2163 1008 2242 recomendotum
1037 2161 1229 2252 hohenoe
1254 2171 1296 2242 et
1318 2183 1444 2265 prop·

352 2291 471 2363 teneo
512 2283 603 2388 ipse
644 2283 835 2361 dominus
877 2285 1134 2388 imperator,
1169 2283 1224 2362 ob
1253 2305 1443 2362 amonem

258 2405 260 2414 ⁴
352 2407 512 2486 ducalis
541 2403 845 2487 dominationis,
873 2405 1008 2509 ipsum
1023 2403 1175 2484 bonum
1189 2403 1335 2484 hebuit
1347 2405 1444 2482 omi·

353 2527 546 2608 cabiliter
583 2535 624 2606 et
661 2528 863 2606 tractavit.
906 2525 991 2604 Sed
1032 2529 1123 2632 ipse
1164 2528 1295 2603 bonus
1334 2525 1444 2602 maie

352 2649 432 2727 sihi
459 2647 692 2752 respondit.
734 2649 836 2724 Nom
864 2648 1143 2752 depraedatus
1172 2645 1251 2724 fuit
1278 2643 1330 2722 de
1357 2643 1446 2721 suis

352 2769 560 2870 gentibus,
588 2778 630 2846 et
657 2766 877 2870 acquisivit
902 2768 955 2844 de
982 2767 1068 2845 suis
1097 2764 1220 2844 tomis
1248 2772 1291 2844 et
1319 2763 1442 2859 loeis,

353 2901 396 2970 et
423 2892 622 2971 continue
650 2890 919 2993 depredatur.
954 2885 1008 2965 Et
1034 2885 1347 2992 ipsedomions
1375 2885 1445 2964 im·

351 3019 524 3116 perator
546 3010 602 3091 ob
618 3033 806 3088 amonem
821 3007 979 3088 duooiis
1008 3006 1314 3092 dominationis.
1341 3028 1445 3108 engo

351 3134 488 3234 ipsum
515 3137 723 3234 nonquam
750 3130 885 3207 voluit
913 3129 1055 3206 fecere
1083 3129 1336 3218 novitatem,
1364 3151 1443 3206 neo

352 3277 613 3333 semovere.
654 3251 708 3330 Et
741 3251 838 3329 ideo
866 3249 1081 3352 proedicto
1109 3249 1209 3327 tacit
1235 3249 1444 3354 explicari

353 3373 491 3454 dueoli
526 3373 824 3460 dominationi,
851 3377 896 3449 ut
923 3371 1033 3449 haec
1059 3369 1165 3449 scint
1193 3376 1235 3447 et
1262 3391 1443 3470 eognos-

353 3503 431 3585 cat,
458 3493 553 3600 quio
581 3493 718 3572 donec
745 3493 799 3570 de
826 3491 1043 3570 voluntate
1061 3497 1103 3570 et
1117 3490 1349 3568 intentione
1372 3489 1443 3565 dn·

352 3617 451 3694 coiis
480 3613 775 3694 dominationis
803 3612 1053 3700 nesciverit,
1081 3634 1163 3687 non
1191 3609 1369 3690 intendit
1395 3633 1443 3688 se

352 3761 537 3816 movere.
590 3735 643 3812 m
669 3733 703 3810 si
731 3733 783 3810 de
810 3733 1028 3810 voluntate
1057 3727 1217 3810 ducatio
1256 3729 1443 3809 domino·

350 3858 475 3939 tionis
514 3883 597 3934 non
627 3853 856 3960 prooessit,
886 3861 1001 3930 etse
1037 3877 1123 3930 non
1164 3847 1442 3956 impediverit,

350 3979 527 4060 intendit
555 3975 607 4055 de
636 3978 750 4055 dioto
780 3977 889 4053 bono
920 3998 967 4050 se
994 3971 1186 4078 protinus
1211 3970 1442 4061 vindicare

351 4110 393 4178 et
419 4097 516 4184 ideo
545 4097 656 4199 quod
685 4097 849 4200 pioeeot
870 4090 1023 4177 doooli
1060 4091 1332 4172 dominntioni
1360 4114 1441 4194 por

350 4241 446 4298 snos
475 4218 634 4296 littei-os
660 4219 853 4298 seribere
880 4216 949 4293 vel
977 4212 1144 4314 mittere
1171 4209 1343 4297 domino
1372 4213 1440 4294 ho:
