3228 5108
192 635 288 712 dnm
302 649 451 734 magna
480 613 689 732 quantum
715 629 1000 716 'l'urchornm
1016 631 1287 712 nultunostro

193 777 269 832 seu
300 762 517 832 rectorum
558 759 806 830 nostrorum
847 749 1110 855 precedente
1147 775 1301 844 cnusn,

193 874 382 956 cucurrit
421 895 552 975 super
593 873 810 951 territorio
849 877 996 950 nostru
1039 871 1208 952 Scutcri
1245 881 1287 952 et

193 995 373 1078 otiorum
403 993 595 1070 iocorum
624 997 867 1070 nostrorum
883 989 1060 1084 deiude,
1084 992 1286 1072 inferren-

193 1115 247 1196 do
276 1116 456 1192 maxime
485 1115 632 1190 dumne
661 1111 926 1200 etincendiu,
954 1112 994 1192 in
1022 1135 1149 1214 grove
1176 1114 1283 1192 dum·
1427 1200 1432 1216 Ι

192 1247 292 1318 num
314 1234 581 1316 subditorum
596 1242 842 1314 nostrorum
855 1234 1164 1338 predictorum,
1181 1245 1287 1338 quse

194 1358 332 1439 omnic
360 1355 626 1460 processisse
655 1379 876 1434 censemus
903 1362 1077 1458 praeter
1102 1362 1285 1434 mentem

193 1485 239 1556 et·
263 1475 568 1560 conscientium
608 1499 748 1575 sunm,
793 1483 1023 1579 eapropter
1049 1475 1275 1577 magnitndi

193 1621 289 1678 uem
316 1620 434 1677 sunm
463 1618 672 1695 rogamus,
700 1603 905 1698 wquotenus
927 1593 1006 1674 sibi
1022 1595 1147 1676 libent
1169 1619 1287 1695 prse-

195 1719 339 1824 cipere
367 1721 410 1794 et
436 1721 499 1796 sic
540 1718 777 1798 efficaciter
818 1717 1015 1796 ordinere
1057 1717 1286 1820 capitaneis

192 1846 235 1918 et
271 1836 448 1916 subditis
488 1839 574 1916 sois
602 1837 950 1942 quibuscunque,
982 1835 1288 1918 confluentibus

194 1984 291 2041 oum
321 1957 443 2038 dictis
470 1959 626 2038 nostris
654 1957 790 2048 iocis,
832 1957 1025 2047 Semoni,
1054 1956 1288 2042 Coroniet

81 2167 84 2174 ,
193 2079 399 2168 Mothoni
426 2079 643 2184 Neapolis,
669 2079 941 2181 Nigropontis
959 2086 1013 2160 et
1040 2086 1284 2160 ceterorum

192 2197 390 2280 iocorum
416 2206 675 2292 nostrorum,
704 2199 818 2302 quod
845 2197 1085 2276 infuturum
1113 2197 1195 2276 sibi
1223 2217 1288 2274 cn·

193 2327 317 2399 restit
358 2323 409 2400 eb
439 2321 661 2400 inferendo
690 2327 732 2400 et
759 2320 851 2404 fleri
893 2319 1178 2422 permittendo
1220 2317 1288 2396 sii-

193 2463 275 2542 quo
290 2441 451 2529 domne,
471 2439 712 2538 gravamina
740 2447 810 2518 eut
825 2439 1083 2520 offensiones
1108 2435 1286 2516 subditis

192 2569 237 2639 ct
250 2559 442 2643 fidelibus
470 2562 628 2638 nostris
654 2558 1142 2662 praedictissedpotius
1169 2559 1285 2662 ipsos

192 2687 377 2760 tractent
417 2687 459 2759 et
502 2681 673 2759 tracturi
724 2678 873 2758 fuciunt
913 2680 1204 2760 favorabiliter
1246 2687 1288 2758 et

193 2801 388 2901 benigne,
414 2808 544 2904 prout
571 2801 611 2878 in
631 2801 971 2880 streexcelientio
1000 2802 1125 2903 plene
1152 2819 1289 2902 spere·

193 2944 301 3004 mus.
328 2921 380 3000 nt
396 2925 493 3027 quio
521 2943 757 3002 occurrere
785 2930 942 3026 posset,
959 2923 1075 3026 quod
1094 2921 1289 3000 dominus

192 3040 436 3145 praedictus
477 3039 551 3120 tibi
591 3041 780 3135 diceret,
824 3041 934 3122 dictu
974 3042 1067 3118 ioco
1110 3041 1161 3118 nd
1190 3065 1284 3121 eum

191 3165 386 3263 spectare
415 3167 457 3242 et
481 3163 713 3266 pertinere,
740 3169 784 3240 et
811 3163 925 3265 qnod
952 3185 1026 3243 sua
1054 3169 1160 3250 sunt,
1189 3170 1288 3242 tunc

192 3281 350 3362 debens
379 3281 714 3362 subtraheretis,
743 3295 883 3360 mente
910 3306 1005 3374 stra,
1034 3281 1147 3385 quod
1176 3283 1287 3364 dicte

193 3403 289 3482 toce
317 3427 392 3482 sun
418 3403 526 3490 sint,
567 3428 666 3505 ymo
695 3411 814 3482 erunt
841 3403 1022 3482 condem
1063 3402 1131 3480 do
1151 3401 1286 3482 mini

192 3503 447 3623 tiecr'gii
490 3521 843 3612 Strnzomir‚
884 3523 1176 3626 quitonquem
1205 3523 1286 3600 do·

192 3645 378 3724 minus
409 3645 681 3723 incorum
721 3644 1196 3748 praedictorum,
1222 3641 1288 3720 be·

194 3765 302 3844 bens
329 3789 493 3843 merum
523 3774 566 3845 et
580 3765 752 3844 mixtum
779 3766 1016 3870 imperium,
1044 3770 1189 3844 nostro
1218 3763 1286 3842 do·

194 3883 322 3964 minio
353 3883 660 3970 Scotorum.
689 3885 988 3964 Drivnstum
1018 3890 1060 3961 et
1087 3881 1166 3961 alia
1194 3884 1286 3963 loca

193 4027 267 4082 suu
301 4005 578 4106 consignavit,
608 4009 651 4082 et
677 4004 744 4082 itte
785 4027 893 4106 quoe
920 4025 1056 4106 nuper
1084 4000 1286 4106 cepimus,

192 4127 395 4226 potenter
410 4123 599 4228 cepimus
615 4123 730 4204 etsic
745 4128 936 4202 tenemus
950 4132 1160 4226 tamquam
1175 4119 1287 4200 bonu

194 4240 331 4322 bostis
362 4249 404 4322 et
431 4242 602 4324 rebeliis
629 4244 788 4336 nostri,
822 4245 877 4324 ite
904 4245 1020 4346 quod
1049 4267 1144 4324 cum
1174 4241 1288 4321 omn-i

194 4363 434 4445 reverentie
463 4365 559 4446 loce
586 4365 779 4470 predicte
803 4367 1040 4448 nullatenus
1068 4363 1119 4442 ud
1148 4363 1284 4466 ipsum

1017 4488 1079 4551 24*
