3228 5108
189 661 290 716 suae
318 637 574 742 provisionis
613 635 727 736 mitio
774 633 1022 714 ducatorum
1062 631 1280 724 annuatim,

189 757 417 836 secundum
460 756 571 859 quod
599 756 871 860 promisimus
900 764 941 834 εῑ
970 753 1212 834 continetur
1239 753 1279 830 in

190 877 327 959 forms
354 887 591 983 pactorum.

294 1103 356 1184 Ad
386 1105 537 1182 tactum
567 1102 819 1181 barcharnm
848 1102 943 1180 salis
972 1125 1073 1204 quas
1103 1101 1182 1204 ipsi
1210 1127 1279 1206 pe·

189 1233 292 1312 tunt,
321 1223 478 1302 dicium
509 1223 722 1302 dominnm
761 1247 887 1326 posse
917 1222 1113 1326 accipere
1143 1229 1185 1298 ct
1212 1221 1279 1300 ha·

187 1341 291 1422 berc
320 1343 372 1419 dc
402 1341 700 1421 Durachio
730 1365 811 1446 pro
840 1367 914 1452 usu
946 1339 1211 1439 Dulcigni
1240 1347 1280 1417 ct

187 1466 477 1554 ansivari,
507 1471 548 1540 ct
577 1461 626 1538 ad
655 1463 809 1541 iactum
840 1462 951 1564 quod
979 1461 1113 1564 possit
1136 1459 1279 1540 iacere

190 1585 341 1666 adduci
385 1584 634 1685 Dulcignum
664 1595 704 1663 ct
739 1584 980 1664 Antivarum
1025 1581 1278 1660 frumentum

53 1713 58 1723 “
191 1710 378 1808 emptum
405 1707 444 1782 in
460 1707 551 1782 aiiis
568 1708 690 1784 torris
706 1729 784 1808 per
799 1707 1013 1784 transitum
1042 1729 1172 1806 super
1200 1711 1279 1782 ter·
1349 1775 1352 1794 ,

190 1825 348 1904 ritoriis
376 1826 545 1916 nostris;
571 1829 902 1929 respondeatur:
932 1823 1045 1927 quod
1073 1835 1117 1900 ut
1143 1823 1280 1902 videat

188 1959 393 2050 expresso
422 1955 608 2025 nostram
637 1945 789 2024 bonam
816 1947 1073 2023 voluntatem
1098 1943 1279 2022 etdilcc·

189 2068 349 2144 tionem
392 2089 514 2170 quam
556 2069 740 2169 gerimus
782 2093 883 2144 suae
933 2061 1277 2168 magnificentiae,

188 2213 332 2264 sumus
360 2190 547 2268 contenti
578 2188 686 2266 sacta
716 2189 893 2265 emenda
923 2193 965 2266 et
992 2185 1279 2266 satisfactione

189 2307 289 2388 dicti
328 2311 463 2388 nostri
504 2307 601 2389 salis
641 2333 719 2410 per
760 2335 875 2386 suam
919 2305 1280 2407 magnificentiam,

191 2431 432 2508 concedere
463 2431 501 2508 εἰ
530 2431 581 2508 ds
612 2435 742 2530 gratia
771 2431 819 2508 ad
850 2430 1160 2533 beneplacitum
1188 2452 1280 2505 nos·

189 2553 245 2630 tri
273 2549 457 2639 dominii,
487 2555 602 2656 quod
630 2554 763 2658 possit
790 2553 950 2635 habore
980 2558 1022 2630 et
1051 2549 1279 2630 extrahere

189 2673 243 2749 de
273 2669 506 2752 Durachio¹
528 2676 631 2752 duas
660 2671 837 2753 bacchas
878 2673 977 2750 sniis
1004 2696 1083 2774 pro
1111 2695 1183 2748 sua
1210 2697 1279 2774 pc·

189 2791 325 2880 cunia,
352 2792 405 2869 de
421 2793 612 2884 duocntis
641 2794 794 2873 modiis
810 2817 889 2897 pro
905 2790 1105 2895 quotibet,
1127 2799 1169 2874 ct
1184 2816 1278 2872 oon·

188 2913 346 2992 ducere
387 2914 499 3014 ipsas
541 2915 807 3016 Dulcignum
833 2921 874 2992 ct
914 2915 1157 2996 Antivarum
1197 2938 1277 3017 pro

190 3059 266 3111 usu
295 3032 500 3114 dictarum
529 3043 750 3128 terrarum,
778 3037 979 3115 solvendo
1011 3037 1130 3116 dacia
1157 3035 1278 3136 solita

188 3161 359 3232 nostrac
386 3161 528 3236 tarrac
556 3151 769 3236 Durachii.
802 3155 1001 3236 Similiter
1026 3181 1168 3234 sumus
1185 3175 1279 3234 con·

188 3273 306 3368 tenti,
337 3275 452 3374 quod
480 3275 615 3374 possit
642 3275 694 3352 do
722 3277 813 3354 aliis
841 3280 965 3355 terris
993 3277 1135 3354 iacere
1183 3297 1278 3350 con·
1377 3317 1380 3324 ·

185 3394 281 3470 duci
310 3393 466 3470 dictum
496 3395 750 3474 frumentum
778 3421 908 3500 super
937 3394 1162 3475 territoriis
1188 3417 1278 3470 nos·
1401 3422 1405 3433 ⁸
1436 3465 1439 3473 Δ

186 3513 262 3627 tris
289 3537 369 3616 per
397 3517 629 3602 transitum,
661 3543 738 3620 pro
768 3543 843 3594 usu
874 3517 1079 3618 dictarum
1108 3537 1278 3592 suarum

187 3644 420 3725 terrarum
470 3639 587 3714 salvo
626 3639 661 3714 si
702 3639 861 3718 dictum
902 3639 1156 3715 frumentum
1197 3657 1279 3710 non
1372 3633 1374 3638 ’

186 3755 266 3832 crit
292 3755 417 3842 nobis
443 3761 729 3838 necessarium
760 3785 840 3862 pro
857 3759 980 3837 torris
996 3765 1038 3834 ot
1054 3756 1157 3833 iocis
1186 3779 1278 3832 nos·

186 3877 276 3954 tris.
307 3877 613 3958 concludendo
644 3884 758 3982 quod
787 3879 1072 3960 mandabimus
1101 3877 1278 3958 rectori·

185 3995 262 4074 bus
289 3991 446 4074 nostris
473 3995 640 4078 Scutari
670 4007 712 4078 ot
738 3999 967 4088 barnoini,
1008 3999 1120 4101 quod
1149 4023 1279 4104 super

186 4116 299 4196 iacto
328 4140 429 4196 suae
456 4119 713 4222 provisionis
740 4121 854 4198 mitio
883 4120 1129 4200 ducatorum
1160 4130 1278 4198 etsu-

185 4261 264 4340 par
292 4238 383 4316 aliis
414 4237 573 4316 duabus
600 4241 812 4342 partibus,
840 4243 894 4320 de
923 4239 1081 4320 duabus
1109 4239 1276 4322 barchin
1428 4273 1430 4278 ·

189 4358 286 4438 salis
314 4366 357 4438 ct
383 4361 435 4438 dc
465 4359 673 4440 frumento
703 4363 908 4449 debcant,
953 4371 1176 4470 postquam
1204 4363 1279 4442 sci·
