3224 5110
1129 313 1290 376 -447

121 563 125 570 ·
197 525 430 625 Antequam
461 522 638 622 recedas
668 543 692 596 a
719 539 821 618 rege
850 519 991 598 dicas.
1022 575 1032 598 .
1061 576 1071 597 .
1100 520 1216 624 quod
1231 520 1288 598 in·

65 673 68 679 ’
198 646 420 726 teterrimus
446 667 496 722 ee
524 667 630 745 qnae
659 639 782 719 nobis
810 641 982 741 scripsit
1018 639 1059 719 in
1088 641 1199 725 lacto
1228 667 1288 721 sa·
1332 731 1334 736 Ι

196 766 270 852 lis,
313 791 391 870 pro
435 789 617 870 quornm
667 761 970 860 significatione
1024 759 1131 839 suae
1167 765 1289 843 maie·

36 917 39 925 ·
194 885 287 964 stati
314 887 499 966 fraterne
528 884 805 984 regratiamur
834 889 877 958 et
904 906 1117 987 speramns
1146 884 1287 961 taliter

195 1008 342 1086 t'ulcire
372 1031 561 1086 cameras
602 1009 770 1084 nostras
812 1003 1108 1084 Dalmatie
1148 997 1288 1092 sal'e,
1343 1088 1348 1094 ,

25 1093 30 1100 ’
95 1193 96 1196 a
194 1129 305 1230 quod
341 1126 498 1207 subditi
525 1151 625 1204 suae
664 1123 902 1204 serenitatis
943 1131 986 1200 et
1026 1123 1095 1203 alii
1137 1149 1284 1204 ornnes
1372 1125 1374 1128 ’

194 1249 245 1326 de
273 1251 347 1326 illo
375 1247 635 1330 abundanter
664 1247 825 1325 habere
852 1251 1064 1348 poterunt.

294 1371 357 1448 De
385 1367 659 1448 serenissimo
687 1365 921 1450 domino
949 1367 1283 1470 imperatore

42 1513 45 1520 ’
193 1490 320 1582 dices,
349 1490 465 1594 quod
492 1513 566 1566 sna
594 1490 794 1566 maiestas
822 1495 864 1566 et
905 1487 1173 1565 serenissima
1215 1488 1285 1568 do·

192 1615 301 1692 mina
330 1611 576 1717 imperatrix
604 1610 674 1689 hic
701 1609 892 1688 Venetiis
921 1610 1090 1686 luerunt
1118 1667 1125 1683 .
1154 1663 1165 1686 .
1195 1665 1206 1688 .
1242 1617 1285 1704 ct

192 1733 303 1832 quod
330 1755 502 1834 semper
528 1754 673 1810 sumus
700 1730 741 1806 iu
771 1729 928 1833 optima
954 1753 1061 1833 pace
1090 1753 1184 1808 cnm
1211 1755 1284 1810 sua

191 1851 538 1932 serenitate...
580 1876 703 1953 quam
733 1858 796 1928 tot
836 1850 953 1929 annis
997 1875 1092 1928 cum
1134 1848 1285 1930 illustri

191 1973 356 2050 domo
383 1973 628 2050 Aus'trie
656 1970 905 2068 habuimus,
946 1969 999 2047 de
1040 1995 1125 2072 quo
1165 1993 1281 2050 suam

189 2093 459 2173 serenitatem
486 2090 700 2194 previsam
741 2091 882 2168 iacere
922 2091 1160 2178 voluimus,
1201 2113 1280 2196 pro

190 2212 479 2293 satisfactione
507 2210 704 2291 desiderii
731 2211 807 2287 eui.

292 2336 338 2412 Si
380 2359 455 2414 sua
497 2336 732 2412 maiestas.
762 2333 1102 2412 ..consentiret
1142 2334 1279 2436 requi·

189 2453 409 2535 sillonibus
436 2455 593 2533 nostris
621 2460 664 2532 et
690 2454 950 2534 deliberaret
986 2479 1032 2532 sc
1061 2456 1281 2534 retrahere

189 2577 239 2653 ab
267 2575 337 2654 illa
365 2574 575 2678 impressu,
604 2575 902 2673 reputaberis
931 2599 1031 2652 suae
1053 2629 1055 2634 -
1074 2576 1280 2654 maiestati

191 2751 201 2773 .
231 2755 241 2776 .
271 2702 314 2773 et
340 2697 515 2800 sumptis
544 2694 594 2772 ab
624 2719 678 2773 eo
707 2695 860 2774 litteris
888 2703 930 2772 et
958 2695 1133 2782 nuntiis,
1162 2697 1276 2796 quod

189 2821 309 2898 iocus
336 2819 404 2896 Ne
422 2843 520 2897 ren
538 2825 553 2895 t
570 2841 594 2894 e
619 2817 693 2896 tibi
708 2825 859 2896 nostro
874 2817 1045 2897 nomine
1057 2817 1279 2918 consigne-

188 2949 278 3032 tur,
306 2938 465 3036 redibis
505 2937 726 3016 Narentam
754 2938 1006 3024 attendendo
1036 2936 1274 3016 ad'bonum

189 3059 378 3159 regimen
422 3068 465 3138 ct
493 3057 860 3140 conservationem
892 3059 1086 3152 locorum
1109 3059 1276 3136 illorum

188 3178 366 3258 Narenle
395 3183 437 3258 et
466 3177 670 3282 Crayne..
690 3237 722 3256 ..

143 3303 146 3313 '
225 3373 227 3376 ,
287 3299 491 3398 Quoniam
533 3326 674 3378 sumus
717 3300 941 3392 informati,
982 3302 1096 3404 quod
1136 3300 1276 3379 illus-

188 3421 292 3498 tris
320 3419 578 3508 domiuus
606 3425 714 3501 dux
743 3423 1003 3501 Stefanus
1034 3447 1128 3500 enm
1157 3445 1274 3500 exer·

186 3541 377 3620 citusuo
407 3549 472 3618 est
512 3566 701 3648 prope
744 3543 968 3622 flumen
1001 3544 1274 3633 Narente,

186 3661 377 3738 volumus
394 3661 504 3762 quod
535 3718 544 3739 .
576 3720 584 3738 .
611 3719 621 3740 .
649 3662 819 3742 visitare
834 3660 991 3742 debeas
1008 3670 1051 3741 et
1079 3719 1090 3741 .
1122 3719 1132 3742 .
1163 3719 1173 3738 .
1204 3665 1272 3742 de·

187 3782 367 3861 clarabis
395 3805 496 3860 snae
513 3783 789 3864 excellentiae
819 3809 984 3864 causam
1000 3785 1059 3864 tui
1074 3810 1273 3864 accessus

185 3905 236 3980 ed
266 3903 987 4005 regemllcssine‚utomnie
1028 3931 1124 3997 cum
1166 3933 1271 4010 pace

185 4034 228 4105 et
255 4025 536 4105 benivolentia
573 4025 789 4106 iaciamus.

285 4147 444 4223 Verum
486 4147 521 4223 si
559 4171 655 4226 cnm
696 4148 809 4228 dicto
862 4173 964 4252 rege
1006 4151 1114 4231 lacta
1157 4151 1269 4230 omui
