3212 5116
337 590 378 668 ni
408 589 561 669 iecerit
587 597 735 668 nostro
765 589 980 678 dominio,
1021 589 1135 692 quod
1176 593 1342 671 attentis
1370 594 1423 670 in·-

335 711 509 789 sultibus
538 713 576 788 Τ
592 729 617 787 u
633 736 654 788 r
669 737 692 788 c
708 713 735 788 h
752 735 777 786 o
795 736 914 788 rum
942 717 984 788 et
1012 713 1203 810 aliorum,
1233 715 1314 816 qui·
1333 737 1427 792 eam

336 837 379 909 et
408 855 585 909 ressuas
612 831 838 909 molestare
865 855 950 908 non
980 841 1158 928 cessant,
1189 833 1428 912 considera·

336 952 625 1032 ta‘affectione
653 951 859 1042 maxima,
894 975 1018 1054 quam
1059 952 1205 1030 habuit
1232 961 1282 1031 et
1301 951 1429 1032 habet

335 1073 385 1148 ad
413 1073 620 1151 honorem
647 1073 781 1151 nostri
809 1073 996 1164 dominii,
1023 1073 1224 1176 quodque
1250 1074 1429 1152 intendit

335 1219 382 1270 se
404 1201 552 1271 tenere
581 1199 624 1272 et
648 1194 757 1272 tueri
785 1191 862 1270 sub
890 1193 1060 1271 nomine
1091 1202 1134 1272 et
1159 1196 1427 1298 protectione

335 1313 469 1402 nostri
510 1314 707 1402 dominii,
747 1315 939 1418 placeret
977 1314 1098 1393 nobis
1139 1315 1253 1418 quod
1294 1319 1428 1419 possit

338 1459 482 1513 emere
510 1435 549 1510 in
577 1435 768 1514 Venetiis
797 1458 922 1510 unum
953 1432 1229 1534 brigantinum
1255 1458 1336 1538 pro
1366 1459 1427 1510 ar·

335 1553 503 1640 mando,
532 1564 577 1633 ut
602 1555 741 1658 'possit
766 1555 1002 1632 substinere
1031 1563 1073 1632 et
1103 1575 1361 1633 conservare
1381 1581 1427 1632 se

336 1685 378 1753 et
406 1677 499 1751 loca
527 1699 626 1772 sua,
665 1673 714 1750 ad
743 1681 933 1752 nostrum
971 1674 1194 1753 honorem.
1246 1675 1428 1779 lnsuper

338 1795 452 1895 quod
481 1795 648 1896 placeat
687 1791 809 1872 nobis
850 1795 993 1872 lacere
1033 1791 1111 1870 sibi
1148 1793 1307 1874 litteras
1337 1820 1426 1872 nos·

336 1929 443 1992 snas
483 1919 675 2018 patentes
713 1937 793 2016 pro
834 1913 923 2017 ipsa
964 1914 1130 1992 domina
1170 1919 1212 1990 et
1252 1916 1427 1994 subditis

278 2070 307 2122 ,·
336 2036 434 2128 suis,
463 2037 644 2137 qrraliter
660 2036 751 2137 ipsa
763 2041 828 2111 est
855 2033 931 2111 sub
959 2037 1227 2136 protectione
1251 2045 1299 2114 et
1328 2035 1428 2115 obe·

335 2155 487 2233 dienlia
515 2159 673 2240 nostra,
714 2181 767 2232 ne
803 2156 1052 2233 molestetur
1089 2180 1112 2232 a
1142 2169 1427 2258 quocumque.

334 2275 466 2352 Etiam
495 2275 583 2373 ipse
624 2273 870 2352 ambaxator
905 2301 951 2354 se
981 2273 1104 2352 offert
1141 2277 1255 2377 quod
1284 2275 1423 2364 faciet,

336 2397 448 2496 qtrod
475 2397 565 2497 ipsa
605 2395 770 2474 domina
798 2397 839 2473 in
876 2396 1213 2495 recognitionem
1256 2393 1375 2474 Sasni
1406 2423 1428 2474 a

337 2513 483 2595 nostr'o
512 2517 712 2614 dominio,
743 2521 825 2596 erit
852 2525 1049 2597 contenta
1077 2519 1129 2595 de
1147 2519 1285 2598 dando
1315 2520 1428 2596 omni

338 2659 445 2713 anno
476 2643 563 2714 tres
593 2661 645 2714 ex
673 2637 758 2714 suis
785 2635 1027 2715 bominibus
1056 2661 1078 2713 a
1105 2663 1238 2731 remo,
1277 2639 1428 2741 capita.-

337 2780 420 2832 neo
461 2763 609 2834 nostro
653 2755 785 2848 Culli,
828 2759 900 2860 qui
936 2757 1102 2836 stabunt
1143 2781 1271 2859 super
1299 2757 1428 2858 galeis

339 2876 494 2954 nostris
523 2874 641 2962 Culti,
669 2875 807 2956 donec
836 2877 918 2954 erit
932 2875 973 2955 in
1003 2883 1100 2954 actu
1129 2876 1332 2956 redeundi
1346 2879 1425 2955 Ve-

336 2998 482 3088 nelias,
512 3003 553 3073 et
567 2997 733 3076 stabunt
761 2997 812 3073 ad
841 3021 1046 3100 expensas
1073 2997 1201 3100 ipsius
1230 2995 1426 3074 dominae

338 3120 391 3195 de
419 3118 556 3195 soldo.
609 3118 733 3196 Vadit
760 3143 870 3220 pars:
900 3119 1175 3198 Considerata
1215 3119 1427 3196 sincerita-

339 3247 379 3316 te
409 3247 451 3316 et
485 3238 682 3316 laudabili
728 3242 1005 3345 dispositione
1047 3241 1175 3344 ipsius
1216 3239 1425 3322 dominae,

338 3359 537 3463 quodliat
564 3357 642 3435 sibi
669 3359 777 3437 sicut
800 3362 918 3462 petil.
940 3357 1161 3443 Videlicet.
1191 3360 1305 3461 quod
1333 3382 1422 3462 pos-

338 3483 390 3560 sit
418 3503 562 3561 emere
603 3505 731 3558 unum
772 3479 1050 3582 brigantinum
1078 3482 1118 3558 in
1160 3479 1347 3558 Venetiis
1384 3489 1427 3556 et
1495 3557 1502 3574 ,

338 3603 519 3683 conduci
547 3603 691 3682 facere
720 3627 815 3698 eum
843 3603 893 3680 ad
922 3611 1063 3705 partes
1091 3603 1318 3690 Avalonae,
1345 3623 1425 3704 pro

249 3761 252 3768 ·
339 3723 658 3804 conservatione
687 3721 859 3802 etbono
889 3725 1020 3826 ipsius
1049 3723 1255 3810 dominae,
1284 3720 1425 3800 utdic·

340 3857 425 3922 turn
455 3852 530 3922 est.
558 3845 610 3922 Et
637 3843 735 3921 liant
762 3844 857 3958 sibi·
873 3846 1037 3923 litterae
1065 3849 1255 3948 patentes
1286 3843 1325 3919 in
1343 3843 1423 3918 for·

339 3987 404 4038 mn
433 3971 683 4066 opportuna,
710 3973 755 4041 ul·
783 3966 870 4066 ipsa
900 3963 1069 4042 domina
1098 3971 1302 4041 tractetur
1331 3970 1426 4039 tam·

339 4107 462 4185 qulam
490 4083 656 4161 domina
686 4085 869 4162 existens
893 4086 969 4163 snb
998 4083 1266 4187 protectione
1293 4085 1425 4160 nostri

341 4203 538 4291 dominii,
580 4209 626 4281 ut
651 4203 845 4308 superius
886 4204 1051 4284 dicitur.
1104 4203 1218 4304 Quae
1260 4205 1424 4282 litterae
