3230 5104
336 373 404 459 ω
481 503 484 510 .

337 605 495 685 horare
542 599 859 699 diligentissime
904 601 1076 678 studeas
1126 623 1205 702 per
1254 601 1442 692 modum,

336 721 451 822 quod
493 747 637 800 omnes
663 722 783 798 simul
826 723 1021 798 omnibus
1058 720 1218 798 viribus
1259 723 1365 800 inter
1392 747 1440 800 se

337 841 505 946 optime¹
540 842 805 940 inteligentes
844 840 1069 917 deveni-ant
1105 841 1157 919 ad
1186 843 1442 946 impresiam.

339 961 389 1038 Si
411 985 517 1040 vero
549 962 659 1040 inter
687 961 803 1064 ipsos
831 959 1068 1037 dissenssio
1098 969 1141 1038 et
1168 959 1355 1040 simultas
1370 960 1441 1040 ad·

335 1080 418 1158 hue
446 1081 632 1181 vigeret,
659 1081 854 1157 volumus
883 1088 927 1157 ut
952 1071 1123 1182 prelato
1166 1081 1354 1158 ducite
1395 1087 1439 1157 et

336 1201 530 1279 similiter
558 1199 705 1278 eomiti
746 1198 1081 1290 Vladislao,
1108 1201 1159 1277 ad
1189 1223 1314 1300 quem
1342 1224 1440 1278 curn

332 1319 837 1398 nostriseredentialibus
868 1317 1000 1396 literis
1029 1325 1070 1396 te
1100 1319 1440 1412 conierea‚dioas

331 1439 503 1515 nornine
532 1448 678 1518 nostro
709 1447 751 1518 et
765 1438 977 1523 ostendas,
1006 1437 1176 1516 dis'sidia
1203 1463 1279 1516 sua
1308 1437 1439 1516 inisse

333 1579 502 1636 eausam
520 1557 792 1635 maximarum
819 1557 1000 1636 cladium
1030 1565 1073 1634 et
1105 1558 1439 1634 dessolationum

331 1675 702 1767 dominicorum,
740 1683 784 1754 et
812 1701 890 1756 eos
920 1697 1068 1756 omnea
1106 1675 1156 1751 ad
1199 1685 1437 1753 extremum

328 1795 568 1898 perieulum
597 1798 867 1888 conduxisse,
889 1797 1104 1876 amittendi
1133 1823 1217 1876 une
1246 1821 1434 1874 metnen-

330 1937 375 2006 ιο
402 1923 552 1994 statum
583 1924 626 1995 et
666 1939 870 2020 personas
899 1917 1321 2019 irrecuperabiliter,
1350 1917 1431 1994 nisi

329 2061 513 2116 summus
542 2038 839 2134 venenosior,
869 2061 946 2137 per
969 2036 1058 2114 eius
1086 2035 1322 2114 inefabilem
1350 2036 1435 2112 ele·

280 2159 556 2263 „monitam
605 2157 802 2234 misertus
843 2182 1018 2250 eorum,
1064 2158 1161 2238 illos
1201 2159 1435 2236 liberasset

326 2279 563 2384 Propterea
582 2281 804 2382 deponere
819 2279 946 2357 velint
960 2303 1127 2356 omnem
1145 2301 1373 2358 rancorem
1390 2285 1436 2355 et

327 2403 521 2480 dominus
548 2397 716 2476 duoha
743 2399 913 2476 inducat
940 2398 1124 2476 animum
1152 2397 1436 2500 amplectendi

327 2521 525 2603 comitem
542 2517 825 2622 supradictum
853 2519 1019 2596 sincera
1040 2528 1214 2620 paterne
1242 2517 1435 2605 caritate3

205 2629 209 2639 ⁴
326 2665 473 2722 eomes
517 2649 654 2718 autem
682 2637 773 2742 ipse
801 2663 847 2715 se
874 2625 990 2714 filiali
1031 2661 1177 2717 amore
1220 2644 1264 2713 et
1291 2639 1434 2715 obser·

326 2762 465 2842 ranlia
506 2781 604 2859 erga
644 2763 806 2860 patrem
848 2784 895 2834 se
936 2757 1124 2836 inclinet·
1177 2757 1230 2836 lit
1264 2764 1433 2856 sumpte

324 2887 454 2986 prout
495 2877 620 2956 luerit
658 2901 767 2978 opus
803 2877 993 2976 diligenti
1020 2885 1065 2954 et
1103 2876 1348 2978 particulari
1377 2877 1434 2952 in·

325 3001 583 3080 formatione
623 2995 953 3076 differentiarum
989 3021 1162 3074 suorum
1199 3004 1242 3074 et
1282 3019 1433 3074 eausa·

322 3145 415 3226 rum
446 3121 502 3198 ob
545 3143 647 3220 quas
682 3120 923 3210 dessident,
959 3117 1072 3196 omni
1102 3118 1243 3196 studio
1272 3125 1315 3194 et
1342 3117 1433 3194 dili·

325 3237 466 3340 gentia
494 3242 562 3314 tua
592 3235 730 3314 nitere
746 3239 836 3313 illas
860 3261 1121 3340 componere
1150 3250 1194 3318 et
1234 3238 1433 3316 dominos

319 3362 435 3461 lpaos
462 3356 627 3459 penitus
656 3354 790 3433 unire.
831 3356 1128 3459 Ostendasque
1158 3357 1305 3436 comiti
1332 3359 1433 3436 Vla·

318 3478 457 3556 dislao
486 3499 633 3579 paoem
663 3482 707 3554 et
749 3476 1026 3555 concordiam
1054 3501 1151 3556 eum
1187 3485 1309 3582 patre
1346 3503 1430 3580 pro

321 3600 415 3700 ipso
444 3597 795 3700 principalissime
832 3595 1005 3686 faeere,
1047 3607 1092 3678 ut
1132 3599 1307 3678 directis
1333 3601 1431 3678 viri·

319 3713 396 3791 bes
416 3723 459 3791 et
475 3716 621 3794 studiis
650 3715 835 3818 paternis
863 3726 906 3795 et
932 3719 1031 3808 suis,
1060 3717 1112 3794 ad
1141 3721 1432 3820 recuperatio·

184 3887 190 3902 .
317 3857 413 3911 nem
443 3837 563 3934 regni
592 3838 625 3913 ll
642 3862 667 3914 o
684 3839 805 3915 asin
822 3865 872 3925 e,
910 3837 1168 3922 dominatum
1196 3867 1317 3918 suurn
1346 3867 1430 3920 am·

257 4039 263 4056 y,
316 3955 453 4056 pliare
480 3959 629 4058 possit.
683 3957 786 4035 Nihil
829 3961 997 4036 tandem
1026 3960 1276 4042 intentatum
1306 3966 1431 4045 relin-

238 4072 251 4103 ”
316 4097 432 4176 quas,
463 4085 508 4154 ut
535 4101 618 4180 pax
647 4087 691 4156 et
719 4079 951 4158 eoncordia
977 4081 1180 4160 intereos
1206 4091 1432 4186 sequatur,

300 4195 349 4271 ei
377 4195 462 4274 ulla
490 4198 558 4275 via
585 4195 627 4275 id
655 4198 863 4302 possibile
892 4205 969 4276 eat.

1577 3819 1603 4367 l

1581 4676 1595 5098 l
