3206 5110
1187 351 1264 426 188:

157 552 320 653 veniri,
350 555 471 634 etde
498 552 781 634 subventione
818 579 897 658 per
923 555 1138 640 vos-*luctu
1165 556 1267 660 qui·

156 671 330 752 busdam
359 676 515 766 exeis,
543 675 795 752 ducatorum
824 675 1017 755 duorum¹
1039 700 1120 780 pro
1150 701 1268 778 quos

84 865 85 868 r
158 793 262 876 libet
289 803 416 896 equo,
444 793 559 897 qnod
586 795 812 897 plurimum
838 784 963 874 uobis
1000 797 1179 900 placuit,
1206 804 1250 876 et

156 913 209 992 de
237 913 543 994 deliberatione
567 938 690 1016 qnam
718 915 916 996 feceratis
945 911 1251 999 transterrendi

155 1059 234 1112 vos
261 1033 512 1135 Scutarum,
551 1043 595 1114 et
630 1037 682 1116 de
718 1037 919 1116 missione
959 1038 1090 1118 nuntii
1118 1039 1252 1118 uestri

157 1155 209 1232 ad
237 1154 335 1234 illos
377 1156 644 1246 rairodos,
673 1181 782 1258 quos
811 1157 862 1234 ad
896 1173 1128 1260 passum
1165 1157 1250 1236 bo·

154 1299 279 1352 uum
314 1299 498 1379 penes
532 1275 847 1356 Scotorum
877 1300 1002 1357 causa
1028 1275 1251 1368 concordii
1317 1357 1319 1362 ,

155 1395 362 1476 tractandi
401 1395 634 1498 scripsistis
676 1400 934 1500 expectare,
970 1396 1005 1475 si
1031 1395 1260 1490 vobiscum

119 1523 122 1528 ’
155 1516 419 1618 colloquium
446 1515 609 1596 habere
651 1515 818 1606 vellent,
866 1517 1036 1625 uolendi
1069 1515 1258 1594 lirmare

154 1645 374 1736 treuguam
394 1660 483 1739 ‚pro
512 1661 596 1716 uno
624 1660 783 1729 meuse,
803 1694 814 1717 .
835 1663 960 1742 quarn
1012 1636 1249 1736 denegastis

155 1817 165 1837 .
195 1817 204 1836 .
232 1813 244 1836 .
274 1759 389 1861 quod
418 1757 643 1859 plurimum
681 1757 802 1840 nobis
843 1761 985 1862 placet
1011 1815 1022 1838 .
1050 1815 1059 1836 .
1088 1816 1099 1840 .
1126 1815 1138 1838 .
1167 1770 1251 1838 etc.

154 1939 164 1960 .
193 1937 204 1960 .
231 1933 243 1959 .
270 1879 513 1962 mandamus
541 1884 749 1981 quatenus
778 1879 1045 1961 considerata
1073 1875 1256 1983 pauper·⁴

153 2004 239 2078 tate
268 1998 480 2078 dictorum
514 1996 957 2091 Pamaliotorum‚
984 1999 1037 2078 de
1065 2021 1249 2101 quorum
1294 2045 1301 2056 ·

153 2120 395 2220 benegestis
431 2118 481 2196 ud
524 2118 734 2198 honorem
773 2127 904 2200 status
945 2117 1082 2201 nostri
1109 2173 1121 2206 .
1148 2173 1159 2196 .
1186 2141 1248 2196 su·
1344 2117 1348 2138 ’

151 2265 247 2320 mus
276 2295 286 2318 .
391 2240 618 2328 informati,
646 2241 850 2332 debeatis,
876 2250 921 2322 ut
946 2241 1139 2332 habeant,
1156 2260 1253 2317 cau-1

123 2359 243 2440 'sam
284 2359 587 2464 perseverandi
615 2363 725 2440 bene
765 2361 980 2440 torrenter
1007 2359 1048 2438 in
1075 2382 1177 2438 vera
1206 2365 1248 2438 et

152 2480 365 2561 constanti
405 2479 621 2566 fidelitate.
657 2479 708 2560 ad
738 2481 895 2560 bonnm
934 2488 1065 2560 status
1094 2483 1243 2564 nostri.

151 2607 281 2707 prout
307 2602 609 2704 promiserunt,
636 2600 758 2682 dictis
785 2601 1027 2680 Parnuliotis
1055 2598 1245 2678 subveni·

153 2748 201 2802 re
230 2777 241 2800 .
267 2775 278 2800 .
305 2778 315 2798 .
344 2721 456 2824 quod
493 2723 617 2802 vobis
652 2721 878 2812 videbitur;
907 2732 950 2804 et
977 2723 1074 2825 quic
1101 2729 1253 2799 sumus

153 2842 367 2922 informati
394 2841 635 2920 Tronsos
673 2841 982 2924 ferventissime
1009 2869 1058 2922 se
1078 2843 1265 2956 gesisse*

13 3009 14 3012 κ
153 2963 203 3039 ad
232 2961 441 3040 honorem
471 2969 513 3040 et
539 2960 693 3040 bonum
730 2971 863 3042 status
891 2963 1028 3042 nostri
1056 2962 1243 3052 dominii,

152 3093 195 3164 et
224 3081 443 3187 reliquisse
484 3085 636 3163 domos
670 3086 895 3191 proprias,
922 3084 1166 3166 reducendo
1195 3107 1243 3160 se

151 3205 202 3287 ad
231 3205 410 3284 insulam
439 3203 482 3282 S.
511 3202 702 3306 Sergii,
730 3206 917 3286 debeatis
945 3209 1070 3285 etium
1097 3203 1243 3282 subve-

148 3327 242 3406 nire
270 3383 281 3404 .
313 3381 320 3395 .
349 3381 360 3403 .
386 3327 603 3430 possendo
623 3325 698 3404 eis
717 3327 912 3410 omuibus
927 3327 1175 3428 dareusque
1191 3323 1246 3402 ad

147 3447 326 3558 ducatos
355 3451 575 3526 trecentos
602 3445 644 3524 in
672 3471 816 3527 mense
843 3451 885 3527 in
913 3471 1088 3538 summa,
1116 3503 1126 3523 .
1154 3503 1165 3525 .

252 3563 451 3645 Ceterum
480 3567 578 3671 quia
606 3567 687 3648 Ser
702 3571 870 3651 Marcus
885 3567 1123 3649 Barbadico
1149 3559 1247 3668 pro·¹

147 3683 426 3765 visornoster
455 3683 648 3780 Catari,
675 3689 844 3792 scripsit
870 3689 980 3769 inter
996 3693 1142 3768 cetera
1168 3710 1240 3763 uo·

146 3813 237 3884 stro
265 3803 465 3890 dominio,
491 3808 605 3909 quod
639 3805 757 3886 vobis
785 3809 1016 3888 accedente
1045 3797 1240 3888 Cata'rum

148 3949 244 4004 cum
260 3927 419 4004 armata
434 3933 592 4016 nostru,
620 3926 905 4030 permanendo
930 3925 1085 4006 ibidem
1100 3927 1237 4004 solum

149 4053 251 4128 octo
281 4046 442 4136 diebus,
472 4052 559 4127 tota
576 4053 765 4128 contrata
792 4056 835 4128 et
862 4049 1082 4129 comitatus
1099 4049 1238 4129 Catari

149 4155 507 4249 reduceretur-ad
536 4169 821 4262 obedientium
843 4181 1031 4268 nostram
1056 4229 1066 4252 .
1089 4228 1101 4252 .
1122 4229 1134 4252 .
1156 4195 1235 4276 pro
