3078 5108
1127 400 1194 482 2³7

200 608 441 709 Praeterea,
469 624 566 726 quia
604 623 646 702 in
676 627 898 730 contractu
925 625 1044 727 pacis
1081 623 1191 704 idem

102 747 291 824 dominns
330 747 627 846 Georgius
662 743 785 848 petiit
809 749 862 824 de
891 749 1036 845 gratia,
1063 770 1193 853 posse
1285 849 1287 852 Ι

102 866 140 942 in
168 867 360 946 Venetiia
402 875 445 946 et
479 867 568 946 aliis
596 867 704 944 locis
732 868 888 946 nostris
917 891 1081 948 armare
1108 871 1193 948 suis

102 987 311 1089 expensis,
353 990 386 1066 si
428 991 466 1067 ei
494 1013 672 1068 necesse
712 995 828 1066 esset
867 989 930 1070 ire
980 985 1192 1070 eontra

101 1105 392 1198 'forchem
432 1133 565 1212 usque
605 1133 706 1188 sex
741 1109 973 1212 galeas,
1000 1109 1194 1190 volumus

103 1231 233 1332 enred,
263 1227 469 1332 siquidem
496 1229 617 1308 robis
645 1217 810 1308 diceret
836 1229 1086 1334 superinde,
1126 1233 1224 1326 de]

102 1349 232 1428 beatis
259 1353 537 1452 respondere,
557 1353 670 1453 quod
686 1351 933 1430 adveniente
949 1369 1064 1438 casu,
1080 1355 1194 1454 qued

101 1471 237 1550 dietae
267 1473 412 1570 galeae
441 1481 582 1552 essent
609 1473 648 1550 ei
661 1473 950 1570 necessariae,
977 1471 1196 1576 reperiret

101 1595 287 1670 nostram
315 1593 642 1671 dominationem
670 1594 913 1696 dispositam
953 1595 993 1670 in
1030 1597 1194 1674 eunctis

101 1711 384 1813 possibilibus,
412 1731 519 1817 qrrae
546 1715 728 1792 honeste
743 1699 886 1795 facere
901 1723 1064 1820 posset,
1093 1737 1194 1794 suae

100 1831 433 1932 magnificentiae
464 1837 751 1938 complacere.
958 1839 959 1844 '

200 1953 378 2060 insuper
419 1957 453 2033 si
503 1956 593 2059 ipse
643 1957 838 2034 dominus
892 1955 1198 2057 Georgius

99 2073 238 2162 veitet,
264 2083 308 2153 ut
323 2077 360 2152 ei
376 2075 710 2178 permitteretur,
727 2079 840 2178 qnod
855 2077 895 2154 in
913 2077 1029 2156 omni
1037 2085 1194 2156 'eventu

98 2203 246 2297 posset
273 2222 319 2274 se
349 2221 443 2276 cum
473 2197 567 2274 titiis
597 2205 638 2276 et
666 2195 892 2276 heredibus
926 2208 968 2278 et
996 2195 1119 2276 bonis
1146 2221 1196 2277 ac

98 2315 254 2396 havere
294 2319 406 2404 suis,
447 2321 657 2397 reducere
696 2343 744 2395 se
785 2301 825 2396 in
853 2317 981 2402 terris
1016 2323 1060 2398 et
1087 2317 1197 2398 iocis

98 2436 268 2521 nostris,
298 2443 340 2514 et
368 2437 409 2512 in
437 2437 514 2514 iitis
541 2461 672 2539 posse
699 2444 800 2524 tute,
831 2437 965 2515 iibere
983 2447 1026 2518 et
1041 2463 1198 2518 secure

97 2563 225 2646 stare,
251 2582 393 2634 sumus
423 2555 625 2654 contenti,
657 2559 771 2658 quod
787 2555 929 2636 hoc·ei
946 2559 1196 2661 promittere

97 2680 282 2782 possitis,
310 2663 578 2758 'venientibus
603 2662 783 2759 attamen
817 2677 916 2782 ipsis
947 2705 1042 2762 enm
1071 2681 1197 2760 comi·

98 2799 181 2876 tiva
211 2797 403 2878 honesta.

199 2919 418 3023 Expeditis
447 2927 587 2998 autem
629 2927 670 2998 et
712 2920 928 3000 conclusis
968 2917 1196 3024 praedietis

96 3037 218 3118 robis
247 3042 508 3130 commissis,
549 3041 743 3119 volomus
781 3051 825 3120 ut
862 3043 942 3145 ipsi
971 3041 1199 3140 magnifico

99 3161 273 3240 domino
308 3161 426 3239 (deo
444 3163 602 3260 rgio,
643 3159 749 3240 iacta
776 3157 1069 3240 commisserie
1097 3184 1200 3240 con-

99 3280 807 3362 damnobitisviriBenedicti
837 3283 1196 3379 contareno,

99 3405 172 3504 qrri
201 3403 251 3508 ab
278 3401 379 3508 ipsis
406 3403 588 3483 dominis
617 3414 661 3484 et
688 3405 777 3484 aliis
811 3405 899 3484 suis
926 3404 1101 3482 subditis
1128 3403 1203 3482 be*

98 3547 194 3600 nem
223 3547 427 3602 summam
461 3525 669 3627 pecuniae
696 3523 856 3606 habere
884 3527 1093 3612 debebat,
1136 3545 1198 3600 re·

99 3645 368 3722 committere
395 3647 602 3733 debeatis,
631 3652 673 3722 et
700 3645 856 3723 instare
884 3665 933 3722 ac
947 3663 1199 3747 procurare,

97 3765 211 3866 quod
241 3769 482 3866 praedictus
509 3767 703 3845 dominns
716 3765 940 3865 Georgius,
967 3765 1092 3845 iaciat
1114 3771 1202 3845 tam

96 3885 256 3966 efficax
286 3889 546 3976 mandatum,
591 3891 703 3990 qnod
733 3890 796 3966 vir
830 3887 984 3966 nobilis
1017 3908 1088 3966 ser
1114 3885 1200 3965 Ma«

94 4007 236 4109 pheos
276 4007 549 4095 contareno,
589 4005 699 4084 titius
739 4011 917 4086 condam
959 4007 1089 4109 ipsius
1127 4027 1203 4085 ser·

93 4129 333 4221 Benedicti,
361 4129 566 4231 consequi
579 4129 718 4208 valeat
734 4136 777 4208 et
800 4126 997 4206 ebt-inere
1010 4125 1196 4206 debitum
1226 4203 1229 4218 ,

95 4267 236 4326 suum.
