3224 5110
1207 401 1273 476 ddi

179 639 265 694 nos
288 615 452 696 referre
488 639 727 721 possemus.
780 614 888 698 illud
926 627 1063 698 tamen
1105 619 1274 699 silentio

180 739 375 816 nolumus
400 738 626 842 preterire,
653 763 867 818 memores
904 763 982 817 nos
1011 765 1107 819 esse
1134 765 1158 817 a
1187 763 1273 818 mo·

179 855 285 936 dicis
311 865 356 936 ut
383 859 440 938 ita
468 861 699 938 dixerimus
724 860 841 939 annis
869 860 999 946 citra,
1041 862 1273 965 potentiam
1322 919 1325 924 ·

181 978 453 1058 Teucrorum
468 987 719 1083 terrestrem
735 987 869 1058 tantas
897 983 1009 1060 vires
1038 988 1187 1082 totque
1203 981 1274 1058 do·

181 1099 304 1176 minin
332 1109 493 1203 partam
523 1127 630 1196 esse,
658 1103 825 1183 utsicut
852 1103 1028 1181 diversis
1056 1105 1274 1206 experien-

180 1217 246 1297 tiis
274 1225 490 1321 cognitum
520 1235 597 1311 est,
625 1224 899 1310 dilicillimum
929 1248 979 1304 ac
1008 1223 1273 1302 durissimum

182 1341 309 1420 fuerit
336 1341 415 1422 sibi
445 1369 570 1447 posse
600 1347 814 1424 resistere.
851 1345 967 1424 Nunc
996 1352 1135 1424 antem
1164 1345 1274 1423 vide·

181 1485 284 1548 mus,
302 1487 385 1539 non
413 1465 552 1541 solum
568 1472 693 1555 terro,
722 1465 795 1541 sed
825 1464 930 1542 mari
944 1466 1068 1543 etium
1085 1461 1276 1546 Teucro.

181 1605 271 1659 rum
302 1582 460 1660 rabiem
491 1591 534 1661 et
565 1585 799 1686 potentiam
830 1594 986 1664 tantum
1016 1596 1204 1677 auctum,
1231 1595 1278 1665 ut

178 1703 212 1778 si
240 1703 488 1782 misericors
518 1706 622 1782 deus
665 1714 837 1798 noster,
890 1714 1118 1810 vestraque
1158 1729 1276 1786 sanc·

182 1825 277 1903 titas
305 1849 357 1903 ac
385 1830 530 1903 cetere
558 1827 749 1930 potentie
778 1827 1019 1908 Christiane
1048 1829 1134 1908 cito
1179 1828 1277 1907 huic

180 1948 333 2024 morbo
363 1947 565 2049 pestifero
582 1971 666 2024 non
695 1957 934 2038 accurrant,
963 1951 1276 2028 maximumex·

183 2066 335 2144 cidium
362 2069 588 2158 incumbat,
618 2067 946 2147 totiChristiane
976 2069 1186 2170 religioni.
1217 2070 1277 2148 Li·

150 2275 153 2284 .
182 2209 370 2288 cereque
397 2189 596 2266 ammodo
622 2190 841 2270 videamus
858 2189 960 2270 huic
977 2189 1276 2271 crudelissimd

180 2306 306 2394 hosti,
336 2315 451 2386 terra
480 2309 669 2411 marique
698 2317 868 2414 patrare
898 2335 1166 2414 quecumque
1206 2337 1276 2388 vo·

181 2429 317 2508 luerit.
371 2429 558 2532 Adeptus
600 2437 665 2508 est
706 2457 819 2511 nunc
860 2433 1089 2535 praecipue
1129 2431 1278 2512 urbem

183 2548 582 2653 Constantinopolis,
612 2558 693 2628 tum
722 2553 887 2628 ratione
927 2555 1030 2632 situs
1073 2579 1197 2655 quam
1226 2577 1279 2631 ex

186 2672 326 2749 multis
367 2673 456 2750 aliis
494 2673 626 2773 dignis
667 2673 982 2752 conditionibus
1024 2675 1278 2779 aptissimam

181 2819 232 2872 ac
257 2817 465 2872 summum
492 2791 534 2868 in
563 2792 734 2872 modum
764 2793 1100 2882 accomodatam,
1127 2796 1179 2874 ad
1208 2820 1280 2896 po·

183 2914 354 2990 tentiam
383 2937 499 2990 suam
530 2937 794 3016 magnopere
835 2915 1096 3014 augendum,
1137 2915 1207 3000 ita,
1236 2921 1280 2992 ui

183 3034 340 3135 ubique
381 3041 494 3113 terra
536 3037 724 3137 marique
766 3035 819 3114 de
855 3036 941 3114 hoc
982 3034 1278 3136 potentissimo

187 3153 311 3232 hoste
352 3155 405 3232 sit
445 3181 569 3259 quarn
625 3156 806 3235 maxime
849 3147 1132 3235 damnandum}
1187 3154 1281 3233 Hec

188 3276 316 3374 igitur
345 3290 438 3354 oum
467 3279 524 3355 ita
563 3277 658 3366 sint,
687 3275 737 3354 ad
765 3276 1030 3357 sanctitatem
1084 3283 1280 3362 vestram,

190 3405 400 3500 tamquam
427 3401 478 3478 ad
505 3423 747 3503 supremum
777 3399 981 3479 dominici
1008 3400 1149 3498 gregis
1190 3423 1280 3502 pas·

190 3525 339 3612 torem,
367 3521 644 3620 confugimus,
671 3520 787 3601 iiliali
813 3521 1280 3600 devotionenostraso·

191 3637 262 3717 lita
288 3638 588 3742 supplicantes,
616 3646 661 3717 ut
676 3637 777 3717 huic
792 3637 1028 3740 egritudini,
1057 3645 1280 3740 antequam

191 3762 324 3858 magis
352 3761 461 3840 ultra
490 3759 540 3837 ad
571 3759 811 3838 interritum
839 3761 1110 3864 prolabatur,
1144 3757 1281 3856 digne-

190 3885 259 3956 tur
286 3881 478 3958 omuibus
507 3881 588 3957 illis
613 3879 822 3968 remediis,
854 3877 1130 3983 omnibusque
1154 3880 1281 3958 sufra-

192 4001 271 4100 giis
298 4001 552 4104 providere,
592 4029 675 4105 que
702 4027 865 4081 summe
897 4011 1038 4081 vestre
1079 4001 1282 4103 sapientie

190 4120 455 4209 videbuntur,
484 4131 529 4200 ut
558 4123 684 4223 longe
714 4122 873 4203 maiora
902 4149 953 4202 ac
992 4121 1188 4221 graviora
1216 4145 1282 4222 pe-

193 4243 326 4319 ricula
355 4249 397 4321 et
437 4244 605 4324 excidia
648 4247 779 4325 totius
833 4243 1061 4324 Christiani
1102 4243 1282 4320 nominis
