3226 5112
369 569 605 655 ostenderit
637 576 679 652 in
709 573 872 654 cunctis
898 595 1009 673 quaa
1039 571 1089 650 ad
1117 585 1225 665 n'os,
1259 573 1456 653 ducatum

367 700 560 774 nostrum
588 699 631 772 et
657 694 893 793 singulares
922 715 1128 794 personas
1155 691 1331 772 ducatus
1356 694 1459 772 eius·

367 815 462 892 dem
491 824 684 920 spectant
710 821 754 892 et
779 815 1008 918 pertinent,
1038 841 1083 892 se
1100 815 1459 918 promptissimum
1589 813 1591 832 ’

368 935 592 1028 exhibens,
634 959 713 1040 per
750 941 965 1014 oratorem
999 956 1124 1010 suum.
1158 928 1311 1012 feccrit
1336 933 1458 1012 nobis

367 1057 612 1157 nuperrime
642 1057 886 1160 supplicari,
913 1062 959 1132 ut
986 1055 1167 1131 eundem
1189 1053 1459 1154 dignaremur

369 1181 615 1254 ceterorum
641 1173 888 1255 nostrorum
913 1175 1117 1252 nobilium
1137 1174 1271 1252 nostri
1290 1175 1459 1253 maioris

369 1298 534 1376 consilii
561 1322 739 1376 numero
778 1320 1031 1398 aggregare,
1072 1300 1119 1373 ut
1154 1296 1458 1398 preeminentia
1590 1283 1591 1372 ῗ

369 1425 411 1496 ct
452 1407 822 1498 beneflcio‘nosri
861 1417 1033 1495 maioris
1079 1416 1247 1495 consilii
1288 1421 1332 1494 et
1371 1415 1459 1495 aliis

368 1539 637 1639 dignitatibus
664 1538 895 1644 privilegiis
924 1545 967 1616 et
995 1537 1271 1624 libertatibus,
1308 1538 1457 1639 quibus

367 1659 534 1738 nobiles
563 1660 710 1750 nostri,
739 1660 792 1737 de
821 1666 970 1738 nostro
1001 1657 1457 1762 maioriconsilioper·

369 1779 450 1857 frui
478 1779 801 1880 dignoscuntur,
828 1781 918 1881 ipse
947 1785 989 1855 et
1017 1778 1106 1854 eius
1136 1774 1209 1854 lilii
1236 1775 1459 1875 gratiosius

370 1900 670 1998 congauderet.
697 1898 780 1974 Nos
810 1897 1072 1980 attendentes
1102 1898 1292 1974 eiusdem
1313 1894 1459 1995 magni-

371 2019 440 2098 lici
468 2017 625 2097 domini
653 2019 826 2118 Georgii
855 2020 1064 2098 sinceram
1093 2018 1381 2108 devotionem,
1407 2015 1458 2092 al·

370 2140 597 2218 lectionem
639 2149 681 2220 et
707 2138 847 2234 tidem,
888 2141 1064 2240 eiusque
1102 2139 1349 2242 petitionem
1380 2139 1458 2218 iam

370 2260 524 2340 dictam
551 2263 729 2341 illariter
756 2262 1037 2348 admittentes,
1065 2269 1211 2340 notum
1227 2257 1348 2338 vobis
1368 2259 1460 2338 lieri

352 2382 565 2461 ‘volumus
581 2384 815 2472 ‘universis
841 2384 958 2485 quod
987 2382 1102 2460 omni
1123 2383 1233 2482 juris
1264 2381 1458 2460 consilio·

369 2527 462 2580 rum
491 2511 535 2580 et
562 2504 949 2582 ordinamentorum
986 2555 1458 2580 .............
1590 2497 1591 2510 ,

371 2632 551 2716 servata,
582 2623 761 2701 eundem
785 2619 1048 2722 magnificum
1065 2622 1280 2700 dominum
1308 2620 1461 2707 (leor-

372 2743 511 2845 gium
541 2742 939 2833 Possillovich,
960 2767 1056 2822 cum
1084 2741 1174 2820 eius
1205 2740 1300 2818 liliis
1324 2749 1368 2818 ot
1394 2741 1461 2818 he·

371 2863 563 2950 redibas,
604 2891 658 2942 ex
694 2889 746 2942 eo
784 2848 971 2964 legitime
999 2861 1382 2953 descendentibus,
1421 2863 1461 2939 in

371 2987 558 3062 Venetos
587 2992 629 3062 et
657 2985 772 3064 cives
800 2990 973 3062 nostros
1015 3007 1063 3062 ac
1098 2982 1151 3060 de
1187 3005 1365 3061 numero
1393 3005 1461 3058 no-

371 3102 515 3180 bilium
543 3105 680 3182 nostri
709 3106 879 3182 maioris
896 3102 1066 3183 consilii
1081 3103 1322 3204 recepimus
1340 3109 1462 3203 atque

369 3225 621 3327 recipimus,
650 3229 694 3302 et
719 3227 910 3303 Venetos
942 3277 1147 3302 ......
1177 3219 1325 3300 haberi
1352 3222 1465 3300 volu·

372 3367 463 3421 mus
492 3346 739 3448 periterque
768 3346 963 3437 tractari,
992 3346 1109 3445 ipsos
1139 3344 1310 3422 sincere
1337 3397 1348 3419 .
1377 3397 1387 3417 .
1418 3398 1463 3418 ..

372 3521 460 3545 ...
493 3466 781 3554 libertatibus,
811 3463 1054 3554 beneflciis,
1083 3463 1249 3564 gratiis,
1285 3464 1462 3566 preemi-

371 3587 538 3679 nentiis,
565 3586 799 3667 honoribus
827 3611 877 3666 ac
900 3587 1197 3702 imunitatibus,
1225 3584 1380 3687 qrribus
1397 3585 1462 3662 alii

340 3765 349 3778 .
373 3708 525 3786 Veneti
552 3707 720 3785 nobiles
747 3707 801 3783 de
829 3715 974 3784 nostro
1004 3706 1150 3783 maiori
1175 3705 1355 3784 consilio
1373 3727 1460 3806 per·
1590 3767 1591 3786 ,

306 3823 309 3831 ’
374 3796 453 3904 irui
471 3829 793 3928 dignoscuntur,
805 3829 994 3933 prefatus
1009 3825 1255 3928 magnificus
1270 3827 1460 3904 domiuus
1590 3823 1591 3834 '

374 3949 583 4049 Georgius
611 3955 655 4026 et
680 3950 743 4028 sui
772 3949 844 4028 filii
873 3953 916 4025 ct
942 3950 1125 4028 heredes
1167 3951 1381 4048 utsupra,
1408 3947 1459 4024 de

377 4076 523 4148 cetero
550 4069 591 4147 in
606 4069 797 4146 Venetiis
826 4079 868 4147 et
897 4075 1016 4146 extra
1042 4066 1200 4171 ubique
1221 4067 1458 4169 plenissime

373 4188 586 4286 gaudeant
614 4197 656 4266 et
682 4196 862 4268 utantur.
888 4187 1017 4268 Nobis
1034 4212 1205 4291 quoque
1231 4186 1345 4266 idem
1359 4207 1460 4285 mag·
