3236 5108
303 498 446 562 amor,
488 479 627 554 tamen
654 498 699 550 se
728 473 852 552 offert
893 493 1131 575 procurare
1167 477 1210 550 et
1236 471 1394 558 facere,

202 608 204 616 ’
303 594 418 698 quod
447 593 582 671 dictus
612 617 733 672 emor
760 601 802 672 et
829 594 984 672 caritas
1013 594 1066 671 de
1094 590 1209 670 bono
1237 593 1278 670 iu
1306 613 1388 669 me·

303 715 382 790 lius
410 709 640 812 augebitur.
694 710 1016 817 despondeatur
1058 712 1159 816 ipsis
1186 708 1390 790 ambaxia·

302 830 475 909 toribus:
503 833 618 932 quod
645 857 722 910 nos
758 833 950 910 volumus
993 855 1088 910 esse
1129 828 1394 908 manifestum

302 951 564 1031 excelentiae
606 954 776 1051 regiae,
823 952 937 1053 quod
964 960 1108 1030 nostra
1162 951 1395 1030 comanitas

302 1093 475 1174 semper
516 1074 741 1170 conjuncta
780 1071 857 1152 fuit
885 1071 1082 1170 singulari
1113 1069 1396 1148 benivolentia

303 1202 345 1270 et
374 1214 519 1270 amore
548 1216 643 1269 cum
673 1194 843 1271 excelsa
872 1190 1001 1270 domo
1036 1189 1245 1284 Andriae,
1274 1202 1315 1270 et
1343 1191 1394 1268 ad

302 1335 504 1417 praesens
556 1319 752 1390 notanter
780 1319 843 1390 est
881 1337 977 1392 cum
1022 1312 1194 1391 domino
1250 1310 1396 1388 duce

235 1492 238 1498 .
303 1433 574 1510 Alberto.
629 1431 713 1510 Sed
740 1433 773 1510 si
801 1434 882 1510 deo
920 1431 1117 1538 placebit,
1146 1431 1260 1533 quod
1286 1429 1397 1508 istud

304 1550 612 1627 matrimonium
668 1553 957 1655 compleatur,
1014 1576 1092 1630 nos
1147 1548 1398 1654 recipiemus

304 1679 456 1750 tantam
486 1665 841 1771 consolationem,
868 1682 1067 1775 quantam
1110 1673 1305 1776 recipere
1332 1695 1398 1747 va·

306 1791 500 1878 lerenius,
530 1793 625 1893 quia
670 1793 790 1872 unitis
818 1797 870 1872 ad
897 1796 1077 1874 invicem
1118 1792 1277 1874 duabus
1303 1791 1398 1868 ami·

308 1912 416 1990 ciliis
459 1915 615 1992 nostris
656 1916 711 1994 ita
752 1917 982 2021 perfectis,
1025 1919 1130 1997 certi
1171 1912 1398 2004 reddimur,

309 2033 421 2135 quod
450 2033 666 2135 utriusque
697 2038 827 2138 partis
855 2063 975 2118 amor
1003 2036 1226 2138 augebitur
1254 2057 1399 2114 versus

307 2178 400 2238 nos,
428 2155 463 2230 si
493 2156 635 2255 augeri
663 2158 835 2259 poterit,
866 2164 909 2236 et
934 2179 1012 2234 nos
1041 2160 1165 2236 etiam
1192 2159 1399 2255 majorem

308 2294 474 2350 causam
503 2271 778 2364 habebimus,
822 2278 1101 2357 conservandi
1142 2299 1327 2355 amorem
1356 2284 1399 2354 et

308 2391 635 2472 benivolentiam
662 2395 893 2500 utriusque.
934 2395 1195 2478 llcllerentes
1222 2396 1398 2476 infinitas

309 2523 450 2615 grates
481 2516 758 2594 excellentiae
787 2517 943 2618 rogiae,
972 2519 1066 2622 quia
1097 2519 1153 2595 ita
1180 2519 1320 2618 vigilat
1347 2517 1398 2596 ad

308 2633 498 2712 honores
526 2642 568 2714 et
597 2636 775 2716 comoda
809 2645 979 2732 nostra,
1007 2639 1057 2714 ad
1086 2663 1219 2741 eaque
1246 2662 1396 2741 procu·

310 2751 437 2829 rande
463 2751 518 2830 ita
547 2755 671 2846 offert
699 2755 931 2836 liberaliter
957 2782 1005 2834 se
1033 2765 1232 2861 paratam.

411 2873 474 2951 Ad
503 2899 528 2949 u
540 2875 553 2950 l
565 2876 654 2952 tim
671 2902 691 2954 a
708 2903 748 2954 m
775 2902 880 2957 vero
896 2887 1070 2983 partem,
1088 2897 1211 2980 quam
1226 2878 1305 2978 ipsi
1319 2901 1399 2954 am·

309 2994 551 3073 baxiatores
595 3009 908 3099 exposuerunt,
936 3023 1015 3104 per
1043 3023 1163 3101 quam
1203 2998 1398 3076 videntur

308 3117 484 3194 innuere
513 3129 555 3196 et
583 3118 802 3218 requirere
844 3120 965 3218 ligem
1007 3121 1262 3220 generalem
1290 3117 1399 3196 vide·

308 3237 408 3315 licet
441 3238 553 3340 quod
582 3239 703 3318 amici
725 3243 843 3318 unius
872 3242 1014 3345 pertis,
1041 3242 1121 3320 sint
1151 3239 1273 3318 amici
1302 3238 1396 3316 alte-

311 3359 394 3436 rius
407 3369 448 3436 et
463 3359 616 3438 inimici
633 3361 802 3454 inimici,
819 3368 861 3440 et
877 3369 957 3440 cet.
969 3357 1400 3465 Respondenturipsis

310 3481 663 3558 ambaxatoribus:
693 3484 807 3584 quod
835 3481 943 3561 sicut
970 3484 1137 3561 domino
1154 3481 1245 3580 regi
1273 3485 1315 3557 et
1338 3487 1398 3558 to·

310 3606 341 3683 ti
369 3607 523 3682 mundo
565 3603 824 3682 notissimum
866 3612 951 3697 est,
980 3602 1122 3683 civitas
1164 3607 1305 3680 nostra
1333 3606 1400 3678 est

310 3725 448 3802 taliter
476 3724 626 3803 situata
656 3729 697 3802 et
725 3723 907 3816 fundata,
936 3723 1051 3826 quod
1080 3749 1133 3801 ex
1156 3724 1252 3801 solo
1281 3744 1399 3798 exer-

312 3845 410 3926 citio
427 3853 691 3924 mercaturae
721 3843 844 3924 alitur
859 3849 901 3921 et
927 3846 1121 3924 nutritur.
1151 3841 1265 3922 Unde
1280 3865 1399 3946 prae·

313 3969 564 4044 decessores
605 3968 740 4046 nostri
780 3965 999 4066 vigilantes
1027 3963 1077 4042 ad
1119 3963 1399 4044 conservatio-

313 4111 409 4164 nem
451 4087 587 4166 dictae
628 4095 799 4168 nostrae
820 4085 1026 4183 civitatis,
1067 4092 1402 4188 procuraverunt
