3234 5116
368 341 413 446 as

368 585 631 676 miniani,
661 607 741 688 pro
770 543 1063 664 concludendo
1082 593 1136 664 <et
1163 585 1357 666 iaciendo
1375 583 1453 664 ‘bo-

369 729 462 783 nam
488 731 639 809 pacem
668 703 779 782 inter
805 711 960 808 partes,
989 712 1032 782 et
1046 712 1090 782 ut
1117 707 1253 786 omnis
1281 707 1454 786 materia

368 849 614 926 guerrarum
656 833 699 902 et
726 825 1023 904 scandalorum
1065 835 1362 921 removeatur,
1404 829 1455 906 ad

369 947 480 1050 quod
506 971 586 1052 pro
615 947 708 1025 utili
735 949 851 1026 bono
878 951 1058 1026 nostrae·
1074 947 1373 1029 dominationis
1401 949 1457 1026 sit

235 1056 238 1069 ’
367 1067 611 1147 necessario
652 1066 984 1171 providendum,
1024 1069 1203 1149 mittere
1227 1095 1352 1148 unum
1382 1095 1439 1148 no

367 1194 499 1266 strum
529 1185 904 1287 ambassiatorem,
949 1189 1020 1290 qni
1046 1191 1104 1268 sit·
1121 1191 1375 1270 informatus
1402 1190 1455 1266 de

361 1306 729 1409 jurisdictionibus
768 1312 811 1386 et
849 1306 1037 1412 partibus
1064 1309 1247 1390 Alban
1262 1312 1273 1387 i
1291 1335 1373 1400 ae,
1413 1317 1457 1388 et

367 1431 581 1536 practicus
606 1429 647 1508 in
676 1429 798 1508 dictis
825 1431 1026 1534 partibus,
1057 1432 1182 1510 Vadit
1203 1457 1316 1536 pars:
1343 1431 1456 1534 quod

369 1551 596 1652 collegium
623 1551 848 1630 dominiret
874 1551 1229 1644 consiliariorum,
1270 1553 1455 1657 capitum

368 1673 421 1750 de
447 1667 518 1747 Xb
545 1677 587 1748 et
613 1670 846 1774 sapientum
876 1670 1067 1754 consilii.
1106 1679 1314 1752 terrarum
1343 1671 1455 1772 aqui·

367 1792 621 1871 sitarumde
649 1817 776 1878 novo,
803 1798 847 1869 et
873 1792 1080 1882 ordinum,
1106 1793 1261 1872 habeat
1289 1793 1457 1871 liberta·

367 1918 451 1990 tem
481 1911 679 2011 elligendi
706 1935 832 1988 unum
848 1911 1203 2000 ambassiatorem,
1232 1913 1343 1991 sicot
1367 1913 1452 1990 dic·

365 2041 410 2111 to
438 2031 621 2130 collegio
662 2028 896 2128 ridebitur,
938 2036 1079 2133 aptum
1121 2033 1172 2110 ad
1199 2032 1309 2111 banc
1351 2055 1455 2120 rern;

367 2151 637 2230 considerato
657 2149 780 2250 vquod
823 2152 905 2228 crit
931 2152 1063 2250 magis
1100 2153 1303 2254 acceptus
1338 2149 1454 2228 dicto

366 2272 602 2352 domino
643 2269 928 2372 desputo,
969 2272 1083 2373 quod
1112 2269 1293 2348 debinc
1322 2270 1455 2348 mitta·

365 2398 433 2470 tnr
454 2395 607 2472 noster
626 2391 916 2479 ambassiator,
932 2401 977 2470 et
991 2394 1115 2470 etiam
1135 2398 1312 2480 attento,
1339 2388 1453 2493 quod

364 2511 629 2617 prestissime
652 2511 904 2614 expedietur
931 2512 983 2590 de
1011 2512 1136 2593 hinc'
1151 2512 1298 2591 Dictus
1313 2517 1453 2589 aulem

364 2633 638 2713 ambassiator
652 2631 776 2724 ducat
802 2657 947 2713 secum
967 2641 1053 2712 tres
1069 2633 1251 2714 famulos
1268 2639 1311 2710 et
1325 2656 1453 2710 unum

362 2755 570 2834 notarium
599 2779 694 2834 cum
723 2779 804 2831 nno
835 2754 1006 2854 famulo,
1038 2762 1081 2832 et
1107 2781 1232 2834 unum
1262 2755 1452 2833 lruzima·
1581 2775 1582 2782 ¹

351 2901 474 2966 num,
502 2899 627 2978 quem
656 2877 836 2980 accipiat
851 2875 1032 2968 Scutari3
1063 2883 1105 2956 et
1131 2876 1267 2978 possit
1295 2899 1449 2977 expen-

362 2995 465 3074 dere
491 2995 531 3072 in
558 2996 664 3076 mari
706 2996 884 3075 ducatos
912 2999 1018 3074 duos
1048 3001 1091 3073 et
1118 2997 1157 3074 in
1187 3005 1300 3075 terra
1328 2995 1452 3073 duca·
1581 3015 1582 3082 J

362 3123 428 3194 tos
457 3124 544 3196 tres
570 3117 749 3218 singulo
766 3117 859 3204 die,
900 3139 983 3195 non
1011 3116 1264 3222 computatis
1292 3112 1452 3216 agoziis
1581 3091 1582 3152 ἶ

362 3261 570 3340 equorum
613 3246 656 3316 et
695 3235 860 3313 nabulis
887 3235 1172 3334 navigiorum
1212 3234 1453 3334 habeatque

361 3370 440 3462 pro
469 3357 546 3435 ista
574 3355 1020 3435 ambassiatadncatos
1049 3359 1217 3434 centurn
1246 3355 1301 3432 de
1329 3377 1452 3457 pecu·

360 3481 427 3558 nia
455 3477 594 3557 nostri
636 3477 897 3568 communis;
938 3477 990 3554 de
1018 3475 1269 3556 comissione
1311 3484 1450 3554 autern
1581 3569 1582 3578 ἵ

360 3625 435 3677 sua
475 3625 555 3705 per
609 3599 695 3678 hoc
743 3597 966 3678 eonsilium
1019 3597 1315 3704 providebitur
1354 3603 1448 3677 ante
1549 3583 1582 3602 ’Ὺ

360 3720 453 3800 eius
495 3743 738 3812 recessum,
778 3722 887 3800 sicut
914 3712 1063 3798 melius
1103 3716 1314 3797 videbitur
1335 3717 1450 3796 ‘lien-

360 3843 470 3925 dum.
497 3841 752 3922 Remanente
778 3849 956 3944 propter
982 3843 1190 3920 novitates
1220 3863 1328 3942 quae
1357 3845 1450 3918 esse

358 3971 534 4066 possent
560 3965 600 4041 in
615 3964 739 4041 dictis
766 3962 964 4066 partibus.
993 3960 1135 4040 nobile
1162 3962 1255 4039 viro
1278 3985 1351 4039 ser
1374 3959 1453 4036 da·

360 4082 498 4164 eobo
533 4083 780 4160 Dandnlo
808 4083 1037 4185 provisore
1065 4081 1296 4170 lontani,
1322 4087 1451 4184 prout
1545 4077 1549 4090 '

359 4203 410 4284 ad
438 4227 638 4307 praesens
668 4210 752 4294 est,
796 4227 846 4282 ac
874 4203 1047 4284 donis
1075 4199 1448 4282 fiendisdicto
