3226 5112
355 378 427 444 Am

358 587 488 664 sirum
517 591 656 666 tamen
686 609 780 666 esse
808 589 952 690 potest
978 586 1114 668 notus
1141 591 1337 670 dominus
1364 613 1456 684 rex,

243 738 249 800 ς
358 706 474 809 quod
503 709 554 785 ad
584 730 711 810 quem
739 731 919 810 eumque
949 709 1091 788 looum
1120 717 1334 803 nostrum,
1371 717 1454 791 tam

358 827 599 919 Dalmatiae,
628 851 749 930 quam
778 828 955 906 aliorum
985 830 1180 910 looorum
1208 839 1454 912 nostrorum

359 973 406 1024 se
427 947 664 1046 reduxerit,
692 948 793 1028 lieet
818 949 874 1026 sit
899 948 939 1026 in
969 950 1161 1028 manibus
1176 953 1345 1042 nostris,
1372 954 1454 1034 dio·

361 1077 428 1148 tus
464 1072 656 1151 domiuus
696 1095 773 1150 rex
814 1071 894 1149 erit
935 1071 991 1151 ita
1030 1075 1172 1152 salvus
1201 1081 1244 1152 et
1269 1099 1459 1164 securus,

362 1217 414 1272 aa
442 1191 474 1268 si
503 1189 681 1272 assatio
711 1214 974 1293 quoeunque
997 1193 1092 1272 loao
1121 1219 1198 1272 suo
1228 1196 1417 1298 proprio.

465 1311 529 1389 Ad
558 1317 786 1416 partem
822 1335 901 1415 per
928 1335 1054 1413 quum
1083 1339 1131 1392 so
1160 1314 1311 1412 offert,
1343 1315 1459 1415 quod

363 1432 580 1537 uiperea
608 1458 717 1534 quae
746 1433 891 1519 sentit,
932 1455 1130 1512 comes
1171 1433 1458 1514 Staienus

363 1559 588 1632 attentaret
603 1550 751 1632 'eontra
766 1559 917 1632 statum
934 1561 1138 1654 nostrum,
1156 1554 1247 1656 ipse
1262 1553 1460 1632 domiuus

364 1697 441 1752 rex
466 1674 628 1752 faveret
648 1679 799 1752 nostro
818 1673 1006 1752 dominio
1030 1679 1110 1751 ete.
1136 1675 1461 1778 respondeatur,

366 1797 478 1900 quod
506 1794 558 1874 de
586 1797 667 1873 hae
696 1795 855 1900 optima
883 1795 1014 1899 ipsius
1043 1797 1202 1874 domiui
1242 1797 1355 1897 regis
1383 1797 1460 1873 dis·

348 1917 710 2021 'positioueerga
738 1922 928 1994 nostrum
958 1918 1211 2004 dominium,
1239 1941 1346 2018 quae
1375 1943 1460 1998 uon

367 2046 431 2117 est
458 2039 583 2117 nobis
610 2061 748 2130 nova,
788 2039 868 2117 sibi
907 2036 1133 2142 plurimum
1170 2039 1462 2138 regratiamur.

366 2157 443 2239 sod
484 2183 564 2262 pro
604 2183 715 2238 nuno
754 2159 824 2238 illa
853 2159 1010 2238 oblatio
1038 2183 1120 2236 nou
1150 2167 1216 2237 ast
1241 2159 1364 2238 nobis
1393 2185 1463 2264 op·

368 2289 562 2384 portuno,
601 2279 678 2358 sed
705 2281 742 2360 si
769 2279 841 2358 illa
867 2281 1167 2380 indigeremus,
1196 2281 1303 2360 serti
1331 2280 1463 2360 reddi·

369 2425 474 2514 mur,
506 2400 620 2503 quod
647 2401 757 2479 siout
784 2400 1060 2480 amicabiliter
1087 2399 1253 2492 obtulit,
1280 2403 1337 2479 ita
1364 2401 1463 2479 ami·

212 2553 220 2570 ’
368 2521 562 2600 rabiliter
589 2523 841 2600 attenderet.

470 2641 535 2720 Ad
563 2649 789 2745 partem
818 2642 1057 2734 Turohi
1086 2641 1156 2745 qui
1183 2649 1327 2720 svetus
1354 2663 1464 2738 mag·

368 2767 431 2844 uis
458 2765 673 2867 pretendit
700 2762 839 2843 adhue
856 2764 1017 2843 maiora
1049 2757 1100 2841 'ad
1131 2787 1309 2864 regnum
1331 2787 1466 2847 suum.

370 2893 415 2965 et
440 2885 565 2963 etiam
595 2884 646 2962 ad
675 2891 994 2966 terrasnostras
1021 2883 1252 2962 Dalmatiae
1268 2890 1352 2962 eto.
1381 2907 1466 2960 res·

370 3008 628 3110 pandentur:
657 3007 772 3107 quod
800 3009 905 3085 certi
933 3029 1091 3096 sumus,
1119 3003 1232 3106 quod
1250 3003 1466 3082 serenissi-

240 3213 242 3216 ,
370 3151 462 3206 mus
489 3127 683 3205 dominus
710 3149 789 3204 rex
815 3127 1077 3230 praediatus,-
1098 3151 1179 3227 pro
1206 3149 1282 3204 sua
1317 3147 1469 3226 magna

316 3297 318 3308 ι
369 3245 601 3352 prudentia
618 3254 660 3324 et
689 3245 857 3350 optimis
886 3245 1220 3350 provisionibus.
1247 3246 1372 3326 valde
1399 3245 1468 3322 be·

369 3394 423 3448 ne
450 3369 560 3448 emet
587 3379 629 3446 et
655 3369 814 3471 poterit
840 3369 940 3448 illud
970 3389 1469 3468 regnumauumoouser·

369 3512 471 3567 vare
498 3497 541 3566 et
567 3487 823 3577 deffendere,
850 3489 959 3567 siout
987 3489 1182 3567 lecerunt
1209 3489 1468 3566 serenissimi

371 3611 529 3688 domini
555 3612 854 3713 progenitores
881 3609 956 3688 sni.
986 3610 1038 3688 lit
1065 3608 1369 3689 attentoetiam
1388 3609 1468 3687 situ

371 3733 502 3836 ipsius
529 3731 652 3830 regni
679 3735 724 3808 at
751 3721 997 3812 conditione
1026 3731 1222 3808 locorum
1257 3736 1302 3807 et
1329 3752 1470 3830 passu·

290 3855 295 3865 '
372 3877 458 3941 urn,
493 3877 569 3929 sua
587 3850 800 3931 'serenitas
827 3853 988 3955 poterit
1015 3850 1070 3927 ita
1098 3852 1208 3929 bene
1235 3849 1469 3929 munitioni·

371 3974 449 4052 bus
478 3981 521 4053 et
547 3973 639 4052 aliis
665 3969 793 4051 rebus
819 3972 1058 4077 providere,
1077 3971 1176 4056 sibi,
1211 3971 1327 4071 quod
1353 3969 1468 4046 nullo

370 4095 501 4172 modo
528 4095 691 4198 polerit
716 4093 919 4181 dubitari3
946 4095 997 4172 de
1026 4090 1134 4169 loeis
1160 4088 1468 4169 autemuostris

371 4215 600 4294 Dalmatiae
628 4214 814 4307 llantur,
842 4215 959 4317 quod
988 4215 1145 4292 attenta
1171 4233 1306 4318 paee,
1345 4233 1465 4315 quam
