3192 5112
196 617 380 716 ingente,
409 638 517 718 quae
541 635 708 714 semper
735 613 863 712 gratis
891 621 932 690 et
958 613 1110 690 mutuis
1131 611 1289 691 sevtltts

194 747 423 842 propagata
462 736 604 813 existit
644 741 686 811 et
715 731 1017 837 propagabitur
1044 733 1125 812 deo
1154 733 1289 824 dante,

195 883 340 934 sumus
380 857 570 935 contenti
619 856 891 958 complacere
944 858 1149 953 majestati
1187 879 1290 932 suae

194 978 418 1082 lmperiali,
429 977 659 1056 secundum
674 975 1000 1076 requisicionem
1016 1001 1144 1063 saram,
1155 1001 1289 1076 quam·

197 1103 260 1178 vis
289 1099 466 1176 similem
495 1099 667 1198 gratiam
697 1095 902 1197 aliquibus
930 1097 982 1174 de
1012 1099 1165 1174 mundo
1193 1123 1289 1174 nun·

197 1243 321 1322 quam
372 1219 664 1298 consvevimus
704 1219 856 1303 facere,
896 1219 971 1294 sed
1011 1219 1152 1321 potuis
1193 1245 1289 1298 con·

197 1349 262 1418 tra
290 1341 446 1418 dicere.

300 1477 445 1580 Capta:
490 1481 540 1556 ad
595 1503 717 1554 unum
774 1477 998 1580 capitulum
1054 1479 1288 1579 continens,

199 1598 312 1698 quod
354 1598 390 1674 si
437 1599 625 1699 placeret
678 1594 823 1684 nobis,
877 1593 1056 1674 libenter
1107 1599 1289 1700 interpo.

197 1728 320 1793 neret
370 1723 511 1818 partes
538 1741 633 1793 suas
670 1717 720 1793 ad
775 1715 1059 1801 tractandum,
1101 1717 1215 1818 quod
1250 1717 1290 1793 in
1336 1783 1339 1800 .

199 1848 265 1914 ter
305 1838 591 1916 dominum
634 1853 828 1942 regem
883 1837 1218 1938 Hungariae
1248 1841 1289 1913 et

197 1965 386 2032 nostrum
415 1957 563 2034 ducale
597 1957 825 2035 dominium
854 1957 1113 2034 reformetur
1141 1983 1221 2057 pax
1250 1965 1292 2034 et

198 2077 440 2162 concordia,
469 2105 563 2156 eum
590 2077 756 2156 honore
787 2083 945 2175 nostro,
974 2077 1290 2182 respondeatur,

200 2201 332 2300 (quod
356 2201 435 2278 toti
464 2198 636 2296 mundo)
666 2204 709 2276 et
735 2223 871 2276 suae
900 2199 1193 2297 majestati
1221 2223 1292 2302 po·

199 2328 279 2398 test
308 2345 402 2397 esse
430 2325 597 2399 notoria
624 2341 770 2420 magna
799 2319 1036 2398 reverentia
1079 2327 1120 2396 et
1161 2345 1293 2410 amor,

199 2467 325 2543 quem
353 2451 543 2522 nostrum
571 2443 803 2550 dominium
832 2443 959 2541 gessit
988 2465 1086 2544 arga
1115 2443 1288 2544 praede·

198 2587 393 2642 cessores
422 2565 578 2642 domini
606 2563 981 2662 regisHungariae‚
1010 2563 1170 2664 quasin
1196 2565 1294 2639 mul·

198 2683 250 2760 tis
280 2683 444 2762 casibus
485 2685 782 2760 honoravimus
812 2691 854 2761 et
895 2683 1169 2760 amicabiliter
1210 2707 1292 2759 ser·

198 2807 412 2883 vivimus.
441 2862 451 2883 .
478 2863 489 2883 .
518 2867 524 2881 .
555 2811 597 2882 et
624 2814 687 2884 est
714 2808 846 2883 nostri
876 2803 1085 2908 propositi
1121 2827 1293 2880 servare

199 2927 243 3000 et
258 2923 399 3003 lacere
416 2951 511 3002 cum
539 2925 709 3003 domino
738 2949 839 3026 rege
867 2925 1091 3028 praesenti3
1110 2949 1187 3002 nec
1202 2947 1294 3022 per·

198 3044 386 3150 pendere
414 3045 636 3148 possimus,
665 3047 776 3148 quod
792 3070 870 3146 per
897 3071 974 3122 nos
1001 3047 1081 3122 sit.
1110 3101 1120 3121 .
1148 3045 1294 3122 .encia

201 3165 381 3242 ...vel
420 3189 543 3240 causa
573 3167 690 3263 'justa
727 3165 974 3243 turbationis
1016 3173 1164 3242 contra
1203 3188 1294 3240 nos.

101 3313 106 3326 ·
200 3285 442 3388 Verumde
472 3294 553 3364 tam
582 3285 760 3388 benigna
776 3295 817 3364 et
836 3285 1050 3386 magnilica
1079 3281 1293 3362 oblatione

203 3457 214 3478 .
246 3461 256 3482 .
283 3449 295 3462 ·
324 3461 334 3482 .
365 3459 375 3478 .
405 3429 491 3492 sua,
519 3431 597 3510 per
624 3409 776 3486 dietum
814 3411 1125 3486 ambaxatorem
1154 3413 1194 3484 et
1223 3407 1294 3483 eti·

204 3549 267 3601 am
294 3549 373 3628 per
403 3551 499 3602 suas
541 3527 698 3606 litteras
738 3529 858 3607 nobis
889 3529 1057 3613 missas,
1086 3527 1310 3630 armates„

203 3667 281 3746 pro
312 3645 546 3724 concordio
576 3648 687 3725 inter
715 3675 793 3726 nos
821 3656 863 3726 et
890 3649 1044 3726 dictum
1082 3645 1293 3724 dominum

204 3818 253 3844 ..
282 3822 293 3844 .
322 3823 331 3841 .
360 3789 503 3866 regem
532 3769 771 3870 Hungariae
800 3769 1076 3848 amicabiliter
1113 3769 1292 3870 interpo-

202 3907 309 3962 nere
336 3896 478 3988 partes
507 3911 616 3974 suas,
653 3888 1293 3991 lmpcrialiExccllen·

204 4003 337 4094 tiae,
365 4005 515 4085 merito
546 4009 780 4086 refferimus
819 4010 1041 4108 gratianum
1095 4011 1294 4086 actiones.

204 4121 335 4221 Quam
364 4120 618 4205 oblationem
658 4129 907 4229 gratissime,
935 4139 978 4208 ut
1005 4153 1083 4234 pro
1125 4129 1293 4209 honore

203 4269 280 4322 suo
336 4239 506 4348 expedit
559 4257 855 4354 acceptantes,
907 4275 1048 4329 sumus
1086 4250 1294 4353 (contenti
