3236 5108
229 599 1168 700 CXC!-rauu.1ndict.ll.1a..1uni.

149 813 351 872 (inaniorem)
373 829 559 883 ,roanosnrs
582 811 728 882 rocnoinr
752 811 947 879 Burmann,
971 829 1096 887 ceci-pn
1121 815 1242 872 ῃοκοῆ.
1371 864 1373 873 ,

151 935 233 975 nora
258 933 439 992 roeuosnpa
454 917 626 991 ioannem,
651 911 761 990 bopia
785 914 902 982 Tonie,
922 935 960 988 aa
974 937 1012 974 oe
1029 935 1118 974 none
1143 937 1245 992 yrarn

491 1033 526 1074 aa
550 1017 700 1091 ilperonu
723 1021 902 1091 *tyrannum

256 1151 406 1254 Capta:
449 1149 552 1249 Quia
594 1149 730 1254 pridie
772 1154 940 1254 quando
978 1163 1142 1257 captum
1173 1157 1247 1234 init

9 1289 11 1350 t
151 1275 192 1350 in
221 1271 306 1351 hoe
335 1269 539 1358 consitio,
568 1273 684 1373 quod
722 1271 889 1352 domina
930 1277 1246 1378 Vuyaseia·

150 1415 228 1488 va,
272 1413 449 1469 soror
495 1389 674 1468 condam
724 1390 946 1472 domini
998 1395 1247 1498 Georgii

9 1533 11 1556 ¹
150 1509 361 1614 Topiae
390 1509 942 1602 dominiDuraehii,
971 1517 1153 1594 deberet
1180 1515 1247 1592 ha-

150 1631 257 1710 bere
284 1631 575 1734 provisionem
605 1633 961 1736 qrhmdabamus
990 1639 1139 1714 marito
1168 1664 1246 1715 suo

9 1765 10 1770 '
152 1761 194 1832 et
221 1752 316 1842 sibi,
358 1777 452 1834 cum
495 1754 739 1834 conditione
780 1759 893 1858 quud
937 1757 975 1834 in
1021 1783 1120 1838 casu
1163 1784 1247 1862 quo

153 1878 284 1956 veliet
311 1900 356 1954 se
385 1877 607 1962 maritare,
651 1879 850 1978 accipere
896 1869 1077 1956 deberet
1100 1905 1246 1982 perso·

149 2023 259 2090 uam,
277 2020 384 2098 quae
413 1997 526 2074 foret
541 1997 727 2076 dominio
745 2009 894 2076 nostro
912 2007 1042 2098 grata,
1072 2009 1112 2078 et
1139 2024 1248 2078 nune

9 2105 10 2186 Ῑ
151 2121 241 2224 ipsa
268 2116 451 2210 scribat,
492 2119 604 2222 quod
650 2127 765 2224 optat
794 2145 841 2194 se
862 2121 1082 2224 ¹copulare
1123 2117 1246 2197 Pre-

151 2265 305 2342 gono
348 2237 693 2340 Du.c·hayno,
732 2241 810 2342 ⁴qui
840 2246 904 2316 est
944 2263 1049 2315 unus
1082 2248 1141 2317 'ex
1169 2239 1250 2318 iilis

150 2359 376 2448 nobilibus,
404 2360 473 2462 qui
503 2355 638 2460 pridie
657 2358 893 2438 sueruntad
916 2369 1103 2438 nostram
1131 2384 1247 2462 prae·
1369 2413 1373 2422 ·

149 2483 353 2576 sentiam,
395 2479 435 2558 in
465 2503 564 2558 oasu
594 2503 679 2581 quo
709 2477 761 2558 de
793 2479 1064 2582 beneplacito
1101 2485 1246 2558 nostro

9 2579 10 2612 ³
151 2603 219 2682 sit.
273 2601 399 2678 Vadit
439 2623 556 2703 pars,
600 2597 712 2704 quod
743 2599 1008 2678 rescribatur
1037 2599 1178 2676 baiuio
1207 2611 1249 2678 et

151 2727 374 2828 capitaneo
416 2727 562 2806 nostro
591 2719 811 2810 Duraehii‚
855 2721 969 2824 qnod
1011 2720 1154 2798 dicere
1183 2720 1249 2798 de·

150 2845 249 2922 beat
276 2847 395 2948 parte
420 2839 774 2919 nostradominae
803 2841 1043 2920 antedictae
1074 2850 1115 2919 et
1142 2841 1248 2918 simi·

150 2969 248 3046 iiter
275 2963 358 3074 ipsi
382 2963 677 3062 Pregono,
718 2962 786 3063 qui
816 2964 939 3038 etiam
981 2964 1107 3040 nobis
1149 2965 1248 3042 seri·

9 3125 11 3182 ξ
148 3088 248 3194 psit,
264 3083 379 3189 quod
395 3107 538 3160 sumus
554 3083 753 3179 contenti,
770 3089 994 3184 postquam
1010 3087 1066 3160 ita
1077 3081 1154 3160 sibi
1170 3084 1250 3188 pia-

9 3239 11 3304 g
152 3217 237 3300 cet,
252 3205 368 3310 quod
385 3204 505 3280 simui
521 3205 561 3280 in
580 3205 690 3281 buna
719 3203 849 3301 gratia
879 3205 1102 3305 complere
1117 3204 1244 3281 debe·

153 3338 225 3408 ant
253 3329 564 3408 matrimonium
593 3324 860 3404 antedictum.

561 3443 657 3511 Missi
681 3445 739 3510 dei
763 3445 905 3511 Senatu
934 3445 1046 3510 XLlli
1072 3447 1126 3508 uh.
1156 3447 1206 3509 16.

9 3673 11 3690 =
158 3589 1179 3722 ⁵CXCII.inanimantisznaurn.

154 3801 378 3868 annamneno,
425 3799 611 3874 orepaharn
647 3799 873 3873 Haneparopa
907 3797 1247 3856 itoncranrnnonons-

157 3923 281 3975 onore,
304 3923 342 3976 aa
366 3919 554 3964 neoorauan
578 3919 673 3963 cnoro
697 3919 827 3977 Μυκη]
853 3919 870 3960 n
895 3901 1113 3977 npeeroanni
1136 3918 1248 3976 upana,

9 4023 10 4052 ³
155 4031 174 4070 n
200 4029 239 4085 μ
263 4011 441 4084 netienn'y
463 4011 616 4078 Maurae,
651 4024 712 4067 rao
738 4024 814 4066 mro
853 4023 1037 4081 sareptena,
1067 4009 1248 4066 ursmaro
1400 4063 1405 4071 ,

9 4125 10 4128 ’
155 4136 203 4190 ra,
226 4133 268 4189 aa
289 4117 329 4174 ne
356 4115 481 4190 gonaro
507 4129 574 4186 orn
597 4109 833 4190 xpuorisucun'
869 4127 1030 4184 eaaaaoua
1068 4129 1172 4186 euopy,
1191 4129 1248 4172 no·

485 4222 567 4278 uois
591 4237 745 4296 npornrn
769 4218 910 4294 Typaua.

261 4357 406 4461 Capta.
447 4355 552 4455 Quia
579 4360 623 4439 ut
650 4353 835 4436 habitum
871 4360 941 4434 ¹est
968 4377 1046 4456 per
1088 4351 1249 4432 litteras
