3186 5112
367 329 433 450 eu
519 433 522 442 ,

368 595 485 670 testa.
511 589 639 670 Vadit
666 613 779 693 pars:
807 552 923 689 quod
948 588 1054 666 ultra
1082 563 1122 664 id
1145 586 1266 688 quod
1287 577 1457 690 captum

367 711 443 788 init
482 711 640 813 pridie,
678 711 731 787 de
760 707 1061 812 respondendo
1099 708 1458 788 ambasiatoribus

366 831 590 910 domini
627 829 886 925 sandalii,
915 828 966 907 ad
996 851 1046 908 ea
1074 853 1183 928 quae
1210 832 1359 918 nostro
1388 825 1460 905 do.-

366 953 496 1032 minio
526 961 833 1057 exposuerunt,
863 953 970 1029 sicut
991 951 1088 1027 buic
1105 948 1280 1029 consitio
1310 956 1459 1027 notum

366 1077 442 1161 est,
470 1071 633 1150 dicatur
673 1071 1034 1151 ambaxiatoribus
1074 1068 1302 1171 predictis,
1342 1068 1458 1168 quod

365 1201 506 1272 nostra
535 1192 765 1270 dominatio
795 1191 966 1294 cupiens
982 1191 1039 1268 ob
1054 1191 1308 1290 singularem
1337 1189 1459 1267 affec·

364 1312 550 1405 tionem,
586 1339 710 1415 quam
749 1314 935 1413 gerimus
977 1312 1027 1390 ad
1068 1312 1281 1389 dominum
1321 1333 1458 1394 suum.

365 1441 477 1512 esset
503 1433 624 1510 valde
654 1439 868 1532 contenta,
898 1432 938 1508 in
967 1439 1166 1534 quantum
1195 1432 1296 1528 ipsis
1323 1429 1459 1510 amba·

364 1551 600 1631 uiatoribus
627 1554 845 1632 videretur
869 1562 911 1632 et
925 1553 1128 1656 placeret,
1158 1555 1273 1654 quod
1300 1553 1459 1630 veilent

364 1675 434 1752 bic
470 1673 667 1770 differre,
710 1697 933 1776 quousque
973 1671 1180 1752 baberent
1216 1672 1458 1776 responsio·

363 1818 460 1872 nem
488 1803 530 1872 et
558 1792 792 1872 libertatem
821 1794 1105 1872 necessariam
1126 1792 1333 1872 adomino
1362 1817 1459 1884 suo,

363 1917 477 1995 circa
506 1916 661 1995 factum
690 1915 1016 1994 translatationis
1057 1915 1290 2020 pecuniae,
1331 1939 1458 2015 quam

363 2036 700 2138 requisiverunt,
743 2061 838 2113 cum
866 2036 996 2113 simus
1024 2034 1135 2114 avidi
1162 2035 1240 2136 ipsi
1271 2035 1455 2136 compla-

362 2149 480 2250 cere,¹
505 2157 737 2236 secundum
765 2157 1087 2260 requisitionem
1110 2181 1239 2247 suam,
1267 2156 1456 2234 dummo-

242 2381 247 2390 .
361 2277 416 2356 do
446 2278 731 2356 observentur
757 2279 1003 2356 solenitates
1032 2277 1301 2357 necessariae
1325 2278 1365 2354 in
1381 2277 1456 2356 tati

362 2398 563 2498 materia,
606 2402 659 2479 de
696 2401 846 2501 quibus
885 2401 1023 2503 ipsum
1063 2399 1279 2478 dominum
1318 2422 1457 2484 suum,

363 2542 440 2622 per
466 2530 655 2599 nostrum
673 2520 1006 2613 ambasiatorem‚
1035 2530 1235 2601 oretenus
1261 2519 1457 2608 informa·

361 2641 397 2718 ri
423 2641 629 2731 fecimus,
656 2644 712 2719 ita
742 2642 856 2745 quod
883 2650 1031 2746 presto
1061 2643 1215 2721 dictam
1242 2642 1452 2745 responsi·

363 2785 487 2838 onem
515 2759 674 2841 babere
702 2771 922 2865 poterunt,
963 2769 1006 2841 et
1032 2763 1227 2840 similiter
1252 2767 1456 2866 poterunt
1590 2771 1591 2786 ³

334 2869 567 2962 'interesse
594 2883 767 2987 praticis
795 2884 943 2962 flendis
972 2907 1067 2960 cum
1094 2884 1248 2967 nuncio
1282 2891 1326 2964 et
1365 2909 1453 2962 am·

360 2999 639 3081 basiatore
680 3003 885 3090 Baisae,
913 3006 955 3082 in
983 3011 1182 3105 quantum
1210 3029 1289 3108 per
1315 3005 1454 3109 ipsum

358 3118 524 3198 Baisam
563 3121 700 3199 eidem
728 3123 913 3202 mittatur
941 3122 1113 3202 libertas
1144 3130 1188 3203 et
1214 3125 1454 3202 mandatum
1589 3117 1590 3134 ³

357 3241 573 3321 subiciens
614 3244 665 3320 ad
693 3245 1116 3325 condescendendum
1142 3243 1195 3323 ad
1224 3267 1298 3330 ea.
1344 3267 1452 3345 quae

358 3358 441 3437 sint
483 3360 778 3442 convenientia
820 3372 862 3442 et
889 3363 1096 3464 honesta,
1138 3363 1191 3443 ad
1219 3388 1324 3467 quae
1352 3388 1449 3442 con·

358 3481 630 3584 temptatione
673 3483 827 3564 domini
867 3484 931 3562 sui
960 3487 1115 3564 erimus
1142 3487 1278 3590 parati
1320 3487 1451 3564 since·

358 3626 408 3681 ro
438 3603 582 3682 corde.
623 3603 676 3682 Et
703 3612 935 3708 propterea
964 3607 999 3682 si
1026 3608 1127 3710 ipsis
1156 3606 1447 3686 ambaxutou·

357 3717 435 3798 bus
462 3723 615 3823 placet,
644 3729 820 3826 possunt
846 3724 1037 3806 scribere
1059 3729 1231 3807 domino
1260 3755 1340 3808 suo
1370 3731 1447 3808 cir·

357 3866 405 3920 ca
434 3841 588 3950 iactum
629 3842 769 3923 dictae
810 3847 1016 3925 libertatis
1052 3855 1095 3926 et
1121 3849 1353 3928 solenitatis
1381 3873 1448 3926 ne·

356 3962 598 4052 ceastriae,
639 3970 682 4041 et
708 3963 842 4068 ipsum
880 3967 1006 4046 etiam
1041 3993 1219 4070 rogare,
1262 3969 1377 4072 quod
1405 3976 1449 4047 ut

355 4081 586 4161 habeamus
615 4105 782 4164 causam
811 4089 1178 4168 condescendendi
1195 4090 1322 4178 adea,
1339 4115 1447 4192 quae

353 4201 435 4279 sint
461 4201 628 4305 placida
659 4227 760 4281 arrae
789 4208 1062 4306 magnitudini
1090 4215 1132 4287 et
1159 4209 1340 4290 comoda
1368 4210 1446 4312 ipsi

351 4319 526 4413 Balsae,
566 4323 692 4403 faciat
720 4349 816 4403 cum
845 4327 1026 4418 effectu,
1055 4331 1170 4433 quod
1201 4329 1292 4436 ipsc
1320 4331 1443 4414 Balsa
