3228 5108
106 720 112 726 ,
165 643 228 714 'et
265 637 536 718 tractabimus
564 641 620 713 'et
661 633 830 713 tractari
868 633 1087 715 -neieanas
1125 658 1276 716 wonmes

181 763 284 834 ends
311 758 503 835 subditos
528 755 716 831 fraterne
732 752 1005 838 amioabiliter
1022 755 1276 858 staengan,

181 879 412 958 seeundum
442 877 621 953 formam
645 881 871 978 pactorum
900 873 1000 952 aiios
1015 873 1275 954 firmatorum

181 1001 293 1077 inter
319 999 619 1100 progenitores
644 1018 746 1072 suos
773 994 960 1072 illustres
990 1005 1031 1073 et
1046 993 1274 1074 dominium

181 1125 387 1204 nostrum,
417 1135 597 1218 quorum
612 1114 777 1218 copiam
801 1137 884 1190 non
914 1112 1150 1192 dubitamus
1178 1139 1274 1192 asse
1397 1147 1402 1166 =

180 1259 320 1340 penes
348 1233 674 1333 magnitudinem
711 1257 855 1326 suam,
886 1233 1016 1312 etsie
1043 1257 1274 1336 speramus,
1365 1335 1368 1342 Ι

181 1359 298 1460 quod
326 1381 448 1444 versa
489 1358 581 1433 viee
604 1377 696 1432 wsua
724 1352 975 1432 excelientia
1012 1351 1187 1432 habebit
1212 1377 1274 1430 re·

182 1477 439 1557 commissos
454 1474 647 1554 subditos
663 1482 705 1552 et
720 1473 814 1550 ioca
842 1477 997 1550 nostra.
1026 1471 1111 1550 Sed
1135 1475 1170 1550 si
1185 1473 1274 1576 ipse

180 1599 412 1701 imperator
457 1601 622 1697 peteret
650 1594 764 1698 quod
791 1595 1054 1682 faceremus,
1084 1595 1122 1672 si
1149 1595 1273 1674 habe·

129 1747 132 1757 ·
181 1728 248 1799 ret
274 1741 473 1820 guerram
501 1743 596 1800 eum
625 1718 794 1818 aliquo,
835 1723 933 1796 tune
976 1717 1095 1795 dieas
1121 1725 1163 1794 et
1189 1739 1273 1794 res·

179 1839 390 1943 pendeas,
418 1837 534 1941 quod
561 1834 714 1914 habeat
740 1859 937 1936 guerram
965 1861 1060 1913 oum
1090 1859 1275 1938 quoeun—

180 1979 264 2060 que
292 1956 417 2052 velit,
448 1957 679 2036 dominatio
708 1965 853 2034 nostra
881 1964 947 2034 est
974 1956 1178 2060 disposita
1205 1956 1273 2034 ha·

178 2076 283 2158 bere
313 2083 357 2154 e't
381 2077 526 2154 vivere
565 2076 605 2154 io
633 2097 741 2178 paee
782 2099 951 2162 seeum,
992 2083 1138 2154 verum
1181 2078 1275 2176 quia

179 2221 263 2279 non
292 2199 574 2278 observantur
601 2194 810 2274 nobisilia
831 2199 1163 2299 quae'promissa
1191 2197 1274 2274 tue·

179 2324 276 2400 runt
301 2341 381 2422 per
408 2341 519 2406 eum,
548 2325 595 2394 ut
623 2315 782 2396 videbis
806 2341 888 2420 per
906 2319 1074 2422 eopiam
1104 2339 1274 2422 compo·

179 2439 343 2518 sidonis
391 2429 597 2517 tractatae
639 2437 739 2518 aliar
779 2461 924 2518 seeum
964 2463 1044 2540 per
1083 2449 1273 2518 nostrum

178 2569 408 2650 oratorem,
436 2564 490 2640 de
521 2561 673 2662 quibus
703 2559 898 2638 omnibus
923 2559 1099 2638 habebis
1136 2562 1180 2638 in
1209 2561 1275 2639 iti-

177 2685 390 2784 groponte
419 2681 581 2783 plenam
611 2678 979 2771 informationem,
1021 2682 1275 2762 eomittimus

178 2801 268 2894 tibi,
297 2802 411 2902 quod
427 2798 569 2878 habita
583 2800 695 2880 diota
709 2800 1008 2879 informatione
1038 2801 1078 2878 in
1105 2800 1276 2900 Nigro·

177 2931 365 3027 ponte
393 2943 605 3023 procures
632 2915 725 3020 toto
755 2943 903 3022 posse,
932 2923 1044 3022 quod
1072 2922 1140 2998 iiia
1169 2945 1274 3023 quae

177 3047 337 3122 restant
362 3041 483 3122 nobis
511 3040 603 3119 fieri
620 3049 664 3120 et
679 3039 910 3126 observari,
940 3041 1219 3120 effectualiter
1234 3051 1276 3122 et

177 3159 364 3244 totaliter
392 3159 694 3250 observentur3

282 3298 483 3378 Ceterum
519 3301 630 3380 sieut
670 3309 810 3404 potest
838 3327 934 3379 esse
962 3303 1177 3380 notorium
1208 3325 1275 3404 ex·

177 3417 403 3496 oetientiae
432 3441 545 3508 suae,
573 3424 655 3499 iam
671 3423 806 3499 mutto
831 3429 1026 3522 tempore
1054 3421 1275 3500 habuimus

177 3537 368 3616 eivitates
395 3547 437 3616 et
465 3541 683 3640 territoria
712 3541 971 3639 soutari,
1009 3542 1275 3620 Drivasti

177 3666 224 3737 et
250 3659 428 3736 aliorum
456 3661 649 3738 iocorum
678 3663 861 3765 partium
890 3665 942 3740 de
969 3662 1080 3754 inde,
1107 3663 1273 3740 adomi-

177 3801 236 3855 no
264 3775 530 3879 (ie-argio
569 3779 939 3869 Strazamiri,
968 3789 1178 3882 tamquam
1206 3781 1272 3859 doz

178 3899 293 3977 mino
323 3899 516 3980 ioeorum
543 3901 859 4002 predictorum
897 3887 974 4003 pro
1003 3909 1118 3981 certa
1147 3924 1273 4005 peeu·

178 4016 273 4096 niae
301 4022 552 4120 quantitate,
595 4045 704 4123 quae
734 4024 829 4100 ioea
856 4019 1122 4126 possedimus
1151 4021 1271 4100 etad

180 4163 358 4244 presens
385 4143 655 4245 possidemus
681 4143 860 4246 panitiae
877 4138 1089 4245 etquiete.
1109 4145 1272 4224 ‘Eutre-

178 4281 286 4347 rum,
313 4265 411 4363 quia
430 4270 495 4341 eet
520 4266 636 4344 oiroa
651 4286 780 4342 annus
810 4265 924 4367 quod
951 4263 1109 4340 Balsa
1137 4263 1276 4365 Stra·

180 4384 388 4463 osmiri
418 4383 528 4464 iiiios
557 4385 983 4468 condamdomini
1024 4383 1272 4482 Georgii
1361 4395 1363 4401 ’

1024 4509 1068 4570 aa
