<?xml version="1.0" encoding="UTF-8"?>
<!DOCTYPE html PUBLIC "-//W3C//DTD XHTML 1.0 Transitional//EN"
    "http://www.w3.org/TR/xhtml1/DTD/xhtml1-transitional.dtd">
<html xmlns="http://www.w3.org/1999/xhtml" xml:lang="en" lang="en">
 <head>
  <title>
</title>
<meta http-equiv="Content-Type" content="text/html;charset=utf-8" />
  <meta name='ocr-system' content='tesseract 3.04.00' />
  <meta name='ocr-capabilities' content='ocr_page ocr_carea ocr_par ocr_line ocrx_word'/>
</head>
<body>
  <div class='ocr_page' id='page_1' title='image "./actaarchivivene00sergoog_0639.png"; bbox 0 0 3234 5116; ppageno 0'>
   <div class='ocr_carea' id='block_1_1' title="bbox 116 599 1323 1903">
    <p class='ocr_par' dir='ltr' id='par_1_1' title="bbox 116 599 1323 1903">
     <span class='ocr_line' id='line_1_1' title="bbox 143 599 1236 706; baseline 0.003 -27"><span class='ocrx_word' id='word_1_1' title='bbox 143 627 239 679; x_wconf 89' lang='lat' dir='ltr'><strong>cum</strong></span> <span class='ocrx_word' id='word_1_2' title='bbox 280 601 424 679; x_wconf 82' lang='lat' dir='ltr'><strong>verbis</strong></span> <span class='ocrx_word' id='word_1_3' title='bbox 456 599 788 704; x_wconf 86' lang='lat' dir='ltr'><strong>pertinentibus,</strong></span> <span class='ocrx_word' id='word_1_4' title='bbox 831 601 986 681; x_wconf 72' lang='lat' dir='ltr'><strong>debens</strong></span> <span class='ocrx_word' id='word_1_5' title='bbox 1015 629 1236 706; x_wconf 80' lang='lat' dir='ltr'>exponere</span> 
     </span>
     <span class='ocr_line' id='line_1_2' title="bbox 143 723 1236 824; baseline 0 -22"><span class='ocrx_word' id='word_1_6' title='bbox 143 747 312 801; x_wconf 80' lang='lat' dir='ltr'><strong>causam</strong></span> <span class='ocrx_word' id='word_1_7' title='bbox 342 723 623 800; x_wconf 73' lang='lat' dir='ltr'><strong>tui&#39;eccessus</strong></span> <span class='ocrx_word' id='word_1_8' title='bbox 649 724 701 800; x_wconf 82' lang='lat' dir='ltr'><strong>od</strong></span> <span class='ocrx_word' id='word_1_9' title='bbox 729 723 1009 824; x_wconf 79' lang='lat' dir='ltr'><strong>praesentiam</strong></span> <span class='ocrx_word' id='word_1_10' title='bbox 1038 724 1139 802; x_wconf 90' lang='lat' dir='ltr'><strong>dicti</strong></span> <span class='ocrx_word' id='word_1_11' title='bbox 1167 724 1236 802; x_wconf 93' lang='lat' dir='ltr'><strong>do·</strong></span> 
     </span>
     <span class='ocr_line' id='line_1_3' title="bbox 142 841 1236 942; baseline 0.001 -22"><span class='ocrx_word' id='word_1_12' title='bbox 142 843 242 920; x_wconf 92' lang='lat' dir='ltr'><strong>mini</strong></span> <span class='ocrx_word' id='word_1_13' title='bbox 270 843 390 921; x_wconf 86' lang='lat' dir='ltr'><strong>ducis</strong></span> <span class='ocrx_word' id='word_1_14' title='bbox 419 841 590 929; x_wconf 82' lang='lat' dir='ltr'><strong>Raxioe,</strong></span> <span class='ocrx_word' id='word_1_15' title='bbox 620 848 662 919; x_wconf 89' lang='lat' dir='ltr'><strong>et</strong></span> <span class='ocrx_word' id='word_1_16' title='bbox 691 842 871 921; x_wconf 91' lang='lat' dir='ltr'><strong>eundem</strong></span> <span class='ocrx_word' id='word_1_17' title='bbox 899 865 1070 942; x_wconf 84' lang='lat' dir='ltr'><strong>rogare,</strong></span> <span class='ocrx_word' id='word_1_18' title='bbox 1099 849 1144 921; x_wconf 86' lang='lat' dir='ltr'><strong>nt</strong></span> <span class='ocrx_word' id='word_1_19' title='bbox 1171 869 1236 922; x_wconf 86' lang='lat' dir='ltr'><strong>ve·</strong></span> 
     </span>
     <span class='ocr_line' id='line_1_4' title="bbox 144 947 1240 1068; baseline 0.001 -28"><span class='ocrx_word' id='word_1_20' title='bbox 144 965 191 1041; x_wconf 86' lang='lat' dir='ltr'><strong>iit</strong></span> <span class='ocrx_word' id='word_1_21' title='bbox 206 987 299 1039; x_wconf 85' lang='lat' dir='ltr'><strong>esse</strong></span> <span class='ocrx_word' id='word_1_22' title='bbox 314 953 523 1064; x_wconf 87' lang='lat' dir='ltr'><strong>propituis</strong></span> <span class='ocrx_word' id='word_1_23' title='bbox 538 959 648 1064; x_wconf 81' lang='lat' dir='ltr'><strong>apud</strong></span> <span class='ocrx_word' id='word_1_24' title='bbox 663 959 821 1038; x_wconf 89' lang='lat' dir='ltr'><strong>dictum</strong></span> <span class='ocrx_word' id='word_1_25' title='bbox 839 947 1056 1040; x_wconf 88' lang='lat' dir='ltr'><strong>dominum</strong></span> <span class='ocrx_word' id='word_1_26' title='bbox 1068 963 1240 1068; x_wconf 86' lang='lat' dir='ltr'><strong>ducem,</strong></span> 
     </span>
     <span class='ocr_line' id='line_1_5' title="bbox 143 1079 1185 1185; baseline 0.003 -26"><span class='ocrx_word' id='word_1_27' title='bbox 143 1081 258 1185; x_wconf 91' lang='lat' dir='ltr'><strong>quod</strong></span> <span class='ocrx_word' id='word_1_28' title='bbox 283 1083 420 1184; x_wconf 87' lang='lat' dir='ltr'><strong>possis</strong></span> <span class='ocrx_word' id='word_1_29' title='bbox 447 1079 727 1160; x_wconf 89' lang='lat' dir='ltr'><strong>intentionem</strong></span> <span class='ocrx_word' id='word_1_30' title='bbox 755 1087 945 1161; x_wconf 82' lang='lat' dir='ltr'><strong>nostram</strong></span> <span class='ocrx_word' id='word_1_31' title='bbox 974 1082 1185 1163; x_wconf 91' lang='lat' dir='ltr'><strong>obtinere.</strong></span> 
     </span>
     <span class='ocr_line' id='line_1_6' title="bbox 244 1199 1241 1302; baseline 0.006 -24"><span class='ocrx_word' id='word_1_32' title='bbox 244 1199 629 1302; x_wconf 83' lang='lat' dir='ltr'><strong>insuper-fecimus</strong></span> <span class='ocrx_word' id='word_1_33' title='bbox 657 1199 731 1278; x_wconf 89' lang='lat' dir='ltr'><strong>tibi</strong></span> <span class='ocrx_word' id='word_1_34' title='bbox 759 1201 849 1279; x_wconf 77' lang='lat' dir='ltr'><strong>dari</strong></span> <span class='ocrx_word' id='word_1_35' title='bbox 877 1210 997 1281; x_wconf 83' lang='lat' dir='ltr'><strong>certa</strong></span> <span class='ocrx_word' id='word_1_36' title='bbox 1034 1207 1241 1297; x_wconf 79' lang='lat' dir='ltr'><strong>exenio,</strong></span> 
     </span>
     <span class='ocr_line' id='line_1_7' title="bbox 116 1319 1240 1426; baseline 0.002 -26"><span class='ocrx_word' id='word_1_37' title='bbox 116 1322 346 1426; x_wconf 78' lang='lat' dir='ltr'><strong>&#39;portando</strong></span> <span class='ocrx_word' id='word_1_38' title='bbox 373 1321 489 1402; x_wconf 88' lang='lat' dir='ltr'><strong>dicto</strong></span> <span class='ocrx_word' id='word_1_39' title='bbox 519 1319 691 1399; x_wconf 90' lang='lat' dir='ltr'><strong>domiuo</strong></span> <span class='ocrx_word' id='word_1_40' title='bbox 720 1321 787 1398; x_wconf 90' lang='lat' dir='ltr'><strong>du</strong></span> <span class='ocrx_word' id='word_1_41' title='bbox 806 1324 858 1402; x_wconf 90' lang='lat' dir='ltr'><strong>ci</strong></span> <span class='ocrx_word' id='word_1_42' title='bbox 886 1321 1160 1418; x_wconf 75' lang='lat' dir='ltr'><strong>Rassiue,</strong></span> <span class='ocrx_word' id='word_1_43' title='bbox 1197 1331 1240 1402; x_wconf 89' lang='lat' dir='ltr'><strong>et</strong></span> 
     </span>
     <span class='ocr_line' id='line_1_8' title="bbox 143 1437 1239 1546; baseline 0.009 -28"><span class='ocrx_word' id='word_1_44' title='bbox 143 1443 339 1522; x_wconf 88' lang='lat' dir='ltr'><strong>volumus</strong></span> <span class='ocrx_word' id='word_1_45' title='bbox 380 1437 510 1542; x_wconf 85' lang='lat' dir='ltr'><strong>quod¹</strong></span> <span class='ocrx_word' id='word_1_46' title='bbox 537 1441 706 1542; x_wconf 76' lang='lat' dir='ltr'><strong>quando</strong></span> <span class='ocrx_word' id='word_1_47' title='bbox 749 1440 827 1519; x_wconf 85' lang='lat' dir='ltr'>ibis</span> <span class='ocrx_word' id='word_1_48' title='bbox 865 1441 917 1520; x_wconf 83' lang='lat' dir='ltr'><strong>ed</strong></span> <span class='ocrx_word' id='word_1_49' title='bbox 952 1445 1239 1546; x_wconf 72' lang='lat' dir='ltr'><strong>praesentiam</strong></span> 
     </span>
     <span class='ocr_line' id='line_1_9' title="bbox 145 1559 1238 1668; baseline 0.003 -28"><span class='ocrx_word' id='word_1_50' title='bbox 145 1564 245 1642; x_wconf 87' lang='lat' dir='ltr'><strong>dicti</strong></span> <span class='ocrx_word' id='word_1_51' title='bbox 273 1564 430 1642; x_wconf 89' lang='lat' dir='ltr'><strong>domini</strong></span> <span class='ocrx_word' id='word_1_52' title='bbox 458 1562 600 1650; x_wconf 89' lang='lat' dir='ltr'><strong>ducis,</strong></span> <span class='ocrx_word' id='word_1_53' title='bbox 636 1559 803 1642; x_wconf 82' lang='lat' dir='ltr'><strong>debeas·</strong></span> <span class='ocrx_word' id='word_1_54' title='bbox 823 1563 933 1643; x_wconf 82' lang='lat' dir='ltr'><strong>dicte</strong></span> <span class='ocrx_word' id='word_1_55' title='bbox 963 1565 1120 1643; x_wconf 81' lang='lat' dir='ltr'><strong>exenio</strong></span> <span class='ocrx_word' id='word_1_56' title='bbox 1149 1589 1238 1668; x_wconf 85' lang='lat' dir='ltr'><strong>pre-</strong></span> 
     </span>
     <span class='ocr_line' id='line_1_10' title="bbox 142 1681 1239 1786; baseline 0.003 -27"><span class='ocrx_word' id='word_1_57' title='bbox 142 1687 325 1761; x_wconf 82' lang='lat' dir='ltr'><strong>sentare.</strong></span> <span class='ocrx_word' id='word_1_58' title='bbox 352 1685 513 1760; x_wconf 91' lang='lat' dir='ltr'><strong>Verum</strong></span> <span class='ocrx_word' id='word_1_59' title='bbox 541 1684 576 1760; x_wconf 86' lang='lat' dir='ltr'><strong>si</strong></span> <span class='ocrx_word' id='word_1_60' title='bbox 604 1681 660 1760; x_wconf 90' lang='lat' dir='ltr'><strong>ibi</strong></span> <span class='ocrx_word' id='word_1_61' title='bbox 688 1684 770 1759; x_wconf 91' lang='lat' dir='ltr'><strong>erit</strong></span> <span class='ocrx_word' id='word_1_62' title='bbox 796 1682 992 1762; x_wconf 91' lang='lat' dir='ltr'><strong>dominus</strong></span> <span class='ocrx_word' id='word_1_63' title='bbox 1020 1684 1239 1786; x_wconf 79' lang='lat' dir='ltr'><strong>Georgi-</strong></span> 
     </span>
     <span class='ocr_line' id='line_1_11' title="bbox 145 1801 1323 1903; baseline -0.001 -19"><span class='ocrx_word' id='word_1_64' title='bbox 145 1830 208 1884; x_wconf 90' lang='lat' dir='ltr'><strong>us</strong></span> <span class='ocrx_word' id='word_1_65' title='bbox 236 1803 394 1882; x_wconf 88' lang='lat' dir='ltr'><strong>domini</strong></span> <span class='ocrx_word' id='word_1_66' title='bbox 420 1801 638 1890; x_wconf 88' lang='lat' dir='ltr'><strong>Voichi‚</strong></span> <span class='ocrx_word' id='word_1_67' title='bbox 667 1803 939 1903; x_wconf 77' lang='lat' dir='ltr'><strong>relinquimus</strong></span> <span class='ocrx_word' id='word_1_68' title='bbox 968 1804 1011 1881; x_wconf 82' lang='lat' dir='ltr'><strong>in&#39;</strong></span> <span class='ocrx_word' id='word_1_69' title='bbox 1041 1806 1238 1884; x_wconf 76' lang='lat' dir='ltr'><strong>libertate</strong></span> <span class='ocrx_word' id='word_1_70' title='bbox 1321 1859 1323 1873; x_wconf 77' lang='grc'>.</span> 
     </span>
    </p>
   </div>
   <div class='ocr_carea' id='block_1_2' title="bbox 7 1923 1238 2027">
    <p class='ocr_par' dir='ltr' id='par_1_2' title="bbox 7 1923 1238 2027">
     <span class='ocr_line' id='line_1_12' title="bbox 7 1923 1238 2027; baseline -0.001 -22"><span class='ocrx_word' id='word_1_71' title='bbox 7 1979 8 1982; x_wconf 21' lang='lat'>¹</span> <span class='ocrx_word' id='word_1_72' title='bbox 146 1935 229 2018; x_wconf 82' lang='lat' dir='ltr'><strong>tua,</strong></span> <span class='ocrx_word' id='word_1_73' title='bbox 245 1923 542 2027; x_wconf 81' lang='lat' dir='ltr'><strong>praesentandi</strong></span> <span class='ocrx_word' id='word_1_74' title='bbox 560 1924 676 2003; x_wconf 88' lang='lat' dir='ltr'><strong>dicto</strong></span> <span class='ocrx_word' id='word_1_75' title='bbox 692 1924 864 2003; x_wconf 91' lang='lat' dir='ltr'><strong>domino</strong></span> <span class='ocrx_word' id='word_1_76' title='bbox 880 1924 1067 2026; x_wconf 81' lang='lat' dir='ltr'><strong>Georgio</strong></span> <span class='ocrx_word' id='word_1_77' title='bbox 1092 1951 1238 2006; x_wconf 83' lang='lat' dir='ltr'><strong>unum</strong></span> 
     </span>
    </p>
   </div>
   <div class='ocr_carea' id='block_1_3' title="bbox 144 2045 1266 4202">
    <p class='ocr_par' dir='ltr' id='par_1_3' title="bbox 144 2045 1266 4202">
     <span class='ocr_line' id='line_1_13' title="bbox 144 2045 1245 2150; baseline 0.001 -27"><span class='ocrx_word' id='word_1_78' title='bbox 144 2045 365 2150; x_wconf 79' lang='lat' dir='ltr'><strong>petiam</strong></span> <span class='ocrx_word' id='word_1_79' title='bbox 392 2045 719 2122; x_wconf 18' lang='lat' dir='ltr'><strong>velxutinon</strong></span> <span class='ocrx_word' id='word_1_80' title='bbox 747 2047 1001 2134; x_wconf 78' lang='lat' dir='ltr'><strong>arrreeti,</strong></span> <span class='ocrx_word' id='word_1_81' title='bbox 1030 2049 1134 2124; x_wconf 88' lang='lat' dir='ltr'><strong>etsi</strong></span> <span class='ocrx_word' id='word_1_82' title='bbox 1164 2048 1245 2125; x_wconf 85' lang='lat' dir='ltr'><strong>tibi</strong></span> 
     </span>
     <span class='ocr_line' id='line_1_14' title="bbox 145 2165 1266 2270; baseline 0.002 -26"><span class='ocrx_word' id='word_1_83' title='bbox 145 2191 230 2244; x_wconf 90' lang='lat' dir='ltr'><strong>non</strong></span> <span class='ocrx_word' id='word_1_84' title='bbox 259 2166 470 2254; x_wconf 90' lang='lat' dir='ltr'><strong>videbitur</strong></span> <span class='ocrx_word' id='word_1_85' title='bbox 498 2165 551 2242; x_wconf 90' lang='lat' dir='ltr'><strong>de</strong></span> <span class='ocrx_word' id='word_1_86' title='bbox 567 2165 876 2265; x_wconf 81' lang='lat' dir='ltr'><strong>praesentando</strong></span> <span class='ocrx_word' id='word_1_87' title='bbox 906 2166 1061 2245; x_wconf 82' lang='lat' dir='ltr'><strong>dictem</strong></span> <span class='ocrx_word' id='word_1_88' title='bbox 1081 2167 1237 2270; x_wconf 83' lang='lat' dir='ltr'><strong>petiam</strong></span> <span class='ocrx_word' id='word_1_89' title='bbox 1260 2225 1266 2232; x_wconf 79' lang='lat'>·</span> 
     </span>
     <span class='ocr_line' id='line_1_15' title="bbox 144 2285 1239 2386; baseline 0.002 -22"><span class='ocrx_word' id='word_1_90' title='bbox 144 2287 279 2366; x_wconf 86' lang='lat' dir='ltr'><strong>veluti</strong></span> <span class='ocrx_word' id='word_1_91' title='bbox 320 2290 434 2367; x_wconf 87' lang='lat' dir='ltr'><strong>dicto</strong></span> <span class='ocrx_word' id='word_1_92' title='bbox 476 2286 648 2364; x_wconf 91' lang='lat' dir='ltr'><strong>domino</strong></span> <span class='ocrx_word' id='word_1_93' title='bbox 692 2285 903 2386; x_wconf 64' lang='lat' dir='ltr'><strong>Georgo,</strong></span> <span class='ocrx_word' id='word_1_94' title='bbox 944 2288 1085 2367; x_wconf 84' lang='lat' dir='ltr'><strong>omnia</strong></span> <span class='ocrx_word' id='word_1_95' title='bbox 1126 2289 1239 2368; x_wconf 82' lang='lat' dir='ltr'><strong>dicte</strong></span> 
     </span>
     <span class='ocr_line' id='line_1_16' title="bbox 145 2407 1237 2512; baseline 0 -22"><span class='ocrx_word' id='word_1_96' title='bbox 145 2409 296 2490; x_wconf 84' lang='lat' dir='ltr'><strong>exenio</strong></span> <span class='ocrx_word' id='word_1_97' title='bbox 324 2409 483 2486; x_wconf 80' lang='lat' dir='ltr'><strong>debeas</strong></span> <span class='ocrx_word' id='word_1_98' title='bbox 512 2407 625 2486; x_wconf 88' lang='lat' dir='ltr'><strong>dicto</strong></span> <span class='ocrx_word' id='word_1_99' title='bbox 643 2407 814 2486; x_wconf 91' lang='lat' dir='ltr'><strong>domino</strong></span> <span class='ocrx_word' id='word_1_100' title='bbox 836 2408 934 2486; x_wconf 90' lang='lat' dir='ltr'><strong>duci</strong></span> <span class='ocrx_word' id='word_1_101' title='bbox 947 2415 1237 2512; x_wconf 78' lang='lat' dir='ltr'><strong>praesentare.</strong></span> 
     </span>
     <span class='ocr_line' id='line_1_17' title="bbox 247 2527 1236 2634; baseline 0.004 -30"><span class='ocrx_word' id='word_1_102' title='bbox 247 2527 300 2606; x_wconf 85' lang='lat' dir='ltr'><strong>Et</strong></span> <span class='ocrx_word' id='word_1_103' title='bbox 327 2551 380 2604; x_wconf 82' lang='lat' dir='ltr'><strong>ex</strong></span> <span class='ocrx_word' id='word_1_104' title='bbox 407 2551 518 2605; x_wconf 89' lang='lat' dir='ltr'><strong>nuno</strong></span> <span class='ocrx_word' id='word_1_105' title='bbox 547 2533 715 2630; x_wconf 83' lang='lat' dir='ltr'><strong>coptum</strong></span> <span class='ocrx_word' id='word_1_106' title='bbox 732 2528 797 2612; x_wconf 87' lang='lat' dir='ltr'><strong>sit,</strong></span> <span class='ocrx_word' id='word_1_107' title='bbox 822 2529 936 2627; x_wconf 90' lang='lat' dir='ltr'><strong>quod</strong></span> <span class='ocrx_word' id='word_1_108' title='bbox 965 2531 1236 2634; x_wconf 74' lang='lat' dir='ltr'><strong>copioprae-</strong></span> 
     </span>
     <span class='ocr_line' id='line_1_18' title="bbox 144 2646 1240 2746; baseline 0.001 -18"><span class='ocrx_word' id='word_1_109' title='bbox 144 2647 277 2728; x_wconf 86' lang='lat' dir='ltr'><strong>scutis</strong></span> <span class='ocrx_word' id='word_1_110' title='bbox 299 2647 576 2746; x_wconf 70' lang='lat' dir='ltr'><strong>&#39;comissionis</strong></span> <span class='ocrx_word' id='word_1_111' title='bbox 603 2646 794 2726; x_wconf 83' lang='lat' dir='ltr'><strong>mittatur</strong></span> <span class='ocrx_word' id='word_1_112' title='bbox 821 2647 1062 2727; x_wconf 88' lang='lat' dir='ltr'><strong>rectoribus</strong></span> <span class='ocrx_word' id='word_1_113' title='bbox 1084 2651 1240 2729; x_wconf 88' lang='lat' dir='ltr'><strong>nostris</strong></span> 
     </span>
     <span class='ocr_line' id='line_1_19' title="bbox 146 2767 1239 2870; baseline 0.004 -24"><span class='ocrx_word' id='word_1_114' title='bbox 146 2767 390 2856; x_wconf 78' lang='lat' dir='ltr'><strong>Seniani,</strong></span> <span class='ocrx_word' id='word_1_115' title='bbox 419 2773 469 2846; x_wconf 45' lang='lat' dir='ltr'><strong>et¹</strong></span> <span class='ocrx_word' id='word_1_116' title='bbox 487 2769 614 2846; x_wconf 85' lang='lat' dir='ltr'><strong>detur</strong></span> <span class='ocrx_word' id='word_1_117' title='bbox 642 2767 705 2846; x_wconf 90' lang='lat' dir='ltr'><strong>eis</strong></span> <span class='ocrx_word' id='word_1_118' title='bbox 735 2767 925 2855; x_wconf 77' lang='lat' dir='ltr'><strong>libertus,</strong></span> <span class='ocrx_word' id='word_1_119' title='bbox 954 2773 1130 2870; x_wconf 89' lang='lat' dir='ltr'><strong>quodsi</strong></span> <span class='ocrx_word' id='word_1_120' title='bbox 1158 2773 1239 2850; x_wconf 90' lang='lat' dir='ltr'><strong>dic-</strong></span> 
     </span>
     <span class='ocr_line' id='line_1_20' title="bbox 147 2886 1238 2992; baseline -0.001 -23"><span class='ocrx_word' id='word_1_121' title='bbox 147 2901 213 2969; x_wconf 90' lang='lat' dir='ltr'><strong>tus</strong></span> <span class='ocrx_word' id='word_1_122' title='bbox 239 2911 309 2968; x_wconf 91' lang='lat' dir='ltr'><strong>ser</strong></span> <span class='ocrx_word' id='word_1_123' title='bbox 337 2888 506 2966; x_wconf 84' lang='lat' dir='ltr'><strong>Murcus</strong></span> <span class='ocrx_word' id='word_1_124' title='bbox 536 2887 763 2966; x_wconf 77' lang='lat' dir='ltr'><strong>recederet</strong></span> <span class='ocrx_word' id='word_1_125' title='bbox 791 2887 832 2962; x_wconf 89' lang='lat' dir='ltr'><strong>in</strong></span> <span class='ocrx_word' id='word_1_126' title='bbox 846 2886 1070 2980; x_wconf 85' lang='lat' dir='ltr'><strong>discordia,</strong></span> <span class='ocrx_word' id='word_1_127' title='bbox 1084 2895 1127 2969; x_wconf 87' lang='lat' dir='ltr'><strong>et</strong></span> <span class='ocrx_word' id='word_1_128' title='bbox 1141 2899 1238 2992; x_wconf 89' lang='lat' dir='ltr'><strong>post</strong></span> 
     </span>
     <span class='ocr_line' id='line_1_21' title="bbox 146 3007 1236 3112; baseline 0.001 -25"><span class='ocrx_word' id='word_1_129' title='bbox 146 3035 370 3090; x_wconf 88' lang='lat' dir='ltr'><strong>recessum·</strong></span> <span class='ocrx_word' id='word_1_130' title='bbox 392 3008 494 3087; x_wconf 91' lang='lat' dir='ltr'><strong>dicti</strong></span> <span class='ocrx_word' id='word_1_131' title='bbox 507 3033 579 3088; x_wconf 87' lang='lat' dir='ltr'><strong>ser</strong></span> <span class='ocrx_word' id='word_1_132' title='bbox 594 3007 727 3087; x_wconf 83' lang='lat' dir='ltr'><strong>Merui</strong></span> <span class='ocrx_word' id='word_1_133' title='bbox 755 3009 947 3086; x_wconf 83' lang='lat' dir='ltr'><strong>venirent</strong></span> <span class='ocrx_word' id='word_1_134' title='bbox 975 3011 1027 3088; x_wconf 84' lang='lat' dir='ltr'><strong>ed</strong></span> <span class='ocrx_word' id='word_1_135' title='bbox 1056 3010 1236 3112; x_wconf 81' lang='lat' dir='ltr'><strong>aliquem</strong></span> 
     </span>
     <span class='ocr_line' id='line_1_22' title="bbox 146 3113 1242 3234; baseline 0.002 -26"><span class='ocrx_word' id='word_1_136' title='bbox 146 3129 349 3233; x_wconf 82' lang='lat' dir='ltr'><strong>praticam</strong></span> <span class='ocrx_word' id='word_1_137' title='bbox 376 3131 493 3234; x_wconf 83' lang='lat' dir='ltr'><strong>pacis</strong></span> <span class='ocrx_word' id='word_1_138' title='bbox 521 3132 585 3210; x_wconf 86' lang='lat' dir='ltr'><strong>vei</strong></span> <span class='ocrx_word' id='word_1_139' title='bbox 615 3137 792 3228; x_wconf 81' lang='lat' dir='ltr'><strong>treugue</strong></span> <span class='ocrx_word' id='word_1_140' title='bbox 836 3154 931 3207; x_wconf 88' lang='lat' dir='ltr'><strong>cum</strong></span> <span class='ocrx_word' id='word_1_141' title='bbox 961 3129 1075 3209; x_wconf 85' lang='lat' dir='ltr'><strong>dicto</strong></span> <span class='ocrx_word' id='word_1_142' title='bbox 1105 3113 1242 3210; x_wconf 79' lang='lat' dir='ltr'><strong>domi·¹</strong></span> 
     </span>
     <span class='ocr_line' id='line_1_23' title="bbox 147 3251 1239 3355; baseline 0.002 -25"><span class='ocrx_word' id='word_1_143' title='bbox 147 3279 203 3330; x_wconf 93' lang='lat' dir='ltr'><strong>no</strong></span> <span class='ocrx_word' id='word_1_144' title='bbox 233 3253 343 3332; x_wconf 89' lang='lat' dir='ltr'><strong>duce</strong></span> <span class='ocrx_word' id='word_1_145' title='bbox 370 3251 540 3338; x_wconf 75' lang='lat' dir='ltr'><strong>flexiae,</strong></span> <span class='ocrx_word' id='word_1_146' title='bbox 568 3253 733 3355; x_wconf 86' lang='lat' dir='ltr'><strong>possint</strong></span> <span class='ocrx_word' id='word_1_147' title='bbox 759 3275 909 3353; x_wconf 82' lang='lat' dir='ltr'><strong>paoem</strong></span> <span class='ocrx_word' id='word_1_148' title='bbox 936 3252 1005 3328; x_wconf 87' lang='lat' dir='ltr'><strong>vei</strong></span> <span class='ocrx_word' id='word_1_149' title='bbox 1037 3259 1239 3354; x_wconf 79' lang='lat' dir='ltr'><strong>treuguas</strong></span> 
     </span>
     <span class='ocr_line' id='line_1_24' title="bbox 148 3369 1238 3454; baseline -0.002 -2"><span class='ocrx_word' id='word_1_150' title='bbox 148 3373 407 3452; x_wconf 83' lang='lat' dir='ltr'><strong>concludere</strong></span> <span class='ocrx_word' id='word_1_151' title='bbox 434 3371 676 3452; x_wconf 61' lang='lat' dir='ltr'><strong>secundum,</strong></span> <span class='ocrx_word' id='word_1_152' title='bbox 693 3371 993 3450; x_wconf 80' lang='lat' dir='ltr'><strong>continentiam</strong></span> <span class='ocrx_word' id='word_1_153' title='bbox 1018 3369 1155 3452; x_wconf 83' lang='lat' dir='ltr'><strong>dictae</strong></span> <span class='ocrx_word' id='word_1_154' title='bbox 1172 3397 1238 3454; x_wconf 91' lang='lat' dir='ltr'><strong>co·</strong></span> 
     </span>
     <span class='ocr_line' id='line_1_25' title="bbox 148 3493 1238 3596; baseline 0 -24"><span class='ocrx_word' id='word_1_155' title='bbox 148 3493 371 3576; x_wconf 86' lang='lat' dir='ltr'><strong>missionis.</strong></span> <span class='ocrx_word' id='word_1_156' title='bbox 414 3495 529 3574; x_wconf 84' lang='lat' dir='ltr'><strong>Etsi</strong></span> <span class='ocrx_word' id='word_1_157' title='bbox 558 3519 678 3575; x_wconf 82' lang='lat' dir='ltr'><strong>cesus</strong></span> <span class='ocrx_word' id='word_1_158' title='bbox 705 3495 835 3584; x_wconf 82' lang='lat' dir='ltr'><strong>daret,</strong></span> <span class='ocrx_word' id='word_1_159' title='bbox 864 3495 979 3596; x_wconf 85' lang='lat' dir='ltr'><strong>quod</strong></span> <span class='ocrx_word' id='word_1_160' title='bbox 1007 3493 1118 3579; x_wconf 81' lang='lat' dir='ltr'><strong>diota</strong></span> <span class='ocrx_word' id='word_1_161' title='bbox 1145 3517 1238 3596; x_wconf 82' lang='lat' dir='ltr'><strong>pra·</strong></span> 
     </span>
     <span class='ocr_line' id='line_1_26' title="bbox 149 3603 1238 3720; baseline 0.001 -29"><span class='ocrx_word' id='word_1_162' title='bbox 149 3615 231 3693; x_wconf 85' lang='lat' dir='ltr'><strong>tica</strong></span> <span class='ocrx_word' id='word_1_163' title='bbox 270 3613 394 3695; x_wconf 88' lang='lat' dir='ltr'><strong>tieret</strong></span> <span class='ocrx_word' id='word_1_164' title='bbox 421 3603 518 3696; x_wconf 85' lang='lat' dir='ltr'><strong>alibi</strong></span> <span class='ocrx_word' id='word_1_165' title='bbox 560 3643 683 3720; x_wconf 82' lang='lat' dir='ltr'><strong>quam</strong></span> <span class='ocrx_word' id='word_1_166' title='bbox 711 3619 752 3695; x_wconf 91' lang='lat' dir='ltr'><strong>in</strong></span> <span class='ocrx_word' id='word_1_167' title='bbox 781 3616 990 3706; x_wconf 81' lang='lat' dir='ltr'><strong>Scotoro,</strong></span> <span class='ocrx_word' id='word_1_168' title='bbox 1029 3617 1096 3694; x_wconf 82' lang='lat' dir='ltr'><strong>vel</strong></span> <span class='ocrx_word' id='word_1_169' title='bbox 1124 3613 1238 3717; x_wconf 90' lang='lat' dir='ltr'><strong>quod</strong></span> 
     </span>
     <span class='ocr_line' id='line_1_27' title="bbox 148 3735 1236 3841; baseline 0.002 -29"><span class='ocrx_word' id='word_1_170' title='bbox 148 3743 267 3814; x_wconf 86' lang='lat' dir='ltr'><strong>esset</strong></span> <span class='ocrx_word' id='word_1_171' title='bbox 289 3761 468 3817; x_wconf 89' lang='lat' dir='ltr'><strong>necesse</strong></span> <span class='ocrx_word' id='word_1_172' title='bbox 498 3741 612 3841; x_wconf 91' lang='lat' dir='ltr'><strong>quod</strong></span> <span class='ocrx_word' id='word_1_173' title='bbox 642 3763 747 3817; x_wconf 88' lang='lat' dir='ltr'><strong>unus</strong></span> <span class='ocrx_word' id='word_1_174' title='bbox 776 3761 926 3816; x_wconf 89' lang='lat' dir='ltr'><strong>eorum</strong></span> <span class='ocrx_word' id='word_1_175' title='bbox 962 3739 1045 3815; x_wconf 87' lang='lat' dir='ltr'><strong>iret</strong></span> <span class='ocrx_word' id='word_1_176' title='bbox 1072 3736 1123 3813; x_wconf 82' lang='lat' dir='ltr'><strong>ad</strong></span> <span class='ocrx_word' id='word_1_177' title='bbox 1151 3735 1236 3814; x_wconf 93' lang='lat' dir='ltr'><strong>dic·</strong></span> 
     </span>
     <span class='ocr_line' id='line_1_28' title="bbox 148 3856 1239 3958; baseline -0.005 -22"><span class='ocrx_word' id='word_1_178' title='bbox 148 3867 237 3936; x_wconf 87' lang='lat' dir='ltr'><strong>tum</strong></span> <span class='ocrx_word' id='word_1_179' title='bbox 266 3856 481 3938; x_wconf 90' lang='lat' dir='ltr'><strong>dominum</strong></span> <span class='ocrx_word' id='word_1_180' title='bbox 508 3857 754 3946; x_wconf 69' lang='lat' dir='ltr'><strong>naxiae,</strong></span> <span class='ocrx_word' id='word_1_181' title='bbox 783 3856 1000 3936; x_wconf 85' lang='lat' dir='ltr'><strong>ordinetur</strong></span> <span class='ocrx_word' id='word_1_182' title='bbox 1028 3857 1141 3958; x_wconf 90' lang='lat' dir='ltr'><strong>quod</strong></span> <span class='ocrx_word' id='word_1_183' title='bbox 1169 3877 1239 3932; x_wconf 84' lang='lat' dir='ltr'><strong>ser</strong></span> 
     </span>
     <span class='ocr_line' id='line_1_29' title="bbox 146 3975 1239 4075; baseline -0.001 -21"><span class='ocrx_word' id='word_1_184' title='bbox 146 3975 336 4058; x_wconf 80' lang='lat' dir='ltr'><strong>docobus</strong></span> <span class='ocrx_word' id='word_1_185' title='bbox 379 3980 570 4062; x_wconf 82' lang='lat' dir='ltr'><strong>Daudulo</strong></span> <span class='ocrx_word' id='word_1_186' title='bbox 612 3977 675 4056; x_wconf 89' lang='lat' dir='ltr'><strong>ire</strong></span> <span class='ocrx_word' id='word_1_187' title='bbox 716 3978 896 4075; x_wconf 79' lang='lat' dir='ltr'><strong>debeat,</strong></span> <span class='ocrx_word' id='word_1_188' title='bbox 941 3983 983 4057; x_wconf 89' lang='lat' dir='ltr'><strong>et</strong></span> <span class='ocrx_word' id='word_1_189' title='bbox 1024 4001 1169 4057; x_wconf 90' lang='lat' dir='ltr'><strong>comes</strong></span> <span class='ocrx_word' id='word_1_190' title='bbox 1197 3979 1239 4054; x_wconf 88' lang='lat' dir='ltr'><strong>et</strong></span> 
     </span>
     <span class='ocr_line' id='line_1_30' title="bbox 149 4096 1186 4202; baseline -0.005 -24"><span class='ocrx_word' id='word_1_191' title='bbox 149 4097 392 4202; x_wconf 77' lang='lat' dir='ltr'><strong>capitaneus</strong></span> <span class='ocrx_word' id='word_1_192' title='bbox 421 4107 639 4179; x_wconf 82' lang='lat' dir='ltr'><strong>remaneat</strong></span> <span class='ocrx_word' id='word_1_193' title='bbox 666 4097 716 4175; x_wconf 80' lang='lat' dir='ltr'><strong>ed</strong></span> <span class='ocrx_word' id='word_1_194' title='bbox 746 4097 979 4178; x_wconf 87' lang='lat' dir='ltr'><strong>custodium</strong></span> <span class='ocrx_word' id='word_1_195' title='bbox 1008 4096 1186 4176; x_wconf 81' lang='lat' dir='ltr'><strong>Scutari.</strong></span> 
     </span>
    </p>
   </div>
   <div class='ocr_carea' id='block_1_4' title="bbox 465 4237 1233 4407">
    <p class='ocr_par' dir='ltr' id='par_1_4' title="bbox 391 4237 1233 4407">
     <span class='ocr_line' id='line_1_31' title="bbox 465 4237 1233 4378; baseline -0.001 -73.088"><span class='ocrx_word' id='word_1_196' title='bbox 465 4239 568 4306; x_wconf 82' lang='lat' dir='ltr'><strong>Serr.</strong></span> <span class='ocrx_word' id='word_1_197' title='bbox 594 4237 706 4305; x_wconf 83' lang='lat' dir='ltr'><strong>Cous.</strong></span> <span class='ocrx_word' id='word_1_198' title='bbox 730 4239 821 4326; x_wconf 78' lang='lat' dir='ltr'><strong>Rog.</strong></span> <span class='ocrx_word' id='word_1_199' title='bbox 848 4237 918 4304; x_wconf 86' lang='lat' dir='ltr'><strong>Lib.</strong></span> <span class='ocrx_word' id='word_1_200' title='bbox 944 4237 1041 4378; x_wconf 50' lang='lat' dir='ltr'><strong>Vidi:</strong></span> <span class='ocrx_word' id='word_1_201' title='bbox 1064 4239 1120 4304; x_wconf 87' lang='lat' dir='ltr'><strong>ch.</strong></span> <span class='ocrx_word' id='word_1_202' title='bbox 1142 4239 1186 4304; x_wconf 85' lang='lat'><strong>55</strong></span> <span class='ocrx_word' id='word_1_203' title='bbox 1229 4247 1233 4254; x_wconf 87' lang='grc'><strong>’</strong></span> 
     </span>
     <span class='ocr_line' id='line_1_32' title="bbox 993 4343 1016 4407; baseline 0 0"><span class='ocrx_word' id='word_1_204' title='bbox 993 4343 1016 4407; x_wconf 91' lang='grc'><strong>6</strong></span> 
     </span>
    </p>
   </div>
   <div class='ocr_carea' id='block_1_5' title="bbox 0 0 1627 5116">
    <p class='ocr_par' dir='ltr' id='par_1_5' title="bbox 0 0 1627 5116">
     <span class='ocr_line' id='line_1_33' title="bbox 0 0 1627 5116; baseline 0 0"><span class='ocrx_word' id='word_1_205' title='bbox 0 0 1627 5116; x_wconf 95' lang='lat' dir='ltr'><strong> </strong></span> 
     </span>
    </p>
   </div>
  </div>
 </body>
</html>
