3212 5116
354 393 418 457 nu

358 601 575 676 remaneat
600 597 640 672 in
678 592 869 671 custodia
897 599 940 670 et
974 595 1244 696 protectione
1285 599 1445 678 nostra,

357 727 399 796 et
428 716 541 819 quod
580 721 727 815 gentes
757 715 872 814 regis
901 715 1099 804 nesciae,
1127 737 1234 816 quae
1275 724 1369 794 sunt
1395 715 1444 791 si·

356 839 441 914 mut
471 861 565 916 cum
592 836 749 915 nostris
778 836 818 913 in
848 843 989 915 castro
1019 821 1250 939 praedicto,
1272 834 1444 914 recede·

356 984 403 1035 re
433 964 743 1038 contententur.

458 1130 600 1234 Capta:
629 1123 821 1209 dominus
850 1133 933 1208 dux
961 1131 1048 1209 vuit
1067 1133 1230 1236 partem
1257 1127 1444 1234 praedic·

359 1261 438 1330 tarn
469 1278 563 1331 cum
591 1256 668 1331 ista
698 1253 922 1331 additione:
950 1251 1070 1352 Quod
1099 1277 1181 1329 non
1202 1249 1339 1356 possit
1353 1273 1446 1353 pro·

357 1377 497 1475 rogari
525 1375 726 1452 terminus
768 1400 964 1453 recessus
992 1373 1093 1452 dicti
1135 1369 1337 1475 capitanei
1366 1371 1443 1448 sub

355 1521 464 1600 pena
492 1495 689 1574 librarum
717 1493 810 1575 1111,
840 1503 948 1600 cent.
976 1520 1055 1596 pro
1085 1489 1272 1596 quolibet
1311 1494 1443 1570 consi·

355 1613 474 1692 tiario
503 1624 546 1694 et
574 1615 723 1718 capite,
751 1616 816 1692 vei
847 1614 928 1692 alio
953 1615 1022 1718 qui
1049 1619 1230 1719 poneret
1257 1608 1447 1690 sericeu-

354 1736 533 1837 sentiret
557 1744 721 1840 partem
749 1737 790 1814 in
819 1737 1089 1815 contrarium.

757 1922 919 1992 Mistidet
941 1923 1085 1992 Senatu
1110 1922 1249 1990 xxvn.
1273 1921 1404 1986 01152,

359 2094 552 2214 CXVI·
592 2135 703 2210 1356.
732 2129 938 2212 indict.
966 2131 1036 2210 lx.
1066 2138 1126 2210 10.
1154 2127 1447 2214 «Ianuarii,

559 2250 832 2330 incastro
874 2247 1229 2342 Scardonae.

356 2457 523 2534 Yroscpn
549 2475 568 2515 c
594 2475 719 2534 upepau
742 2459 894 2532 septuns
918 2459 1187 2533 &persumere
1210 2459 1298 2534 Iope
1321 2461 1448 2530 licere,

358 2579 544 2622 sacrentur·
569 2580 652 2639 napa
678 2561 858 2638 Cchrm
882 2567 1047 2632 croesus,
1071 2579 1234 2638 upepacy
1269 2563 1448 2622 tironense

869 2680 964 2742 pyro.

434 2850 714 2920 lustramentum
761 2848 962 2943 traditionis
996 2851 1104 2917 castri
1137 2849 1373 2938 suprascripti

617 3043 620 3050 Ι
763 2949 1043 3018 Scardone
1458 2952 1460 2956 ’

461 3111 615 3191 Christi
642 3113 823 3192 nomine·
865 3117 1012 3196 Amen.
1064 3113 1186 3192 Auno
1227 3113 1450 3193 nativitatis

359 3232 547 3332 ejusdem
576 3231 802 3312 millesimo
835 3235 1139 3314 trecentesimo
1162 3233 1449 3336 quinquagesi-

358 3378 427 3430 mo
442 3359 580 3436 sexto,
602 3352 813 3432 indicione
841 3377 961 3445 nonu,
976 3353 1044 3432 die
1059 3355 1226 3435 decimo
1254 3355 1449 3454 lanuarij,

355 3475 398 3553 in
428 3479 568 3552 cestro
598 3471 628 3547 S
646 3476 828 3552 cardo
845 3500 871 3550 n
888 3502 925 3565 e,
967 3475 1076 3578 apud
1112 3483 1276 3578 portem
1316 3475 1448 3577 ipsius

358 3593 496 3678 castri,
536 3594 801 3696 presentibus
854 3594 1065 3674 nobilibus
1113 3597 1213 3674 viris
1265 3595 1447 3673 dominis

358 3712 610 3813 presbytero
665 3713 795 3792 Petro
849 3717 1038 3794 Venerio
1081 3715 1266 3795 ecclesie
1314 3715 1449 3794 suncti

358 3830 581 3934 Raphaelis
623 3835 675 3910 de
730 3835 930 3922 Venetiis,
983 3836 1156 3917 Nicoiao
1210 3835 1447 3914 Justininuo

359 3960 552 4031 contrate
579 3957 709 4032 sancti
751 3953 1038 4045 PantaleoniS,
1066 3983 1137 4036 ser
1174 3957 1345 4036 Matheo
1374 3957 1445 4034 ua-

359 4073 457 4152 xuot
487 4073 538 4149 de
567 4073 736 4174 Ciugie,
763 4099 834 4152 ser
859 4073 1085 4156 Jacobeno
1106 4077 1260 4156 iiarozi
1284 4078 1337 4154 de
1365 4077 1442 4154 Ve-

358 4195 489 4273 netiis.
519 4198 718 4296 magistro
748 4197 962 4278 Hendrico
991 4199 1043 4276 de
1074 4199 1113 4274 ta
1140 4205 1272 4278 motta
1300 4219 1445 4299 curcy·
