3234 5116
321 377 368 454 el

327 585 473 672 hrum,
513 588 556 660 et
583 581 821 684 supplicant
859 589 904 660 ut
930 581 1151 682 dignemur
1183 585 1236 662 ad
1263 605 1412 662 corum

325 704 648 782 subventionem
682 703 935 803 providere,
977 713 1019 782 et
1046 704 1331 782 necessarium
1360 701 1415 780 sit

325 850 403 928 pro
432 826 597 904 honore
626 831 794 912 nostro,
822 823 958 902 dictae
987 825 1143 905 civitati
1171 847 1413 910 sucurrere,

325 969 378 1022 uc
418 944 460 1019 in
489 949 598 1020 tauta
633 941 798 1020 infamia
826 947 1014 1024 nostram
1052 945 1275 1032 amittatur;
1305 943 1416 1020 vadit

326 1086 447 1164 pars:
488 1064 603 1164 quod
639 1063 747 1141 mitti
788 1061 971 1140 debeant
1011 1085 1090 1164 pro
1134 1065 1416 1142 subventione

326 1182 465 1263 dictae
494 1183 699 1268 civitatis,
726 1185 854 1264 staria
883 1185 966 1261 duo
995 1184 1346 1276 millial'rumenti
1375 1191 1417 1262 et

324 1328 401 1384 sex
429 1303 566 1381 buttas
594 1303 702 1390 olei,
743 1313 785 1381 et
811 1303 921 1382 ultra
961 1302 1045 1380 boc
1081 1305 1177 1382 illos
1219 1305 1417 1406 quinqua·

325 1425 437 1526 ginta
451 1421 627 1528 pedites,
656 1422 726 1524 qui
754 1421 825 1502 bic
848 1428 963 1514 sunt,
986 1424 1094 1502 mitti
1110 1425 1293 1504 debeant
1318 1425 1419 1504 lcu-

326 1557 482 1636 tarum;
525 1551 568 1622 et
597 1552 641 1622 ut
680 1545 816 1623 dictae
857 1567 926 1621 res
965 1543 1284 1624 introducantur
1310 1547 1416 1624 intra

327 1667 562 1754 Senianum,
592 1664 948 1756 addelcusionem
975 1672 1020 1744 et
1048 1663 1418 1746 conservationem

327 1789 438 1873 eius,
474 1787 584 1864 sicut
610 1794 675 1866 est
702 1785 881 1864 intentio
912 1789 1077 1870 terrae,
1106 1783 1236 1864 scribi
1264 1785 1422 1863 debeat

328 1907 545 2010 capitaneo
583 1911 729 1982 nostro
760 1905 912 2006 Culpbi
953 1908 994 1984 in
1023 1907 1104 1984 hac
1132 1905 1292 1984 forma:

402 2026 658 2134 'Capitaueo
707 2027 884 2130 Culphi:
933 2051 1011 2130 per
1056 2029 1214 2108 litteras
1257 2027 1421 2106 comitis

328 2151 370 2225 et
398 2145 604 2250 capitanei
645 2173 695 2226 ac
729 2147 965 2248 provisoris
1005 2151 1251 2226 nostrorum
1280 2143 1422 2224 Scuta·

329 2269 388 2362 ri,
429 2268 580 2346 fuimus
621 2270 862 2374 nuperrime
904 2275 946 2348 ct
973 2270 1168 2348 distincte
1210 2267 1423 2346 informati

327 2388 379 2484 de
406 2390 686 2477 extremitate,
728 2391 767 2468 in
794 2415 919 2492 piram
964 2393 1140 2470 reducta
1183 2389 1424 2470 ostcivitas

327 2514 472 2586 nostra
499 2511 714 2612 predicta,
743 2517 824 2590 tam
854 2512 1115 2612 victualium,
1147 2509 1424 2591 munitionum

328 2633 372 2704 et
399 2628 680 2720 ballistarum,
705 2655 829 2732 quam
859 2632 1033 2710 aliarum
1060 2654 1205 2707 rerum
1232 2653 1426 2708 necessa·

329 2747 486 2826 riarum
527 2753 579 2831 ad
608 2752 898 2832 defensionem
930 2752 1124 2831 civitatis
1167 2747 1425 2854 praedictae,

331 2867 657 2970 subiungenteS,
699 2873 814 2973 quod
857 2873 891 2947 si
918 2897 996 2949 ros
1039 2896 1134 2949 cum
1176 2870 1347 2948 barchis
1386 2875 1429 2944 et

329 2990 558 3086 gauzarolis
586 3015 636 3069 ac
664 2993 794 3091 galeis
830 2991 953 3070 vobis
983 2991 1248 3078 commissis,
1289 2989 1430 3098 stetis·

329 3111 432 3191 selis
458 3113 500 3190 in
528 3114 747 3191 Boiaua
775 3113 1025 3196 Scutari,
1054 3114 1163 3190 sicut
1190 3111 1266 3188 luit
1293 3111 1416 3188 vobis

330 3233 611 3325 commissum,
638 3239 815 3339 propter
843 3259 1067 3316 recessum
1104 3233 1147 3311 M
1163 3257 1185 3309 a
1200 3257 1220 3308 s
1236 3257 1258 3308 a
1274 3256 1328 3308 ra
1344 3255 1367 3306 c
1382 3233 1422 3316 h.

329 3343 399 3458 qui
428 3355 584 3434 timore
611 3357 950 3436 Turchorum
980 3381 1025 3436 se
1055 3358 1285 3434 reduxerat
1318 3352 1422 3429 Dri-

201 3551 204 3558 .
327 3481 574 3566 vastum,
616 3477 865 3581 potuissetis
894 3479 992 3556 loco
1021 3483 1170 3555 nostro
1200 3473 1420 3577 praedicto

329 3623 581 3680 succurrere
619 3607 661 3677 et
687 3598 923 3676 subvenire.
974 3599 1028 3676 ut
1054 3597 1256 3674 miramur
1283 3601 1326 3671 et
1354 3595 1422 3670 do·

330 3722 461 3800 lemus
488 3721 540 3798 de
568 3719 702 3808 vobis,
732 3723 847 3821 quod
885 3739 969 3796 nou
998 3715 1200 3796 steteritis
1228 3713 1268 3792 in
1296 3711 1423 3800 dumi,

332 3865 383 3921 nc
410 3842 646 3944 praedicto,
674 3849 715 3920 et
743 3841 854 3943 apud
882 3864 958 3918 vos
987 3835 1212 3917 tenueritis
1243 3834 1423 3914 barchae

330 3969 371 4040 et
396 3961 654 4062 gauzorolos
697 3968 894 4049 nostros,
934 3959 1047 4040 sicut
1073 3983 1096 4035 a
1125 3955 1250 4036 nobis
1278 3951 1420 4034 habui·

330 4081 407 4158 stis
435 4084 475 4162 in
504 4083 723 4170 mandatis,
752 4083 849 4183 quia
878 4081 974 4160 illos
1004 4089 1046 4158 ct
1071 4079 1164 4158 illas
1191 4077 1327 4154 solum
1350 4076 1420 4154 mi·

339 4203 484 4290 simus,
513 4213 559 4285 ut
584 4203 803 4284 vobiscum
817 4203 857 4284 iu
880 4202 990 4282 dicta
1016 4201 1223 4280 Boiaua
1252 4203 1422 4286 starent,
