3154 5102
403 553 735 640 damnificotione
777 557 969 632 locorum
1010 558 1285 636 comitum
1331 557 1493 636 Bud-i·

403 676 1007 777 scinvietGregorii,
1042 679 1320 761 comitum
1363 677 1495 758 Cor·

403 797 948 898 taviae,.aliorumque
1006 799 1311 910 comicus
1344 797 1496 876 Scin·

266 915 271 925 “
403 945 429 996 ν
444 942 469 994 o
485 943 509 994 n
525 919 538 994 i
553 941 575 994 n
591 943 635 1006 e,
675 916 752 994 nisi
787 917 977 994 riderent
1013 917 1139 1018 quod.
1156 918 1342 999 foverent
1368 922 1497 1000 inimi·

405 1036 476 1129 cis,
503 1037 570 1114 vel
598 1044 878 1139 procurarent
907 1043 1259 1118 contrnnostrum
1273 1039 1496 1132 bonorem,

405 1165 447 1242 ct
476 1158 571 1260 quin
600 1158 821 1249 credimus,
850 1157 965 1259 quod
994 1167 1105 1238 esset
1133 1161 1289 1239 bonurn
1318 1171 1360 1242 et
1390 1163 1496 1244 iece-

404 1287 471 1357 ret
498 1303 577 1382 pro
607 1276 742 1368 nobis,
768 1279 803 1356 si
832 1276 932 1356 dicti
961 1278 1139 1358 comites
1181 1292 1353 1383 possent
1387 1284 1498 1364 uniri

404 1397 639 1486 nobiscum,
667 1405 709 1474 et
737 1395 787 1474 nd
814 1395 1086 1476 intentionem
1114 1405 1300 1484 nostrum
1329 1402 1495 1488 consor·

407 1517 522 1608 mari,
550 1525 592 1596 et
618 1517 697 1626 ipsi
739 1518 984 1618 scripserint
1019 1517 1164 1606 nobis,
1206 1521 1319 1620 quod
1360 1521 1497 1601 dictus

406 1635 964 1738 comesGregorius
997 1635 1405 1719 adhocvidebetur
1441 1641 1498 1720 in·
1556 1679 1558 1687 ·

409 1759 603 1848 tendere;
638 1760 829 1837 volumus
856 1761 901 1834 ut
928 1757 1029 1834 dare
1057 1756 1238 1837 debeant
1266 1757 1403 1838 eidem
1432 1787 1499 1840 co·

409 1880 496 1958 miti
525 1879 729 1979 Gregorio
771 1901 937 1956 omnem
975 1877 1125 1956 bonurn
1151 1903 1269 1983 spem
1298 1887 1341 1958 et
1368 1882 1499 1960 inten-

408 2001 565 2078 tionem
594 2023 715 2102 quam
743 2005 933 2104 possunt,
962 2023 1056 2076 cum
1080 1999 1156 2076 iliis
1173 1999 1328 2102 pulcris
1355 2001 1500 2080 verbis

407 2130 449 2200 ot
475 2121 636 2221 modis,
681 2121 753 2224 qui
794 2121 875 2198 sibi
915 2119 1168 2199 ridebuntur
1208 2145 1287 2224 pro
1330 2121 1500 2202 honore

407 2249 566 2328 nostro,
595 2240 812 2319 trahentes
840 2238 890 2316 ab
920 2264 1001 2328 co,
1032 2247 1226 2342 qnantum
1264 2242 1356 2345 pius
1382 2251 1500 2344 pote·

408 2369 515 2446 runt,
544 2360 596 2438 de
624 2360 979 2449 intentionem,
1007 2367 1049 2438 et
1076 2359 1354 2460 significantes
1380 2361 1503 2442 nobis

407 2481 608 2584 quidquid
650 2482 827 2562 iecerint
864 2491 905 2560 et
941 2482 1163 2562 habuerint
1192 2483 1229 2560 in
1259 2483 1503 2586 praedictis,

407 2602 684 2702 intelligendo,
714 2605 827 2706 qnod
856 2605 1108 2706 parlamentis
1139 2627 1245 2706 quac
1271 2611 1502 2708 propterea

405 2724 556 2804 fierent
598 2751 690 2803 curn
721 2725 842 2804 dictis
886 2725 1135 2818 comitibus,
1164 2724 1259 2802 finnt
1288 2733 1407 2804 extre
1434 2725 1502 2804 bn·

408 2845 508 2922 stios
534 2851 714 2930 nostras,
743 2845 851 2922 sicut
879 2843 978 2921 aiios
1010 2845 1145 2922 extitit
1174 2843 1423 2924 ordinatum.

510 2965 653 3068 Capta:
681 2965 792 3066 quod
821 2963 1133 3070 sapientes
1162 2963 1503 3046 Sciovonine

408 3085 646 3164 examinent
688 3084 946 3164 nmbnxatnrn
988 3085 1219 3186 expositum
1259 3087 1381 3174 nobis
1421 3111 1501 3190 per

408 3203 717 3284 amburatorem
759 3206 981 3283 domini
1030 3207 1193 3304 regis
1234 3205 1499 3294 Serviae,

408 3349 536 3431 super
577 3350 657 3428 qua
685 3325 784 3404 dent
811 3325 935 3404 nobis
977 3348 1095 3402 suum
1130 3325 1374 3418 consitium,
1403 3349 1500 3406 cum

409 3471 492 3552 qun
519 3449 674 3524 erimus
702 3447 771 3526 hic
800 3457 843 3526 et
868 3445 940 3524 fiet
967 3446 1076 3524 sicut
1102 3445 1322 3532 videbitur,
1345 3452 1386 3523 ct
1413 3445 1498 3546 qui·

410 3563 509 3646 tibet
536 3569 667 3669 possit
694 3591 853 3670 ponere
882 3577 1057 3671 purtem.

777 3703 884 3770 Scor.
909 3705 1000 3792 Rog.
1023 3701 1097 3768 Lib.
1124 3703 1148 3768 Ι.
1173 3723 1238 3768 seu
1261 3705 1296 3770 Α.
1324 3705 1380 3770 ch.
1403 3702 1454 3767 32.

691 3861 758 3955 b.
789 3879 901 3958 nno.
935 3881 958 3954 3
992 3877 1215 3956 Marcii.

433 4036 612 4114 Oarosopu
638 4052 678 4092 nc
702 4051 909 4112 operueram
939 4046 1129 4090 coctanus
1153 4047 1261 4106 sporn
1287 4031 1475 4106 Cpocnorn.

517 4174 659 4277 Copta:
689 4165 1331 4296 examinataambexatavdomini
1361 4167 1499 4268 regis
