3226 5112
190 454 197 467 .
1206 399 1273 471 aa

192 508 764 694 OOOXOVl.uac1u
800 604 996 712 sunit,
1034 606 1119 686 rna.
1150 600 1244 686 vu.

163 813 281 887 aynau
293 805 469 871 mierum
487 813 706 889 ‹bpauuemro
721 815 897 890 (boosson,
924 831 1072 875 nouuauu
1096 828 1272 874 seauton

187 915 507 992 colluctationum]
535 935 552 974 u
581 919 760 978 narona-s
785 920 1048 992 uacaiguuuuuu
1073 933 1140 988 our·
1166 931 1250 987 aaut

293 1015 295 1022 ’
417 1019 558 1097 llorere,
585 1036 666 1094 croy
692 1021 773 1096 uylry
795 1038 815 1096 y
839 1023 1034 1092 Macrum.

270 1187 301 1266 P
318 1185 433 1264 rivi
449 1187 459 1265 l
477 1213 543 1293 eg
563 1189 575 1265 i
593 1215 618 1266 u
634 1216 674 1266 m
712 1191 956 1268 donationis
986 1193 1137 1269 domus
1165 1209 1274 1286 mag·

167 1307 279 1386 uilici
309 1308 534 1388 domiui
567 1311 834 1388 Saudali.

271 1425 638 1508 rranciscus
667 1429 920 1509 Foscari
949 1431 1016 1507 dei
1041 1428 1273 1529 gratiadux

172 1547 462 1640 Venetiarum,
490 1556 570 1626 etc.
588 1547 798 1627 Universis
815 1559 857 1628 et
872 1550 1045 1650 singulis
1066 1555 1148 1626 tam
1177 1547 1277 1623 ami·

176 1667 235 1744 cis
265 1691 387 1770 quam
415 1665 622 1757 fidelibus,
637 1677 679 1746 et
696 1675 777 1746 tam
793 1670 1064 1772 presentibus
1080 1690 1203 1770 quam
1219 1665 1275 1740 iu·

174 1787 292 1873 turis,
320 1809 497 1890 presens
524 1787 788 1889 privilegium
814 1785 1085 1890 inspecturis,
1100 1783 1277 1864 salutem

174 1917 216 1986 et
229 1906 399 1982 sincere
416 1905 655 1984 dilectionis
672 1907 878 1986 allectum.
890 1905 1010 1982 Tunc
1023 1907 1073 1984 ad
1087 1903 1221 1982 laudis
1235 1913 1277 1980 et

173 2025 311 2124 glorie
327 2031 472 2104 nostre
488 2025 700 2102 cumulum
718 2032 959 2105 nostrorum
982 2024 1276 2102 benivolorum

123 2167 131 2186 ·
173 2145 395 2226 sinceritas
423 2153 698 2250 propagatur,
713 2172 807 2223 cum
824 2172 905 2248 pro
923 2143 1117 2223 amicicie
1133 2141 1276 2220 fructi·

174 2267 252 2342 bus
269 2268 322 2344 de
338 2275 486 2347 nostre
503 2267 792 2346 munificentie
809 2266 1064 2344 liberalitate
1080 2263 1276 2342 mananti·

175 2386 269 2473 bus,
296 2409 463 2491 proque
492 2387 573 2488 iugi
605 2389 809 2468 memoria
839 2387 1118 2464 amicissimos
1146 2390 1278 2463 slatus

175 2505 462 2608 uostrialiquo
475 2531 652 2611 munere
665 2505 1191 2586 decoramuslletiuentes
1205 2503 1276 2604 igi·

176 2633 245 2703 tur
272 2626 478 2704 memorie
506 2625 765 2706 sinceritatis
780 2626 1126 2720 benivolentium,
1156 2645 1279 2724 quam

178 2745 333 2824 dudum
349 2743 594 2845 magnificus
623 2755 665 2824 et
681 2754 831 2846 potens
853 2743 1046 2824 domiuus
1075 2745 1106 2820 S
1122 2768 1144 2820 a
1159 2767 1185 2818 u
1202 2744 1226 2818 d
1244 2765 1281 2816 a·

50 2945 53 2950 ,
180 2865 260 2942 lus
288 2889 496 2966 maguus
521 2867 752 2968 vayvoda
779 2867 933 2964 regni
961 2864 1202 2954 Rosciae,
1228 2865 1278 2940 ad

177 3011 255 3064 nos
270 2989 548 3087 nostrumque
565 2986 791 3064 dominium
816 2985 1064 3064 cordialiter
1078 2983 1223 3084 gessit,
1239 2988 1282 3059 et

176 3107 303 3208 gerit,
331 3129 382 3186 ac
410 3129 587 3210 operum
617 3107 840 3186 effectibus
869 3103 1185 3210 quamplurimis
1214 3126 1281 3206 pa·

176 3222 335 3305 tefecit.
364 3225 510 3304 uidem
529 3229 756 3328 magnifico
774 3228 950 3306 domino
968 3223 1166 3302 Sandalio
1177 3223 1280 3320 jam·

178 3345 332 3424 dudum
361 3346 414 3423 de
442 3369 619 3424 numero
649 3343 1048 3452 percarissimorirm
1077 3341 1283 3420 nobilium

179 3467 296 3544 urbis
332 3471 475 3542 nostre
504 3464 807 3566 Venetiarum,
838 3467 1012 3570 suisque
1057 3457 1287 3560 magnificis

179 3585 289 3672 liliis,
318 3592 360 3662 et
387 3585 631 3678 heredibus,
657 3614 738 3666 uec
769 3613 851 3668 uon
880 3583 1111 3684 magnificis
1140 3577 1287 3660 comiti
1415 3607 1417 3611 ·

176 3703 401 3784 Wocdz
443 3713 486 3782 et
527 3708 672 3785 comiti
716 3707 1058 3812 Stephano,
1100 3701 1286 3804 ejusdem

180 3825 352 3907 comitis
383 3821 550 3904 Wocuz
578 3827 696 3914 lilio,
738 3850 975 3927 corumque
1013 3827 1055 3900 et
1083 3821 1288 3922 cuiusque

180 3969 329 4023 eorum
383 3943 481 4023 liliis
521 3945 751 4024 heredibus
795 3953 838 4023 et
885 3939 1208 4024 successoribus
1247 3940 1289 4016 in

180 4069 451 4172 perpetuum,
478 4075 643 4147 servata
674 4070 786 4144 omui
803 4067 1027 4145 solenitate
1044 4069 1287 4143 nostrorum

182 4187 462 4270 consiliorum
489 4183 540 4262 ad
569 4185 655 4266 hoc
684 4188 942 4271 necessaria,
971 4185 1010 4262 in
1028 4184 1191 4350 slisguum
1209 4203 1290 4258 me-
