3224 5110
312 595 623 697 ‘inteitigentes
652 617 765 673 suam
795 617 884 672 rev.
901 597 1208 697 paternitatem,
1236 619 1315 675 une
1345 621 1442 674 oum

290 779 292 782 .
343 719 458 798 dioto
486 715 755 794 serenissimo
787 739 947 815 rege,
980 741 1074 796 cum
1104 720 1294 796 exercitu
1323 715 1443 794 Chri·

342 838 572 915 stinnorum
584 835 865 914 retrooesisse
882 842 925 911 et
939 836 978 912 in
990 836 1245 933 Hungnrinm
1259 861 1438 914 remens·

344 956 458 1048 se‚=in
488 981 588 1036 casu
618 979 702 1060 quo
733 956 815 1033 hoc
844 961 1041 1059 tempore
1070 979 1181 1034 novo
1212 956 1322 1032 idem
1351 981 1441 1034 rev.

343 1082 537 1158 dominus
567 1079 729 1177 {egatus
760 1089 802 1156 et
828 1077 1125 1155 serenissimus
1153 1077 1441 1170 dominusrex

345 1223 439 1278 curn
470 1197 630 1302 potenti
659 1198 852 1276 exercitu
881 1180 1080 1276 adversus
1109 1198 1305 1275 Terroros
1334 1201 1445 1275 redi·

346 1345 392 1398 re
420 1320 639 1422 disponat,
681 1319 880 1421 quoniam
908 1319 944 1394 si
972 1319 1093 1398 niiter
1121 1324 1247 1407 esset,
1284 1319 1440 1396 frustrn

346 1447 459 1516 esset
493 1461 693 1517 necessus
730 1439 945 1537 galearum
988 1437 1324 1539 praedictorum,
1354 1437 1444 1515 mit-

345 1571 437 1638 tere
468 1566 509 1638 te
536 1560 753 1640 statuimus
758 1615 963 1636 ......
993 1559 1118 1660 (Regi
1153 1560 1265 1639 diunt
1291 1561 1441 1658 idern.)

447 1683 500 1759 Et
526 1683 561 1758 si
589 1681 771 1760 haberes
812 1682 1002 1759 notitiam
1032 1740 1040 1757 .
1070 1746 1078 1760 .
1111 1681 1221 1782 qnod
1255 1681 1322 1757 vei
1361 1705 1442 1757 mo·

347 1803 522 1900 guitinus
577 1825 722 1880 comes
777 1801 1078 1878 Mathious
1137 1803 1205 1878 vei
1261 1805 1446 1879 banus

346 1925 611 2000 Francus
641 1923 731 2000 eius
762 1921 920 2009 irater,
962 1921 1167 2001 iecissent
1202 1931 1272 2000 ant
1300 1921 1447 1998 iacere

346 2045 509 2120 retient,
543 2042 784 2142 quaerelam
838 2042 1018 2144 ntiquom
1059 2043 1168 2143 npud
1208 2041 1445 2141 praefatum

253 2239 257 2246 .
347 2161 657 2242 serenissimum
686 2185 915 2262 regern...
939 2163 991 2238 de
1020 2159 1139 2240 fectis
1167 2159 1372 2238 Polize
1403 2173 1447 2238 et

349 2283 959 2373 Dnimissae‚..dioere
1001 2280 1331 2360 debens....:
1364 2307 1445 2359 nos

348 2405 474 2484 tuisse
502 2413 545 2482 et
572 2427 667 2484 osse
694 2405 734 2483 in
764 2411 913 2508 operto
943 2405 1058 2483 betto
1089 2427 1183 2482 cnm
1222 2403 1445 2481 comite

240 2521 245 2533 '
348 2527 603 2605 Statano
643 2525 922 2623 vairoda,
965 2523 1035 2626 qui
1082 2525 1231 2601 multos
1272 2524 1445 2620 injurios

348 2645 470 2726 uobis
498 2645 611 2736 iecit3
639 2651 680 2723 et
707 2648 817 2725 siout
845 2671 899 2724 ex
925 2645 1088 2744 guerris
1118 2667 1354 2723 occurrere
1380 2667 1446 2720 so·

350 2769 418 2856 iet,
443 2771 592 2866 gentes
619 2772 788 2845 nostras
817 2766 1036 2867 accepisse
1064 2765 1117 2842 de
1133 2762 1325 2842 monibus
1341 2764 1444 2842 dioti

349 2887 517 2966 comitis
558 2885 719 2963 Stofnni
748 2888 844 2965 loon
879 2887 1004 2977 dicta,
1034 2945 1041 2959 .
1071 2943 1078 2962 .
1108 2907 1446 2963 commemoren-

348 3009 402 3084 do
431 3007 559 3085 etiarn
588 3006 905 3106 magnificentiis
933 3008 1042 3093 suis,
1083 3005 1197 3108 quod
1226 3005 1445 3082 serenissi-

349 3153 439 3205 mus
482 3151 585 3204 rex
627 3125 880 3205 Bossino
921 3151 1059 3230 nuper
1093 3127 1282 3212 electus,
1323 3123 1447 3204 nobis

349 3245 554 3348 explicari
584 3245 714 3336 feeit,
756 3247 868 3346 quod
913 3255 955 3326 et
995 3246 1086 3349 ipso
1127 3246 1192 3322 ios
1232 3245 1444 3345 pretendit

218 3417 222 3426 ·
276 3412 279 3417 -
311 3349 316 3360 ’
348 3368 389 3446 in
420 3367 526 3446 iocis
565 3367 789 3468 predictis,
817 3369 885 3447 oui
913 3368 1215 3448 convenienter
1240 3375 1284 3444 et
1312 3366 1444 3444 hone·

347 3499 410 3565 ste
426 3487 740 3589 respondimus.
756 3546 764 3562 .
780 3515 815 3577 ,;
843 3498 886 3566 et
906 3511 1033 3587 roges
1052 3491 1246 3588 tegetum,
1261 3495 1306 3564 ut
1327 3513 1377 3562 se
1391 3486 1445 3562 de

348 3607 413 3684 his
449 3611 558 3712 apud
599 3611 799 3686 comitem
839 3605 1241 3689 Mothiconem
1284 3613 1326 3682 et
1369 3608 1444 3683 bn·

349 3753 471 3806 num
499 3727 772 3808 tirannum
800 3736 844 3807 et
871 3731 996 3820 etiam
1026 3732 1135 3834 opud
1162 3729 1300 3833 ipsum
1330 3749 1441 3803 sere·

348 3849 564 3928 nissimum
594 3847 809 3926 dominum
839 3871 1035 3949 regem
1072 3851 1327 3952 interponat.
1355 3907 1367 3926 .
1395 3901 1406 3924 .
1434 3903 1444 3921 .

452 3969 644 4048 Fecimus
684 3974 849 4046 nostras
875 3970 1033 4048 -titorus
1076 3969 1359 4048 eredentiotes
1386 3969 1442 4046 di·

348 4101 486 4170 rectus
536 4092 585 4168 nd
628 4089 1006 4188 magnifieum
1057 4090 1440 4192 capitaneum

348 4211 492 4287 donn
509 4233 602 4306 em,
630 4209 824 4289 volentes
852 4215 895 4287 et
922 4211 1165 4288 mundantes
1194 4207 1289 4296 tibi,
1327 4209 1440 4310 qnod
