3220 5118
372 559 606 662 ccclx.
635 581 745 658 rozo.
775 581 835 654 ιτ.
863 577 1087 659 Man-eii.

180 787 380 846 flaumneno
405 805 550 848 noonarn
576 805 701 860 enuere
726 803 849 862 norapa
867 806 885 862 y
900 789 1045 864 Korope,
1069 806 1107 858 nn
1131 805 1278 846 sannone

179 908 333 968 yronopn
370 909 522 968 npornn‘n
545 895 668 952 Eume
691 909 731 948 oa
754 892 911 966 §opion
936 911 953 950 n
977 877 1154 948 A‘rerroon
1179 891 1277 964 iopa-

549 1011 657 1054 nrnua.
705 991 918 1076 (Cnpabeno).

287 1182 421 1284 Capta
461 1181 538 1256 init
577 1202 699 1283 pars:
754 1184 799 1255 nt
840 1186 906 1256 eat
945 1205 1050 1258 unns
1090 1181 1280 1262 notarius

185 1302 219 1379 G
237 1327 260 1382 a
276 1307 292 1378 t
307 1329 329 1381 a
345 1327 405 1380 ru
424 1329 463 1379 rn
481 1359 490 1386 ,
534 1327 628 1379 euni
670 1301 834 1380 sindico
862 1301 1032 1378 domum
1061 1303 1281 1390 redeunte,

186 1426 255 1525 qni
286 1423 509 1502 concludat
536 1431 705 1527 paetum
735 1447 831 1501 oum
859 1423 1089 1500 dominis
1128 1421 1280 1508 Geor·

184 1545 282 1642 gio
313 1543 954 1636 etAiexiofratribns
983 1541 1173 1640 iuras,
1203 1543 1280 1618 ba·

186 1663 440 1742 ronibus
467 1663 706 1750 Xentae,
735 1671 885 1740 contra
911 1663 1137 1756 Rolnam,
1168 1661 1282 1764 quod

186 1785 382 1862 dominus
411 1784 614 1881 Dragns
644 1784 705 1858 de
733 1783 924 1880 Drago,
953 1785 1057 1860 civis
1087 1781 1281 1869 Catari,

187 1907 267 1984 inm
308 1907 521 1984 inchoavit
563 1929 656 1985 oum
700 1905 808 1992 iiiis,
850 1909 927 1982 sub
973 1903 1285 1982 conditionibus
1343 1905 1346 1916 '

187 2029 274 2120 his,
301 2037 347 2106 nt
373 2029 433 2106 iili
461 2053 555 2105 oum
584 2029 778 2108 omnibns
808 2028 896 2104 suis
924 2025 1117 2126 gentibus
1145 2025 1285 2104 debei-

187 2151 278 2228 lare
306 2149 488 2228 debeant
518 2147 699 2234 Baream,
722 2155 763 2226 ot
778 2145 876 2225 ideo
893 2149 929 2224 si
947 2153 1131 2225 castrum
1158 2145 1285 2221 Bud-

186 2292 250 2346 vn
292 2269 512 2346 devenerit
540 2271 591 2345 ed
619 2291 763 2346 manus
792 2269 1081 2363 Venetorum,
1112 2267 1198 2344 hoo
1227 2266 1287 2342 eis

154 2382 156 2392 '
188 2389 398 2480 donetur,
439 2388 615 2466 retentis
643 2397 782 2466 temen
811 2387 953 2464 salinis
997 2411 1073 2488 pro
1103 2385 1285 2463 dominio

188 2515 373 2592 Veneto.

188 2723 287 2780 linare
303 2738 322 2778 o
337 2737 470 2778 nerone
495 2735 668 2794 noeanery
694 2738 793 2794 none:
820 2730 871 2778 29.
884 2719 1010 2795 Aprilis,
1034 2738 1073 2777 no
1098 2739 1200 2796 anory
1228 2729 1286 2780 rio

396 2841 478 2881 nore
505 2840 624 2880 nnnore
649 2823 741 2881 eroin
766 2840 842 2881 ono:
868 2819 1083 2905 (cupaheno).

294 2993 515 3073 Scribatnr
541 2993 998 3074 notarioJohonni
1027 2996 1088 3070 de
1117 2992 1286 3072 Lusio

193 3116 233 3192 in
263 3113 494 3204 Carano,
522 3115 628 3191 haec
659 3116 900 3216 responsio,
928 3113 978 3190 ad
1007 3137 1057 3190 ea
1085 3137 1193 3218 qnae
1222 3137 1289 3216 pe·

194 3241 283 3310 innt
312 3231 384 3312 Cn
401 3241 415 3309 t
430 3257 452 3309 o
469 3232 517 3308 ri
534 3259 560 3308 n
576 3233 600 3315 i,
643 3233 754 3332 quod
785 3233 970 3310 contenti
998 3243 1093 3311 sunt
1119 3232 1287 3310 Veneti·

195 3356 272 3440 oni,
300 3357 346 3430 ut
374 3358 425 3448 1.)
453 3350 645 3428 differant
674 3361 716 3429 et
744 3354 999 3454 suspendant
1026 3354 1218 3454 errigere
1246 3361 1289 3428 et

195 3474 364 3552 elevare
405 3470 578 3571 insignia
621 3472 734 3552 beati
762 3473 919 3568 Marci,
960 3473 1098 3553 donee
1126 3473 1290 3551 recolli·
1402 3549 1406 3564 ,

194 3599 292 3694 gent
319 3594 458 3670 vinum
488 3603 529 3670 et
557 3593 748 3678 bladum:
786 3598 843 3692 2.)
873 3596 998 3671 etiam
1028 3595 1067 3671 in
1097 3621 1195 3673 casn
1222 3621 1312 3698 pa·-

195 3715 257 3794 ois
283 3713 437 3792 Veneti
465 3739 549 3792 non
578 3714 733 3792 dabunt
763 3713 975 3792 civitatem
1005 3715 1188 3794 Catari
1216 3741 1238 3792 1·
1253 3741 1291 3794 e·

122 3835 128 3846 '
196 3835 245 3932 gi
274 3832 634 3932 Hungariae,
663 3859 741 3912 noc
769 3833 857 3912 uilo
887 3833 969 3912 alio
999 3835 1187 3922 domino,
1215 3836 1288 3912 sed

195 3951 439 4030 retinebunt
481 3977 572 4031 earn
614 3955 654 4030 in
695 3961 971 4056 perpetuum
1008 3957 1062 4050 3.)
1102 3957 1289 4034 solvatur

196 4070 384 4149 debitum
398 4073 438 4152 X
453 4073 568 4151 mille
596 4075 862 4170 ducatorum,
892 4101 975 4152 non
992 4073 1049 4150 v1
1069 4083 1113 4151 nt
1129 4098 1286 4152 eronee

198 4192 359 4272 dietum
386 4204 463 4287 est3
491 4197 634 4273 ultimo
663 4195 888 4274 hortentur
914 4195 1214 4275 iohannem
1242 4207 1290 4272 et

1056 4316 1079 4376 2
