3192 5112
323 1065 1156 1164 Ci.1eso.tndiet.111.11.lutii.

193 1295 400 1354 tiensoseso
425 1311 575 1357 ooosnrn
599 1313 659 1368 με
682 1312 876 1356 noemmin
900 1311 944 1357 ss·
963 1313 1075 1372 spem
1100 1299 1284 1376 cotenon

193 1417 212 1457 ι
238 1417 280 1461 n
305 1401 389 1477 σοι]
414 1403 651 1474 Boesnexon,
673 1419 712 1474 μ
736 1418 920 1478 nonnemo
952 1406 1081 1480 neseis
1117 1423 1178 1464 sss
1203 1423 1284 1484 ρῳ

608 1523 694 1582 supa
718 1525 737 1564 ι
763 1523 876 1567 onore.

295 1671 439 1778 Copto:
465 1675 568 1774 Quis
596 1681 663 1754 est
700 1674 841 1756 honor
874 1684 1024 1757 noster
1060 1701 1141 1784 pro
1170 1677 1284 1757 omni

193 1803 393 1898 respectu
421 1804 464 1874 et
489 1797 668 1874 maxime
694 1799 874 1900 propter
899 1821 1090 1898 magnam
1133 1799 1284 1878 effecti-

193 1935 334 2012 onem,
364 1938 484 2018 quom
502 1917 552 1994 sd
569 1941 648 1995 nos
676 1920 952 1996 ostenderunt
977 1943 1058 2024 per
1085 1919 1282 2000 effectum

191 2043 276 2112 tom
306 2035 574 2114 dominus
607 2061 707 2116 rex
735 2036 971 2125 Rexiee,
1000 2061 1121 2142 quem
1159 2037 1283 2148 etism

192 2157 376 2233 bonus
443 2155 702 2249 Bosnne‚
767 2158 1042 2262 interponere
1094 2183 1170 2238 nos
1231 2159 1284 2237 de

192 2273 425 2354 concordio
453 2277 565 2356 inter
594 2299 694 2366 eos,
719 2275 832 2355 vadit
857 2301 967 2380 pers,
1005 2277 1117 2381 quod
1144 2278 1184 2354 in
1211 2278 1283 2358 bo·

191 2420 244 2474 ns
271 2397 424 2496 gratio,
449 2421 530 2500 pro
559 2397 669 2476 dioto
706 2421 830 2476 neusa
858 2407 902 2478 et
929 2401 1051 2477 etiem
1079 2425 1159 2504 pro
1187 2425 1282 2502 pro·

191 2516 378 2598 curando
404 2519 770 2596 conservationem
786 2526 828 2596 et
855 2520 1009 2597 bonum
1037 2527 1281 2599 nostrorum

191 2636 377 2717 fidelium
418 2637 584 2740 Ragusii
611 2646 653 2718 et
694 2641 889 2718 locorum
929 2665 1131 2734 suorum,
1173 2667 1281 2745 qnos

191 2783 363 2863 semper
402 2769 623 2863 promptos
663 2761 895 2840 invenimus
923 2763 973 2840 od
1001 2771 1147 2842 nostro
1173 2787 1281 2840 mon·

191 2879 308 2968 doto,
348 2878 564 2958 mittantur
604 2880 688 2959 duo
730 2881 928 2960 solennes
970 2883 1280 2968 ambexotores,

192 3001 262 3104 qui
302 3008 451 3080 euntes
492 3000 715 3102 Ragonium
744 3009 786 3080 et
825 3002 1100 3082 informantes
1140 3027 1186 3080 se
1227 3003 1280 3080 de

189 3121 321 3212 novis,
347 3121 496 3201 vedent
524 3130 605 3200 tom
635 3124 684 3200 od
725 3122 881 3202 diotnm
916 3147 1063 3224 regem
1092 3121 1279 3221 Rosciae,

186 3240 390 3344 quomod
426 3242 584 3320 dictum
626 3241 805 3335 bonum,
841 3267 921 3346 pro
963 3251 1083 3347 perte
1122 3248 1281 3330 nostro,
1382 3333 1384 3336 ¹

185 3366 236 3441 od
290 3363 602 3464 procurandum
668 3368 854 3467 quietem
910 3374 952 3444 et
1006 3361 1280 3444 concordium

185 3487 399 3566 intereos
426 3493 469 3566 et
497 3487 610 3589 quod
640 3495 806 3568 cessent
834 3487 1069 3572 novitates,
1097 3487 1148 3563 od
1178 3509 1280 3586 quos

184 3607 430 3686 atterutrum
470 3616 674 3709 utroquse
700 3631 801 3711 pars
842 3591 1008 3686 videtur
1046 3603 1280 3714 intendere.

183 3728 430 3830 Incipiendo
458 3735 501 3804 et
539 3730 751 3832 possendo
779 3753 827 3806 se
863 3727 1121 3805 abinvicem
1161 3747 1277 3828 sepo·

184 3869 280 3925 rore
322 3855 365 3926 et
399 3847 462 3926 ire
502 3873 608 3926 unus
649 3871 796 3926 eorum
825 3854 868 3924 et
894 3845 1034 3938 ambo,
1062 3846 1172 3924 siout
1198 3844 1278 3923 sibi

183 3966 395 4046 videbitur
420 3993 501 4072 pro
531 3970 646 4047 bono
676 3957 966 4068 negotiorum,
994 3967 1097 4044 etsi
1127 3990 1279 4046 oonoe·

182 4089 307 4168 dente
340 4087 536 4178 domino,
564 4096 765 4192 poterunt
803 4093 945 4191 portes
986 4083 1193 4165 reducere
1225 4087 1295 4198 od,

184 4211 476 4305 concordium,
514 4211 717 4302 redeant;
745 4205 809 4286 sin
850 4213 987 4286 autem
1027 4207 1191 4284 trahant
1224 4207 1275 4284 ab

1034 4315 1079 4406 ¹t
