3230 5104
1206 373 1270 442 491

184 600 230 656 se
256 579 342 664 suis
375 579 524 658 litteris
551 578 738 658 dominio
765 587 913 660 nostro
937 579 1196 680 significavit,
1222 582 1273 660 sd

184 700 337 778 bonam
366 706 410 777 et
436 699 617 779 votivam
646 701 943 779 executionem
972 699 1093 779 huius
1129 702 1271 780 volun·

184 820 278 899 tatis
306 829 465 905 nostre,
494 817 607 898 eirea
638 820 924 898 obtentionem
955 823 1098 924 oppidi
1127 847 1268 926 supra·

183 939 330 1042 seripti
359 939 511 1018 Clisse.
1223 941 1225 948 ’

479 1077 583 1142 Seer.
608 1095 707 1140 eons.
733 1085 853 1162 rogat.
877 1075 951 1142 Lib.
976 1076 1069 1142 xxl.
1095 1076 1152 1142 eh.
1168 1079 1227 1146 78.
1350 1017 1354 1030 ‘

285 1241 544 1342 (llJXCll.
575 1268 688 1343 1462.
720 1271 778 1344 ta.
807 1263 1172 1348 Novembris.
1253 1227 1256 1236 .

206 1442 389 1516 Osrosope
415 1455 654 1512 nooaaaauna
685 1437 838 1514 llepnera
862 1440 1037 1516 Cretaea,
1072 1459 1111 1499 aa
1137 1441 1251 1503 aaron·

619 1541 851 1602 npeaaouess.

285 1677 404 1775 Quod
435 1672 673 1754 oratoribus
701 1673 948 1752 illustris
977 1679 1124 1755 duola
1165 1680 1271 1760 Ste-

107 1839 108 1842 t
186 1797 293 1874 fani
322 1795 391 1897 qui
431 1801 631 1872 oretenus
662 1807 703 1870 et
730 1793 770 1870 in
814 1795 982 1896 seriptis
1010 1799 1275 1898 explicarunt

187 1924 334 1994 nostro
365 1917 565 2001 dominio,
594 1928 789 2018 quantum
806 1917 1099 1995 huieconsilio
1129 1929 1275 1998 notum
1403 2008 1408 2019 f

109 2053 113 2064 ·
189 2043 277 2128 est,
304 2037 627 2138 respondeatur:

249 2197 252 2202 ·
289 2155 410 2256 Quod
438 2157 597 2256 agimus
625 2157 774 2232 multas
802 2158 954 2255 gratias
997 2161 1275 2239 excellentiae

187 2275 343 2352 domini
370 2277 447 2365 sui,
474 2297 553 2378 pro
581 2275 773 2352 omnibus
803 2298 909 2376 quae
938 2277 1157 2355 nobiscum
1197 2279 1275 2359 fra·

187 2391 305 2474 te'rne
335 2397 628 2482 comunicavit,
667 2417 775 2496 quae
817 2397 1054 2497 procedere
1096 2421 1272 2496 eognos-

187 2518 317 2596 eimus
344 2521 395 2594 ab
426 2539 572 2594 amore
601 2528 643 2594 et
671 2516 897 2594 affectione
927 2517 967 2592 in
996 2545 1074 2596 nos
1103 2543 1190 2598 sua.
1227 2519 1280 2596 Et

188 2638 356 2738 quidem
386 2635 507 2714 nobis
534 2635 656 2710 valde
686 2635 906 2711 molestum
936 2646 1012 2720 est.
1042 2641 1194 2739 quod
1224 2641 1276 2718 li·

190 2754 689 2835 liussuusluerit
724 2759 766 2828 et
802 2757 1280 2837 sitinobediens

190 2877 467 2956 excellentiae
505 2900 632 2961 suae,
677 2877 982 2977 tentaveritque
1025 2879 1278 2980 quicunque,

192 2999 303 3099 quod
333 2999 645 3076 incommodum
674 3006 744 3070 aut
780 2999 1026 3072 damnosum
1068 2997 1147 3074 sibi
1189 3023 1282 3076 esse

196 3117 343 3219 possit.
372 3117 576 3218 Optamus
595 3116 711 3192 enim
743 3116 978 3218 plurimum,
1010 3120 1124 3218 quod
1142 3121 1197 3196 sit
1212 3123 1282 3196 ob·

195 3261 377 3338 sequens
405 3239 512 3340 patri
549 3263 653 3323 suo,
693 3237 804 3314 siout
831 3239 983 3316 merito
1014 3261 1108 3315 esse
1151 3236 1287 3317 debet.

198 3359 452 3462 Certamque
493 3385 586 3438 esse
629 3359 820 3435 volumus
863 3358 1195 3439 dominationem
1223 3387 1285 3438 sn·

199 3505 277 3570 am,
305 3484 418 3582 quod
448 3507 526 3558 nos
554 3481 659 3558 nihil
686 3504 867 3582 unquam
901 3480 1172 3582 promisimus
1201 3479 1287 3560 lilio

198 3625 299 3693 suo,
341 3627 419 3678 neo
447 3604 486 3679 in
516 3607 732 3706 postorum
761 3602 888 3680 modo
933 3603 1072 3703 aliquo
1114 3605 1288 3706 promis·

199 3723 286 3796 suri
315 3747 471 3810 sumna,
500 3746 578 3798 neo
609 3723 733 3801 etiam
770 3722 859 3824 ipse
890 3749 911 3800 a
955 3725 1075 3801 nobis
1119 3723 1287 3825 quicun-

200 3868 279 3944 que
309 3841 539 3944 requisivit,
570 3849 611 3920 et
640 3845 674 3920 si
703 3845 955 3944 requireret,
984 3869 1060 3922 uos
1091 3855 1287 3947 respectu

201 3955 541 4054 benivolentiae,
569 3987 690 4062 quam
720 3967 905 4060 gerimus
934 3964 1014 4065 ipsi
1041 3963 1191 4040 illustri
1220 3963 1288 4038 do·

202 4083 342 4170 mino,
397 4108 479 4161 uon
521 4086 808 4185 prestaremus
864 4082 942 4158 sibi
985 4106 1107 4159 aures
1158 4085 1285 4162 modo

202 4201 359 4303 aliquo.

1023 4343 1082 4406 lli*
