3224 5110
315 589 401 642 :nos
427 563 594 652 odviset,
622 563 735 666 qnod
762 565 955 642 dominus
983 587 1086 640 rex
1124 563 1416 662 Aragonum

324 709 401 787 per
428 685 610 764 medium
638 683 815 762 duorum
851 684 1024 762 fratrum
1067 684 1290 772 minorum,
1318 686 1418 764 iecit

323 805 553 886 instantium
583 804 764 884 habendi
789 806 823 882 N
838 828 860 881 a
876 829 897 882 r
912 830 936 881 e
952 830 976 882 u
993 812 1122 894 tum,
1150 812 1196 886 ut
1222 831 1298 908 per
1324 831 1416 884 erun

323 928 460 1004 retest
486 923 643 1005 hebere
671 925 826 1005 editum
854 928 906 1006 ud
935 949 1172 1024 regnum
1201 925 1415 1026 Hungu-

318 1045 461 1133 riue,
489 1045 539 1122 ud
568 1046 680 1148 quod
697 1049 866 1149 aspiret,
896 1054 1061 1126 etcum
1089 1044 1336 1147 quibusdam
1352 1043 1416 1122 ba·

322 1165 497 1245 ronibus
525 1165 653 1246 habet
679 1167 1022 1266 intelligentiam
1062 1165 1136 1244 sed
1178 1168 1293 1268 quod
1322 1167 1415 1267 ipse

323 1311 424 1364 rex
458 1286 727 1378 Bossine‚
769 1311 824 1364 ex
864 1288 1087 1368 effectione
1129 1309 1253 1388 quom
1290 1285 1417 1363 habet

323 1409 373 1487 ad
401 1413 589 1484 nostrum
619 1405 861 1493 dominium,
891 1407 1016 1502 longe
1045 1406 1168 1484 citius
1195 1406 1329 1508 ipsum
1362 1408 1417 1482 io·

323 1553 418 1606 cum
448 1523 578 1612 nobis,
607 1551 729 1628 quam
758 1527 875 1606 dicto
912 1508 1001 1624 regi
1029 1527 1276 1624 Aregonum
1313 1525 1417 1603 dure

322 1647 462 1736 retice
477 1651 519 1724 et
533 1647 799 1743 subiungunt,
815 1646 928 1746 quod
943 1642 1053 1722 idem
1075 1665 1154 1722 rex
1173 1646 1417 1746 Aregonum

322 1769 443 1872 petiit
469 1769 630 1846 salvum
658 1767 913 1844 conductum
941 1789 1020 1870 pro
1050 1765 1292 1844 oratoribus
1329 1769 1417 1844 suis

323 1890 442 1968 ituris
470 1892 510 1966 in
537 1885 802 1986 Hungoriom,
831 1909 927 1964 cum
953 1885 1105 1966 hebeat
1142 1910 1238 1966 cum
1275 1886 1416 1990 ntiqui·
1507 1955 1510 1960 .

322 2008 398 2086 bus
427 2006 653 2086 baronibus
681 2003 994 2106 intelligentiam
1029 2004 1211 2086 habendi
1239 2029 1418 2106 regnum
1446 2105 1451 2116 Ι

321 2125 434 2206 iliud.
476 2124 762 2216 Secundo,
803 2123 915 2225 quod
956 2121 1211 2223 Rugusci
1256 2125 1419 2206 diritius

323 2272 419 2326 suos
445 2243 756 2350 acquisiverunt
783 2245 825 2322 in
861 2245 953 2346 ipso
985 2265 1143 2344 regno.
1178 2247 1253 2324 sed
1281 2271 1334 2324 ex
1363 2246 1419 2324 oi·

321 2368 509 2448 sectione
544 2389 666 2466 quem
695 2365 944 2444 adnostros
982 2365 1096 2442 cives
1138 2365 1293 2458 hebet,
1321 2389 1419 2447 con·

323 2495 555 2570 tentaretur
583 2485 953 2590 gratissimumque
981 2486 1180 2578 haberet,
1207 2495 1253 2564 ut
1279 2489 1419 2592 prori-

323 2613 534 2701 der-emus,
549 2607 662 2710 quod
690 2610 826 2686 nostri
854 2616 1117 2686 mercatores
1139 2608 1179 2686 in
1195 2609 1310 2689 dicto
1327 2610 1420 2688 eius

324 2755 458 2832 regno
474 2733 846 2810 conversarentur.
874 2728 912 2806 Τ
927 2751 951 2803 e
966 2752 988 2802 r
1002 2737 1017 2806 t
1032 2729 1045 2805 i
1062 2753 1101 2820 o,
1129 2732 1251 2828 roget
1272 2739 1318 2808 ut
1338 2753 1420 2808 nos

322 2853 638 2953 interponamus
664 2872 743 2952 pro
773 2850 1008 2929 concordio
1036 2873 1113 2928 suo
1151 2873 1246 2928 curn
1283 2849 1420 2928 'Peu-

325 2998 438 3053 cro.
465 2971 683 3070 Quarto
714 2975 757 3046 et
783 2970 931 3049 uitinro
960 2970 1079 3055 dicit,
1111 2971 1318 3074 prefatum
1348 2973 1422 3048 do·

250 3163 257 3179 .
325 3094 477 3171 minum
507 3115 649 3192 regem
678 3091 874 3183 sensisse,
901 3091 1015 3194 quod
1043 3115 1137 3170 cum
1166 3091 1295 3170 bano
1323 3091 1423 3168 Pir·

325 3215 420 3291 cho
448 3218 638 3290 tenemus
665 3214 884 3315 pretiosum,
899 3212 1081 3291 habendi
1109 3211 1159 3290 de
1188 3211 1312 3303 iocis,
1336 3238 1425 3315 que

287 3353 290 3364 ·
324 3332 434 3411 idem
475 3335 604 3410 benus
645 3337 783 3418 tenet,
812 3341 854 3410 et
882 3357 961 3410 nos
988 3330 1148 3410 adnisui
1192 3333 1282 3432 ipsa
1324 3333 1424 3410 ioca

324 3479 485 3533 corone
515 3479 591 3532 sue
622 3453 805 3554 legitime
843 3465 1036 3557 spectare
1064 3459 1107 3530 et
1133 3451 1263 3555 ipsius
1295 3451 1424 3550 juris·

325 3573 519 3652 dictionis
548 3596 657 3651 esse.
686 3571 1008 3674 Respondentur
1035 3580 1078 3650 et
1107 3573 1257 3676 primo:

425 3694 633 3785 Primo,
662 3693 946 3774 circaioctum
972 3693 1277 3788 Narentoe,
1306 3695 1422 3794 quod

324 3823 636 3913 cognoscentes
671 3818 810 3918 ipsum
833 3815 1165 3896 *serenissimum
1205 3813 1424 3894 dominnm

325 3959 469 4036 regern
486 3963 542 4014 :se
557 3960 730 4015 morere
746 3959 799 4013 ex
814 3934 1012 4036 singulari
1037 3931 1275 4026 affectione,
1296 3959 1423 4036 quarn

324 4059 376 4134 cd
404 4083 482 4134 nos
508 4055 659 4144 habet,
699 4057 840 4136 eidem
882 4062 1038 4160 quanto
1072 4057 1167 4160 pius
1195 4079 1424 4159 possumus

325 4176 600 4274 regrotiemur
626 4183 668 4253 et
695 4175 896 4265 dicimus,
923 4177 1037 4277 quod
1066 4178 1124 4254 ob
1152 4197 1297 4252 rerum
1324 4175 1424 4252 omi
