3230 5104
337 591 338 594 ‘
430 575 523 656 uso
550 581 687 654 nutem
730 579 947 680 responsio
990 587 1135 656 nostro
1173 579 1424 658 iustificetur

329 703 373 772 et
398 696 648 778 honestetur
677 721 771 774 oum
801 696 1002 798 predictis
1029 705 1073 773 ei
1101 696 1191 774 aliis
1222 697 1421 776 omnibus

330 815 452 896 bonis
480 827 523 896 et
551 816 797 895 decentibus
837 817 1004 907 verbis,
1042 841 1124 918 que
1154 817 1337 915 collegio
1364 817 1424 892 vi·
1543 897 1545 906 ,
1602 853 1604 954 4

331 936 549 1016 debuninr.
1601 967 1604 1122 ¹

652 1108 755 1174 Seer.
778 1129 879 1173 cons.
905 1127 981 1193 rog.
1006 1107 1078 1171 Lib.
1105 1107 1196 1172 xxi.
1224 1107 1277 1172 eh.
1302 1107 1375 1170 llil.

447 1329 708 1430 GDXCV·
739 1357 848 1431 1462.
878 1357 939 1430 28.
967 1352 1305 1431 Februarii.

331 1527 493 1586 Mondou
518 1544 698 1586 adurerent
734 1543 924 1586 noeaoeane
949 1545 1050 1602 roone
1073 1529 1320 1600 suessones-s,
1355 1545 1424 1586 ιοι

350 1647 465 1690 nennio
487 1632 720 1698 Mureniana,
745 1647 844 1688 nanos
870 1647 1060 1688 ouaoeoorr.
1094 1630 1173 1688 inus.
1199 1647 1306 1705 npern
1334 1647 1405 1700 om·

808 1734 950 1810 Typm.

433 1883 624 1987 Cepituia
652 1890 748 1960 eunt
775 1882 855 1960 hee
882 1882 1081 1962 videlicet
1107 1893 1307 1986 porrecta
1344 1909 1430 1988 per

331 2002 1065 2084 embossndoresserenissimi
1103 2003 1265 2102 regis
1293 2005 1427 2083 Bos·

328 2150 376 2202 sr
392 2151 417 2201 n
435 2149 472 2201 e.

432 2261 715 2340 Serenissimo
745 2261 952 2365 principe.
980 2259 1030 2338 ΕΙ
1058 2262 1426 2338 serenissimo

332 2407 390 2458 re
418 2383 484 2458 de
525 2379 777 2460 Bossine
803 2381 993 2485 supplica
1021 2406 1045 2458 o
1071 2383 1110 2458 la
1143 2381 1427 2459 illustrissimo

328 2499 509 2598 signorie
523 2507 680 2594 vostra,
699 2500 1070 2579 commemorando
1088 2525 1191 2605 ooxe
1215 2526 1288 2578 sun
1303 2527 1427 2582 esser

328 2620 445 2698 stede
472 2641 641 2722 sempre
670 2623 710 2698 in
738 2624 895 2721 grande
934 2621 1114 2702 amicitia
1157 2645 1253 2701 oum
1281 2622 1319 2698 ia
1345 2623 1427 2723 sig·

331 2739 449 2817 noria
477 2745 618 2818 vostre
645 2749 825 2821 etsenze
856 2741 1269 2842 algonadifferentia.
1298 2741 1429 2823 Ades·

331 2882 380 2935 so
410 2863 648 2938 oonstretto
676 2863 728 2940 do
756 2861 913 2963 grande
940 2863 1131 2963 perioolo
1161 2864 1424 2968 etudesegno

330 2979 380 3054 ei
408 2978 604 3058 'Poroo
647 2981 685 3061 io
714 2991 862 3060 contro
891 2984 942 3059 de
973 2983 1028 3061 lui
1058 3007 1143 3060 con
1185 2982 1425 3060 deliberati·

331 3122 385 3177 on
428 3100 479 3176 de
522 3124 710 3206 occupor
738 3105 777 3179 ei
813 3129 889 3180 suo
932 3125 1090 3203 regno,
1131 3103 1420 3182 dechierando

329 3221 383 3299 tai
414 3225 666 3322 occupatiori
697 3249 813 3304 esser
855 3233 1161 3304 summanrente
1204 3233 1348 3302 eontra
1378 3223 1419 3302 ei

328 3343 447 3419 sindo
476 3353 634 3421 vostro.
662 3343 695 3421 E
724 3351 873 3447 quesio
905 3345 1032 3424 oredo
1062 3347 1100 3424 la
1127 3344 1311 3444 signorie
1348 3367 1421 3422 vo·

327 3471 414 3540 stra
443 3471 717 3543 certamenie.
747 3463 795 3540 ΕΙ
823 3463 969 3541 Turno
998 3467 1131 3542 hauer
1167 3463 1306 3540 oxisdo
1335 3487 1421 3542 oon

329 3583 366 3660 ie
394 3608 471 3660 suo
513 3583 648 3662 boone
689 3588 861 3689 proprie
900 3588 940 3662 in
970 3595 1117 3688 questa
1158 3586 1296 3662 forma
1336 3609 1419 3662 oon

328 3727 411 3782 uno
440 3727 516 3782 suo
545 3706 740 3784 oonseier
766 3707 1011 3798 intrinsieo‚
1047 3709 1086 3784 ei
1116 3707 1211 3809 quai
1239 3707 1292 3783 he
1320 3704 1420 3782 dato

328 3826 475 3902 notitia
503 3831 768 3906 santamente
795 3829 832 3906 oi
863 3853 922 3905 re
952 3827 1018 3905 de
1045 3827 1323 3916 Bossina3
1351 3850 1418 3905 eo·

328 3973 395 4025 rne
423 3949 461 4026 ei
502 3949 647 4027 Tereo
675 3949 727 4028 he
768 3949 1004 4028 deliberato
1046 3973 1124 4050 per
1164 3950 1261 4049 ogni
1290 3949 1417 4024 modo

328 4075 475 4169 questo
503 4071 644 4148 esiode
671 4069 810 4170 iugnir
838 4071 991 4149 ndosso
1020 4070 1072 4148 de
1100 4068 1169 4158 ini,
1198 4067 1306 4144 edel
1334 4068 1415 4144 dn·

329 4207 390 4263 oe
418 4189 693 4282 steiano,
722 4193 974 4270 nominando
1004 4186 1416 4284 enchoriiognxi
