3192 5112
324 389 387 456 112

325 593 463 697 quod)
493 649 503 670 .
531 651 578 672 ..
614 619 660 672 se
701 595 965 697 interponot3
1001 598 1104 674 etsi
1130 603 1279 698 posset
1319 619 1416 698 pro·

332 737 484 792 curere
514 721 556 791 et
583 713 741 802 iacere,
768 714 882 814 quod
910 713 1100 792 dominns
1129 735 1206 792 rex
1234 713 1418 816 praedio-

324 845 388 916 tus
429 835 623 936 disponat
662 833 843 911 animum
890 858 1010 913 suum
1051 836 1335 916 ud'unionem
1373 842 1416 912 et

325 953 651 1056 (advivendum)
679 953 895 1030 nobiscum
911 952 951 1030 in
979 979 1084 1057 poce
1112 961 1155 1034 et
1182 978 1341 1042 umore,
1364 955 1413 1032 si·-

324 1080 396 1156 cut
421 1097 562 1152 sumus
589 1073 784 1178 dispositi
812 1097 911 1174 erga
939 1098 1048 1162 eum,
1077 1075 1162 1154 hoc
1189 1073 1415 1173 nobisgru·

322 1205 410 1276 tum
452 1205 565 1275 esset
603 1195 887 1296 multipliciter
1121 1197 1412 1296 subjungendo

323 1317 434 1421 quod
462 1341 538 1418 per
565 1315 854 1394 umbaxatores
883 1324 1071 1404 nostros,
1107 1318 1334 1396 destinatos
1362 1315 1413 1394 od

321 1440 553 1534 dominum,
574 1460 717 1537 regern
759 1435 1018 1536 Hungoriae,
1047 1438 1267 1532 sensimus,
1297 1438 1412 1540 quod

321 1558 1413 1664 umbnxatoressueeMojestotistopud

320 1682 494 1782 dicium)
548 1739 558 1758 .
601 1736 612 1756 .
658 1737 665 1752 .
732 1704 902 1780 regem,
958 1680 1185 1781 tetigerunt
1238 1683 1277 1760 ei
1329 1680 1413 1782 pui-

320 1827 391 1882 ora
419 1809 461 1880 et
488 1804 671 1905 gratiosa
700 1805 828 1879 verbu
858 1801 897 1880 in
923 1802 1112 1880 favorem
1140 1809 1343 1890 nostrum,
1359 1803 1412 1878 de

320 1949 405 2026 quo
456 1924 538 2002 sibi
591 1922 865 2024 regratiamur
907 1923 1135 2006 immense,
1190 1922 1413 2002 eredentes

320 2047 434 2144 (eum
475 2044 692 2144 continuo)
729 2099 779 2144 ·,·
810 2101 820 2120 .
862 2043 1054 2144 reperire
1083 2042 1332 2146 dispositum
1361 2039 1411 2116 ud

320 2160 690 2250 conservationem
718 2172 903 2240 nostram
930 2162 1089 2264 pariter
1111 2167 1235 2263 atque
1250 2167 1411 2240 statum.

738 2300 845 2366 Serr.
878 2301 1007 2390 Rogat.
1031 2299 1100 2366 Lib.
1125 2297 1168 2365 li.
1192 2301 1232 2366 B.
1257 2299 1365 2366 cit-4,

525 2453 825 2553 LXXXVI.
856 2475 966 2551 rsus.
997 2477 1045 2550 m
1071 2471 1204 2550 nan.

318 2671 457 2726 ssasane
478 2681 517 2724 ce
531 2681 632 2739 rueny
652 2667 915 2740 'rporuposom
926 2683 964 2735 ga
977 2683 1080 2736 rossa
1095 2683 1159 2738 ogr»
1173 2680 1271 2724 uuoan
1286 2667 1410 2734 flasse,

319 2773 423 2848 doure
459 2784 557 2830 russo
582 2771 750 2840 Miasena,
773 2787 844 2826 uma
871 2785 966 2826 nume
991 2785 1055 2840 oss
1081 2772 1232 2828 meeum
1257 2783 1316 2824 eso
1343 2783 1408 2824 un

649 2889 778 2948 yorynu
803 2890 888 2932 oros
911 2865 1075 2971 renuunt.

421 2993 563 3096 Capta:
591 3015 684 3068 oum
713 2978 907 3070 comes
940 2987 1153 3068 Paulus
1181 2998 1325 3069 notum
1354 2985 1407 3064 fe·

318 3113 423 3190 oerit
451 3109 750 3194 dominationi,
780 3111 891 3211 quod
929 3109 1018 3185 eius
1048 3115 1182 3187 castra
1211 3116 1253 3186 et
1281 3105 1406 3184 loca*

318 3234 418 3311 dure
444 3229 564 3309 nobis
591 3229 777 3319 intendit,
800 3233 1181 3334 juxtepreeeptum
1212 3227 1405 3307 fratris
1498 3309 1501 3318 ,

361 3388 379 3424 *
403 3393 455 3449 'ro
481 3409 573 3450 sors:
596 3391 800 3452 §cardonam
824 3397 857 3447 et
880 3389 1030 3464 Ciissam1
1056 3407 1122 3464 spu·
1138 3390 1346 3464 Oerposuuy
1366 3404 1405 3462 ey

402 3497 487 3554 ssim
513 3512 595 3566 oure
624 3511 729 3550 neuun
756 3493 914 3570 nisinun,
938 3510 1000 3549 uos
1025 3511 1064 3553 ce
1088 3512 1169 3564 suun
1197 3511 1259 3552 usn
1285 3507 1404 3549 uncus:

457 3603 535 3658 loir
560 3597 670 3656 indict.
694 3599 715 3654 Ι.
741 3607 781 3653 zo
804 3595 1007 3666 Novembris,
1030 3615 1086 3666 mo
1110 3613 1148 3656 ce
1174 3612 1269 3653 seruo:

401 3705 496 3778 Quod
521 3699 680 3762 scribatur
703 3701 862 3760 comiti
887 3695 1133 3781 ntaladtno,
1154 3701 1290 3780 qualiter
1310 3717 1403 3759 rene·

401 3807 510 3884 pimus
533 3809 669 3867 littores·
680 3823 758 3866 suas
781 3805 978 3865 mentionem
1010 3819 1147 3883 agentes
1182 3809 1233 3865 de
1261 3805 1364 3864 trad
1378 3803 1402 3862 i·

399 3911 529 3970 tione
560 3909 710 3968 castri
743 3909 1023 3970 Ostrovieue
1054 3913 1093 3970 in
1125 3907 1336 3971 manibus
1360 3919 1403 3967 ot

400 4011 556 4072 toreio
586 4014 644 4072 Un
661 4029 891 4089 gni-orum,
914 4009 1000 4089 quod
1025 4009 1120 4074 nobi·
1143 4008 1279 4075 muitum
1302 4031 1403 4089 gravo

401 4126 435 4176 st
456 4111 627 4177 molestum
651 4117 710 4178 init
731 4125 792 4177 eto.

684 4241 785 4310 Bure:
808 4241 900 4299 secr.
922 4241 1005 4316 Ros·
1029 4237 1097 4298 Lib.
1122 4240 1146 4298 1.
1170 4240 1206 4297 Α.
1230 4239 1281 4298 ch.
1306 4251 1355 4300 ss.
