3206 5110
364 600 707 707 ambassiatorem,
736 619 833 719 quia
861 619 1088 722 sperabant
1115 611 1311 712 indubie,
1342 619 1455 720 quod

240 723 247 748 '
362 765 432 820 res
463 743 617 819 bonum
646 737 822 818 haberet
850 739 1019 822 exituum,
1048 738 1159 816 trude
1185 765 1263 818 nos
1282 738 1455 817 siccon-

361 861 463 940 teati
491 859 642 937 fuimus
685 859 842 936 facere.
894 857 1012 935 Haec
1041 866 1179 936 autem
1221 860 1359 937 omnia
1388 883 1455 935 ro·

363 981 634 1059 lumusuobis
661 979 755 1056 iore
783 985 968 1074 enarata‚
996 983 1042 1055 ut
1069 980 1192 1082 plene
1209 981 1455 1058 informatus
1585 1019 1586 1026 κ

361 1100 534 1206 possitis
575 1100 723 1178 melius
764 1099 1010 1176 deffendere
1052 1101 1238 1178 rationes
1278 1111 1458 1186 nostran,
1585 1135 1586 1140 Ν

363 1229 407 1302 et
432 1245 510 1326 per
538 1243 808 1322 consequens
837 1217 1051 1298 deducere
1080 1243 1170 1297 ram
1186 1225 1237 1300 ad
1266 1227 1455 1325 optatum
1585 1237 1586 1304 l

363 1341 500 1427 linem,
530 1365 624 1419 cum
653 1339 806 1416 nostris
835 1339 1019 1416 consiliis
1047 1347 1292 1438 rogatorum
1321 1347 1363 1419 et
1391 1341 1456 1420 ad·
1584 1373 1586 1398 ¹

363 1462 544 1548 dicionis
583 1459 708 1538 robis
748 1457 982 1536 scribentes
1036 1468 1160 1562 atque
1201 1464 1458 1552 mandantes,
1585 1469 1586 1472 ‘

363 1591 567 1684 quatenus
608 1578 793 1683 receptis
833 1579 1136 1680 praesentibus,
1164 1581 1351 1660 debeatis
1379 1605 1457 1657 vos

362 1701 600 1800 intelligere
634 1725 728 1777 cum
757 1700 946 1804 praelato
976 1699 1147 1781 domino
1178 1703 1387 1801 Georgia,
1415 1708 1459 1778 et

360 1847 440 1906 uos
469 1822 518 1899 ad
546 1823 638 1899 eius
665 1821 944 1925 praesentiam
973 1825 1457 1927 conferreetpraesen·

361 1941 458 2021 tatis
486 1941 645 2019 nostris
674 1939 825 2018 litteris
854 1941 1191 2031 credentialibus,
1215 1942 1459 2044 quasrobis

363 2062 562 2140 mittimus
592 2060 886 2162 praesentibus
915 2063 1115 2162 alligatas,
1146 2073 1189 2142 et
1216 2062 1335 2142 l‘aetis
1362 2063 1458 2140 ami·
1585 2115 1586 2118 a

363 2180 566 2260 cabilibus
595 2179 915 2260 salutationibus
945 2189 987 2260 et
1002 2183 1302 2274 oblationibus,
1328 2193 1458 2285 prout
1585 2207 1586 2216 ³

362 2303 516 2382 honori
544 2309 694 2380 nostro
724 2311 767 2379 et
793 2327 870 2378 suo
899 2302 1092 2382 videbitis
1121 2305 1378 2389 contenire,
1406 2327 1457 2382 ac

362 2417 486 2501 etiam
528 2422 806 2521 praesentatis
848 2421 1090 2501 muneribus
1128 2423 1253 2502 vobis
1304 2425 1457 2508 missis,

288 2559 292 2568 ·
365 2539 696 2640 magnificentia-e
735 2565 837 2620 suae
878 2542 1022 2622 dicere
1064 2541 1276 2623 debeatis:
1339 2539 1456 2644 quod

362 2665 459 2768 darm
488 2664 663 2743 fuissent
690 2667 740 2743 ad
771 2675 958 2744 nostram
987 2663 1268 2770 praesentiam
1293 2672 1457 2767 specta·

341 2777 469 2857 biles
498 2787 694 2860 oratores
722 2785 799 2868 sui,
829 2773 943 2862 missi
971 2793 1015 2861 ut
1038 2783 1236 2862 dixerunt
1249 2807 1328 2886 pro
1345 2807 1457 2862 eom·

361 2903 575 3004 plemento
604 2913 647 2980 et
674 2903 781 2982 bona
811 2905 1064 2984 executione
1080 2908 1197 3008 pacis
1215 2907 1455 2986 celebratae

359 3029 441 3100 etc.
480 3047 589 3126 quos
618 3030 737 3103 certe
763 3022 949 3102 vidimus·
967 3023 1165 3103 alacriter
1189 3029 1232 3103 et
1265 3025 1458 3115 libenter,

360 3144 506 3221 intuitu
535 3152 577 3224 et
591 3147 948 3247 contemplatione
975 3169 1076 3233 suae
1105 3146 1456 3248 magnificentiae,

214 3259 216 3264 ’
359 3289 482 3366 quam
510 3263 712 3342 habemus
741 3276 783 3344 et
810 3267 970 3346 habere
998 3266 1250 3348 intendimus
1272 3269 1312 3343 in
1329 3270 1454 3348 caria·

359 3385 508 3463 simum
537 3387 730 3476 iralrem;
758 3411 841 3466 non
857 3389 1044 3468 valentes
1069 3413 1289 3468 remanere
1303 3412 1453 3468 secum

357 3511 398 3584 iu
415 3506 663 3596 concordio,
677 3508 845 3586 deiectu
862 3509 1077 3598 libertatis,
1094 3517 1139 3586 ut
1154 3509 1232 3613 ipsi
1247 3510 1454 3598 dixerunt,

358 3628 468 3704 sicut
495 3627 724 3708 dominatio
751 3639 897 3710 uestra
925 3653 1008 3709 raon
1038 3631 1201 3709 dubitat
1218 3632 1335 3733 ipsos
1351 3656 1453 3710 suos

359 3749 671 3834 ambaxiatores
698 3751 967 3850 magnitudini
996 3775 1097 3844 suaa
1126 3751 1341 3842 retulisse,
1382 3777 1453 3856 op·

359 3877 495 3949 tantas
522 3887 670 3972 pacem
699 3880 742 3950 et
757 3873 939 3974 quietem
968 3872 1127 3950 habere
1145 3897 1240 3950 cum
1258 3875 1453 3953 omnibus

362 3986 624 4086 Christianis,
648 4000 689 4066 et
705 3991 948 4092 specialiter
975 4015 1073 4068 cum
1096 3991 1251 4070 illustri
1281 3995 1451 4072 domino

362 4107 500 4211 desp
518 4133 542 4186 o
559 4118 574 4187 t
590 4135 615 4186 o
632 4121 696 4194 etv
714 4134 787 4190 sua
816 4114 1113 4212 magnitudine,
1145 4139 1252 4216 quos
1280 4121 1325 4192 ut
1351 4117 1455 4194 diui·

361 4251 465 4322 mus,
493 4227 695 4309 habemus
723 4239 765 4309 et
791 4233 951 4314 habere
981 4234 1235 4313 intendimus
1257 4236 1299 4313 iu
1329 4236 1451 4316 caris·
