3212 5116
316 381 385 458 m

319 599 458 670 cestro
488 589 701 670 Ciissii
730 596 771 670 et
800 589 1168 678 Scerdonoc,
1208 591 1274 670 vei
1303 593 1398 670 eite-

315 735 407 788 rum
437 733 597 793 eorum.
625 712 658 790 si
686 711 810 788 ambo
837 708 983 786 heberi
1010 737 1096 790 non
1124 721 1317 815 possent3
1344 715 1401 791 of·

318 831 496 908 ferendo
539 840 685 908 tenere
726 835 768 904 ct
806 832 1018 909 custodire
1060 857 1108 910 ec
1146 857 1400 911 conservare

317 951 565 1032 eonomine
607 949 706 1028 dicii
749 949 969 1027 domini
1010 949 1400 1055 imperatoris

314 1073 643 1178 praedicti,
684 1072 897 1174 possendo
937 1071 1189 1173 promittere
1232 1077 1286 1154 ob
1315 1077 1399 1154 hoc

314 1195 383 1273 isti
417 1191 689 1278 embaxatori,
717 1192 752 1267 si
780 1189 861 1268 erit
887 1214 1008 1267 sousa
1038 1191 1215 1272 faciendi
1237 1194 1425 1274 ¹obtine·¹

316 1338 363 1392 re
390 1313 485 1400 hoc,
514 1320 556 1390 et
582 1312 665 1389 iliis
693 1311 887 1414 personis
917 1335 1024 1413 quac
1069 1313 1129 1390 cis
1157 1315 1224 1390 vei
1252 1315 1399 1394 maiori

315 1436 422 1538 perti
449 1435 631 1538 ipsarum
653 1431 907 1522 viderentur,
934 1456 1069 1533 usque
1098 1436 1148 1512 ed
1177 1434 1401 1514 libreslli,

315 1557 429 1635 mille
467 1579 705 1659 parvorum.
757 1554 811 1632 Et
836 1553 929 1632 viso
971 1554 1052 1633 fine
1093 1555 1212 1634 istius
1246 1557 1402 1655 negotii

316 1683 397 1754 tarn
438 1678 475 1754 si
502 1673 760 1752 obtinuerint
800 1674 910 1753 dicis
939 1679 1098 1763 cestra,
1138 1700 1260 1778 quern
1302 1701 1399 1764 non,

316 1793 471 1872 deinde
495 1793 632 1872 dictus
660 1801 805 1870 noster
832 1793 1019 1872 notarius
1047 1795 1168 1873 simui
1198 1821 1291 1874 cum
1321 1819 1399 1874 am·

316 1917 518 1994 baxatore
546 1913 764 2017 praedicto
790 1901 912 1993 vadet
939 1914 990 1992 ed
1017 1913 1291 1993 SrJecohum
1308 1916 1398 1993 Del·

313 2034 469 2139 phion,
498 2034 815 2113 embexetorem
842 2041 1054 2122 nostrum,
1084 2036 1150 2114 cui
1177 2035 1400 2113 informato

313 2156 450 2258 primo
492 2156 544 2232 de
572 2158 791 2234 embexate
819 2155 1060 2260 proedicto,
1104 2157 1291 2234 comittet
1318 2180 1398 2258 pro

313 2282 458 2354 nostre
484 2283 629 2379 perte,
670 2277 784 2377 quod
826 2302 922 2358 curn
963 2276 1077 2378 omni
1116 2275 1401 2354 sollicitudine

315 2398 437 2475 vadet
475 2397 526 2474 ed
553 2395 841 2498 praesenciam
870 2396 1029 2490 domini
1075 2396 1186 2496 regis
1214 2396 1402 2499 proedic-

314 2519 358 2604 ti,
398 2524 439 2598 et·
480 2525 681 2618 procuret
721 2516 836 2618 quod
876 2519 966 2621 ipse
1017 2541 1094 2593 rex
1135 2522 1402 2594 contentetur

315 2640 430 2740 quod
472 2646 609 2716 cestre
650 2637 865 2742 proedicto
905 2636 1037 2718 iibere
1078 2639 1118 2716 in
1145 2661 1288 2716 manus
1327 2662 1401 2716 no·

314 2765 422 2836 siras
449 2759 695 2856 devenient,
737 2761 954 2863 poscendo
985 2759 1163 2838 finaliter
1188 2757 1401 2861 promitte·
1462 2775 1491 2812 ⁶

315 2903 467 2985 repro
509 2881 705 2960 habendo
735 2883 858 2959 ambo
899 2883 987 2982 ipse
1015 2887 1152 2960 cestre
1180 2905 1275 2958 cum
1311 2879 1403 2957 bur·

315 3000 407 3102 ghis
433 3003 518 3082 suis
546 3027 679 3104 usqne
708 3002 758 3079 ad
786 3004 928 3082 libras.
958 3001 1001 3080 C.
1019 3002 1132 3080 mille
1160 3025 1401 3104 parvorum,

315 3129 358 3202 ct
385 3122 421 3198 si
449 3123 573 3200 ambo
619 3118 765 3201 heberi
791 3145 877 3202 non
903 3130 1106 3224 possent,
1147 3120 1281 3224 possit
1307 3144 1401 3224 pro·

315 3241 482 3321 mittere
511 3241 692 3318 {inoliter
727 3265 805 3343 pro
836 3241 986 3320 Clissie
1023 3265 1119 3317 cnm
1145 3238 1310 3341 burgho
1339 3265 1402 3318 us·

315 3385 397 3462 que
425 3363 475 3438 od
491 3357 631 3438 libres.
658 3360 737 3440 LX.
754 3361 877 3452 mitio,
906 3369 948 3438 et
974 3384 1052 3463 pro
1069 3360 1286 3442 Scardona
1306 3385 1402 3440 curn

315 3484 482 3584 burgho
510 3507 645 3585 usque
687 3482 825 3572 libres,
877 3481 959 3560 XL.
985 3482 1110 3578 mille,
1140 3506 1234 3562 cum
1264 3479 1402 3559 condi·

316 3603 438 3684 cione
468 3607 579 3706 quod
607 3606 718 3684 dicta
756 3603 933 3704 pecnnia
961 3602 1050 3680 dori
1076 3604 1145 3682 vei
1185 3602 1289 3678 solvi
1318 3625 1401 3680 non

315 3725 491 3817 debeat,
531 3725 608 3804 nisi
634 3724 773 3828 primo
802 3722 911 3800 dicte
940 3730 1077 3802 cestro
1104 3748 1198 3802 curn
1226 3719 1402 3822 burghis

316 3846 706 3947 assignetetnerint
733 3847 773 3923 in
804 3843 992 3924 manibus
1020 3845 1184 3924 nostris.
1226 3843 1271 3922 ln
1301 3867 1400 3922 osso

315 3993 416 4048 voro
454 3993 540 4071 quo
582 3977 717 4048 cestra
756 3967 971 4073 praedicte
1013 3977 1151 4046 essent
1191 3965 1402 4044 subtracta

316 4091 369 4168 de
409 4089 597 4167 menibus
639 4090 749 4188 regis
779 4087 946 4178 Raxioc,
987 4087 1228 4166 comittntur
1256 4081 1311 4160 Sr
1335 4081 1402 4160 Je-

316 4213 430 4290 cobo
469 4209 707 4314 Delphico,
749 4209 865 4312 quod
904 4209 1050 4286 redeat
1083 4207 1297 4284 Venetias.
1350 4203 1403 4282 nt
