<?xml version="1.0" encoding="UTF-8"?>
<!DOCTYPE html PUBLIC "-//W3C//DTD XHTML 1.0 Transitional//EN"
    "http://www.w3.org/TR/xhtml1/DTD/xhtml1-transitional.dtd">
<html xmlns="http://www.w3.org/1999/xhtml" xml:lang="en" lang="en">
 <head>
  <title>
</title>
<meta http-equiv="Content-Type" content="text/html;charset=utf-8" />
  <meta name='ocr-system' content='tesseract 3.04.00' />
  <meta name='ocr-capabilities' content='ocr_page ocr_carea ocr_par ocr_line ocrx_word'/>
</head>
<body>
  <div class='ocr_page' id='page_1' title='image "./actaarchivivene00sergoog_0630.png"; bbox 0 0 3234 5116; ppageno 0'>
   <div class='ocr_carea' id='block_1_1' title="bbox 266 331 447 442">
    <p class='ocr_par' dir='ltr' id='par_1_1' title="bbox 266 331 447 442">
     <span class='ocr_line' id='line_1_1' title="bbox 266 331 447 442; baseline -0.011 0"><span class='ocrx_word' id='word_1_1' title='bbox 266 331 362 442; x_wconf 55' lang='lat' dir='ltr'>&#39;rr&#39;</span> <span class='ocrx_word' id='word_1_2' title='bbox 443 333 447 346; x_wconf 75' lang='grc'><em>’</em></span> 
     </span>
    </p>
   </div>
   <div class='ocr_carea' id='block_1_2' title="bbox 209 582 1399 932">
    <p class='ocr_par' dir='ltr' id='par_1_2' title="bbox 209 582 1399 932">
     <span class='ocr_line' id='line_1_2' title="bbox 307 582 1398 678; baseline 0.005 -18"><span class='ocrx_word' id='word_1_3' title='bbox 307 582 412 662; x_wconf 84' lang='lat' dir='ltr'>dure·</span> <span class='ocrx_word' id='word_1_4' title='bbox 436 582 610 662; x_wconf 85' lang='lat' dir='ltr'>domum</span> <span class='ocrx_word' id='word_1_5' title='bbox 638 605 783 678; x_wconf 78' lang='lat' dir='ltr'>suem,</span> <span class='ocrx_word' id='word_1_6' title='bbox 808 583 1010 672; x_wconf 77' lang='lat' dir='ltr'>videlieet</span> <span class='ocrx_word' id='word_1_7' title='bbox 1050 591 1272 666; x_wconf 82' lang='lat' dir='ltr'>terram</span> <span class='ocrx_word' id='word_1_8' title='bbox 1314 587 1398 668; x_wconf 75' lang='lat' dir='ltr'>Co</span> 
     </span>
     <span class='ocr_line' id='line_1_3' title="bbox 209 704 1399 814; baseline 0.003 -31"><span class='ocrx_word' id='word_1_9' title='bbox 209 806 210 814; x_wconf 11' lang='grc' dir='ltr'><strong><em>Ν</em></strong></span> <span class='ocrx_word' id='word_1_10' title='bbox 309 704 425 784; x_wconf 83' lang='lat' dir='ltr'>turi</span> <span class='ocrx_word' id='word_1_11' title='bbox 452 708 894 809; x_wconf 72' lang='lat' dir='ltr'>eto.,resp0udemus;</span> <span class='ocrx_word' id='word_1_12' title='bbox 929 708 1042 808; x_wconf 90' lang='lat' dir='ltr'>quod</span> <span class='ocrx_word' id='word_1_13' title='bbox 1072 709 1174 792; x_wconf 83' lang='lat' dir='ltr'>atius</span> <span class='ocrx_word' id='word_1_14' title='bbox 1201 709 1302 786; x_wconf 89' lang='lat' dir='ltr'>dum</span> <span class='ocrx_word' id='word_1_15' title='bbox 1331 734 1399 786; x_wconf 86' lang='lat' dir='ltr'>eo·</span> 
     </span>
     <span class='ocr_line' id='line_1_4' title="bbox 307 817 1399 932; baseline 0.003 -32"><span class='ocrx_word' id='word_1_16' title='bbox 307 823 484 902; x_wconf 78' lang='lat' dir='ltr'>munitus</span> <span class='ocrx_word' id='word_1_17' title='bbox 520 825 727 904; x_wconf 79' lang='lat' dir='ltr'>Ceteri</span> <span class='ocrx_word' id='word_1_18' title='bbox 753 827 928 906; x_wconf 83' lang='lat' dir='ltr'>multum</span> <span class='ocrx_word' id='word_1_19' title='bbox 958 817 1259 932; x_wconf 80' lang='lat' dir='ltr'>oprimeret&#39;ur‚</span> <span class='ocrx_word' id='word_1_20' title='bbox 1285 826 1399 929; x_wconf 87' lang='lat' dir='ltr'>quod</span> 
     </span>
    </p>
   </div>
   <div class='ocr_carea' id='block_1_3' title="bbox 303 947 1518 1052">
    <p class='ocr_par' dir='ltr' id='par_1_3' title="bbox 303 947 1518 1052">
     <span class='ocr_line' id='line_1_5' title="bbox 303 947 1518 1052; baseline 0.003 -32"><span class='ocrx_word' id='word_1_21' title='bbox 303 971 392 1024; x_wconf 84' lang='lat' dir='ltr'>¹non</span> <span class='ocrx_word' id='word_1_22' title='bbox 421 951 620 1049; x_wconf 81' lang='lat' dir='ltr'>poterant</span> <span class='ocrx_word' id='word_1_23' title='bbox 646 971 692 1024; x_wconf 84' lang='lat' dir='ltr'>se</span> <span class='ocrx_word' id='word_1_24' title='bbox 719 949 927 1027; x_wconf 86' lang='lat' dir='ltr'>sustinere</span> <span class='ocrx_word' id='word_1_25' title='bbox 970 999 1139 1024; x_wconf 91' lang='grc'><strong>.....</strong></span> <span class='ocrx_word' id='word_1_26' title='bbox 1179 947 1400 1052; x_wconf 82' lang='lat' dir='ltr'>supiiosvit</span> <span class='ocrx_word' id='word_1_27' title='bbox 1512 949 1518 974; x_wconf 93' lang='lat'><strong><em>‘</em></strong></span> 
     </span>
    </p>
   </div>
   <div class='ocr_carea' id='block_1_4' title="bbox 244 1061 1473 4308">
    <p class='ocr_par' dir='ltr' id='par_1_4' title="bbox 306 1061 1473 1775">
     <span class='ocr_line' id='line_1_6' title="bbox 306 1061 1398 1172; baseline 0.002 -28"><span class='ocrx_word' id='word_1_28' title='bbox 306 1073 352 1144; x_wconf 90' lang='lat' dir='ltr'>ut</span> <span class='ocrx_word' id='word_1_29' title='bbox 379 1061 650 1169; x_wconf 82' lang='lat' dir='ltr'>dignaremur</span> <span class='ocrx_word' id='word_1_30' title='bbox 661 1091 758 1168; x_wconf 37' lang='lat' dir='ltr'>,enm</span> <span class='ocrx_word' id='word_1_31' title='bbox 774 1071 853 1147; x_wconf 86' lang='lat' dir='ltr'>sub</span> <span class='ocrx_word' id='word_1_32' title='bbox 870 1075 1020 1156; x_wconf 87' lang='lat' dir='ltr'>nostro</span> <span class='ocrx_word' id='word_1_33' title='bbox 1035 1068 1220 1148; x_wconf 88' lang='lat' dir='ltr'>dominio</span> <span class='ocrx_word' id='word_1_34' title='bbox 1250 1093 1398 1172; x_wconf 77' lang='lat' dir='ltr'>necep-</span> 
     </span>
     <span class='ocr_line' id='line_1_7' title="bbox 307 1188 1473 1280; baseline -0.001 -14"><span class='ocrx_word' id='word_1_35' title='bbox 307 1193 421 1280; x_wconf 71' lang='lat' dir='ltr'>tare,</span> <span class='ocrx_word' id='word_1_36' title='bbox 461 1211 514 1268; x_wconf 88' lang='lat' dir='ltr'>ne</span> <span class='ocrx_word' id='word_1_37' title='bbox 543 1189 625 1268; x_wconf 83' lang='lat' dir='ltr'>iret</span> <span class='ocrx_word' id='word_1_38' title='bbox 651 1191 701 1278; x_wconf 77' lang='lat' dir='ltr'>ud</span> <span class='ocrx_word' id='word_1_39' title='bbox 730 1211 876 1268; x_wconf 81' lang='lat' dir='ltr'>manus</span> <span class='ocrx_word' id='word_1_40' title='bbox 902 1189 1081 1268; x_wconf 80' lang='lat' dir='ltr'>otiorum</span> <span class='ocrx_word' id='word_1_41' title='bbox 1110 1195 1259 1268; x_wconf 84' lang='lat' dir='ltr'>contra</span> <span class='ocrx_word' id='word_1_42' title='bbox 1286 1188 1397 1266; x_wconf 80' lang='lat' dir='ltr'>veile</span> <span class='ocrx_word' id='word_1_43' title='bbox 1467 1189 1473 1202; x_wconf 87' lang='grc'><em>“</em></span> 
     </span>
     <span class='ocr_line' id='line_1_8' title="bbox 306 1309 1397 1412; baseline 0.003 -29"><span class='ocrx_word' id='word_1_44' title='bbox 306 1331 442 1396; x_wconf 88' lang='lat' dir='ltr'>suum,</span> <span class='ocrx_word' id='word_1_45' title='bbox 469 1333 550 1390; x_wconf 89' lang='lat' dir='ltr'>uos</span> <span class='ocrx_word' id='word_1_46' title='bbox 578 1367 586 1384; x_wconf 94' lang='lat'><strong>.</strong></span> <span class='ocrx_word' id='word_1_47' title='bbox 616 1368 628 1390; x_wconf 86' lang='lat'><strong><em>.</em></strong></span> <span class='ocrx_word' id='word_1_48' title='bbox 656 1367 665 1388; x_wconf 88' lang='lat'><strong><em>.</em></strong></span> <span class='ocrx_word' id='word_1_49' title='bbox 693 1309 1056 1389; x_wconf 73' lang='lat' dir='ltr'><strong>..deliberavimus</strong></span> <span class='ocrx_word' id='word_1_50' title='bbox 1085 1333 1177 1388; x_wconf 81' lang='lat' dir='ltr'>eom</span> <span class='ocrx_word' id='word_1_51' title='bbox 1206 1315 1397 1412; x_wconf 81' lang='lat' dir='ltr'>suceptu-</span> 
     </span>
     <span class='ocr_line' id='line_1_9' title="bbox 306 1431 1396 1510; baseline -0.004 -4"><span class='ocrx_word' id='word_1_52' title='bbox 306 1452 391 1506; x_wconf 90' lang='lat' dir='ltr'>re.</span> <span class='ocrx_word' id='word_1_53' title='bbox 419 1481 430 1504; x_wconf 89' lang='lat'>.</span> <span class='ocrx_word' id='word_1_54' title='bbox 461 1487 472 1508; x_wconf 91' lang='lat'><strong>.</strong></span> <span class='ocrx_word' id='word_1_55' title='bbox 500 1485 511 1508; x_wconf 86' lang='lat'><strong>.</strong></span> <span class='ocrx_word' id='word_1_56' title='bbox 539 1435 582 1508; x_wconf 89' lang='lat' dir='ltr'>et</span> <span class='ocrx_word' id='word_1_57' title='bbox 596 1431 845 1510; x_wconf 83' lang='lat' dir='ltr'>intendimus</span> <span class='ocrx_word' id='word_1_58' title='bbox 873 1454 966 1510; x_wconf 83' lang='lat' dir='ltr'>eum</span> <span class='ocrx_word' id='word_1_59' title='bbox 993 1435 1140 1508; x_wconf 89' lang='lat' dir='ltr'>tenere</span> <span class='ocrx_word' id='word_1_60' title='bbox 1169 1433 1212 1508; x_wconf 89' lang='lat' dir='ltr'>et</span> <span class='ocrx_word' id='word_1_61' title='bbox 1227 1450 1396 1508; x_wconf 81' lang='lat' dir='ltr'>oonser·</span> 
     </span>
     <span class='ocr_line' id='line_1_10' title="bbox 306 1551 1396 1654; baseline 0.002 -30"><span class='ocrx_word' id='word_1_62' title='bbox 306 1573 406 1628; x_wconf 78' lang='lat' dir='ltr'>vare</span> <span class='ocrx_word' id='word_1_63' title='bbox 429 1559 578 1632; x_wconf 78' lang='lat' dir='ltr'>....et</span> <span class='ocrx_word' id='word_1_64' title='bbox 604 1577 802 1654; x_wconf 79' lang='lat' dir='ltr'><strong>rogamus</strong></span> <span class='ocrx_word' id='word_1_65' title='bbox 830 1553 987 1630; x_wconf 84' lang='lat' dir='ltr'>dietum</span> <span class='ocrx_word' id='word_1_66' title='bbox 1015 1551 1232 1632; x_wconf 80' lang='lat' dir='ltr'>dominum</span> <span class='ocrx_word' id='word_1_67' title='bbox 1260 1575 1396 1648; x_wconf 86' lang='lat' dir='ltr'>suurn,</span> 
     </span>
     <span class='ocr_line' id='line_1_11' title="bbox 306 1671 1210 1775; baseline 0.002 -27"><span class='ocrx_word' id='word_1_68' title='bbox 306 1671 419 1772; x_wconf 89' lang='lat' dir='ltr'>quod</span> <span class='ocrx_word' id='word_1_69' title='bbox 447 1697 470 1750; x_wconf 82' lang='lat' dir='ltr'><strong>a</strong></span> <span class='ocrx_word' id='word_1_70' title='bbox 499 1673 570 1766; x_wconf 82' lang='lat' dir='ltr'>tuli</span> <span class='ocrx_word' id='word_1_71' title='bbox 597 1674 877 1775; x_wconf 74' lang='lat' dir='ltr'>requisitione</span> <span class='ocrx_word' id='word_1_72' title='bbox 907 1697 954 1752; x_wconf 85' lang='lat' dir='ltr'>se</span> <span class='ocrx_word' id='word_1_73' title='bbox 982 1679 1210 1752; x_wconf 81' lang='lat' dir='ltr'>removeat.</span> 
     </span>
    </p>

    <p class='ocr_par' dir='ltr' id='par_1_5' title="bbox 244 1790 1399 3704">
     <span class='ocr_line' id='line_1_12' title="bbox 406 1790 1399 1896; baseline -0.008 -20"><span class='ocrx_word' id='word_1_74' title='bbox 406 1790 471 1876; x_wconf 81' lang='lat' dir='ltr'>Ad</span> <span class='ocrx_word' id='word_1_75' title='bbox 500 1793 817 1896; x_wconf 79' lang='lat' dir='ltr'>requisitionem</span> <span class='ocrx_word' id='word_1_76' title='bbox 839 1801 983 1880; x_wconf 71' lang='lat' dir='ltr'>nutem</span> <span class='ocrx_word' id='word_1_77' title='bbox 1012 1817 1134 1894; x_wconf 85' lang='lat' dir='ltr'>quum</span> <span class='ocrx_word' id='word_1_78' title='bbox 1154 1792 1327 1880; x_wconf 71' lang='lat' dir='ltr'>iucirmt,</span> <span class='ocrx_word' id='word_1_79' title='bbox 1353 1797 1399 1868; x_wconf 90' lang='lat' dir='ltr'>ut</span> 
     </span>
     <span class='ocr_line' id='line_1_13' title="bbox 306 1911 1396 1996; baseline -0.001 -8"><span class='ocrx_word' id='word_1_80' title='bbox 306 1911 484 1990; x_wconf 80' lang='lat' dir='ltr'>velimus</span> <span class='ocrx_word' id='word_1_81' title='bbox 512 1911 627 1992; x_wconf 85' lang='lat' dir='ltr'>dioto</span> <span class='ocrx_word' id='word_1_82' title='bbox 656 1915 826 1992; x_wconf 84' lang='lat' dir='ltr'>domino</span> <span class='ocrx_word' id='word_1_83' title='bbox 856 1938 934 1994; x_wconf 86' lang='lat' dir='ltr'>suo</span> <span class='ocrx_word' id='word_1_84' title='bbox 962 1912 1064 1990; x_wconf 81' lang='lat' dir='ltr'>dore</span> <span class='ocrx_word' id='word_1_85' title='bbox 1091 1937 1194 1996; x_wconf 81' lang='lat' dir='ltr'>suos</span> <span class='ocrx_word' id='word_1_86' title='bbox 1235 1913 1396 1990; x_wconf 84' lang='lat' dir='ltr'>denu-</span> 
     </span>
     <span class='ocr_line' id='line_1_14' title="bbox 305 2033 1395 2138; baseline -0.002 -26"><span class='ocrx_word' id='word_1_87' title='bbox 305 2035 460 2120; x_wconf 83' lang='lat' dir='ltr'>rios,</span> <span class='ocrx_word' id='word_1_88' title='bbox 505 2059 611 2136; x_wconf 83' lang='lat' dir='ltr'>quos</span> <span class='ocrx_word' id='word_1_89' title='bbox 637 2035 707 2112; x_wconf 85' lang='lat' dir='ltr'>hio</span> <span class='ocrx_word' id='word_1_90' title='bbox 734 2036 877 2136; x_wconf 79' lang='lat' dir='ltr'>posuit</span> <span class='ocrx_word' id='word_1_91' title='bbox 903 2037 944 2114; x_wconf 88' lang='lat' dir='ltr'>in</span> <span class='ocrx_word' id='word_1_92' title='bbox 972 2033 1195 2138; x_wconf 82' lang='lat' dir='ltr'>deposito,</span> <span class='ocrx_word' id='word_1_93' title='bbox 1223 2057 1395 2137; x_wconf 78' lang='lat' dir='ltr'>respon·</span> 
     </span>
     <span class='ocr_line' id='line_1_15' title="bbox 306 2154 1396 2258; baseline -0.001 -27"><span class='ocrx_word' id='word_1_94' title='bbox 306 2155 468 2249; x_wconf 83' lang='lat' dir='ltr'>demus,</span> <span class='ocrx_word' id='word_1_95' title='bbox 488 2154 602 2258; x_wconf 85' lang='lat' dir='ltr'>quod</span> <span class='ocrx_word' id='word_1_96' title='bbox 629 2177 802 2257; x_wconf 84' lang='lat' dir='ltr'>semper</span> <span class='ocrx_word' id='word_1_97' title='bbox 828 2155 1033 2232; x_wconf 82' lang='lat' dir='ltr'>veliemus</span> <span class='ocrx_word' id='word_1_98' title='bbox 1063 2155 1206 2237; x_wconf 79' lang='lat' dir='ltr'>iuuere</span> <span class='ocrx_word' id='word_1_99' title='bbox 1221 2179 1273 2234; x_wconf 79' lang='lat' dir='ltr'>ea</span> <span class='ocrx_word' id='word_1_100' title='bbox 1288 2175 1396 2255; x_wconf 77' lang='lat' dir='ltr'>quoe</span> 
     </span>
     <span class='ocr_line' id='line_1_16' title="bbox 306 2274 1395 2373; baseline -0.004 -20"><span class='ocrx_word' id='word_1_101' title='bbox 306 2275 602 2354; x_wconf 83' lang='lat' dir='ltr'>convenientia</span> <span class='ocrx_word' id='word_1_102' title='bbox 647 2274 791 2354; x_wconf 85' lang='lat' dir='ltr'>iurent</span> <span class='ocrx_word' id='word_1_103' title='bbox 830 2298 929 2373; x_wconf 78' lang='lat' dir='ltr'>erga</span> <span class='ocrx_word' id='word_1_104' title='bbox 970 2277 1127 2354; x_wconf 80' lang='lat' dir='ltr'>dictum</span> <span class='ocrx_word' id='word_1_105' title='bbox 1182 2275 1395 2354; x_wconf 88' lang='lat' dir='ltr'>dominum</span> 
     </span>
     <span class='ocr_line' id='line_1_17' title="bbox 306 2394 1397 2482; baseline -0.005 -4"><span class='ocrx_word' id='word_1_106' title='bbox 306 2395 498 2482; x_wconf 69' lang='lat' dir='ltr'>Bentleii,</span> <span class='ocrx_word' id='word_1_107' title='bbox 536 2398 612 2474; x_wconf 83' lang='lat' dir='ltr'>sed</span> <span class='ocrx_word' id='word_1_108' title='bbox 640 2397 748 2480; x_wconf 83' lang='lat' dir='ltr'>sicut</span> <span class='ocrx_word' id='word_1_109' title='bbox 774 2396 897 2476; x_wconf 83' lang='lat' dir='ltr'>dietis</span> <span class='ocrx_word' id='word_1_110' title='bbox 937 2394 1293 2476; x_wconf 76' lang='lat' dir='ltr'>ambassatoribus</span> <span class='ocrx_word' id='word_1_111' title='bbox 1327 2405 1397 2472; x_wconf 83' lang='lat' dir='ltr'>uo·</span> 
     </span>
     <span class='ocr_line' id='line_1_18' title="bbox 305 2517 1386 2618; baseline -0.003 -23"><span class='ocrx_word' id='word_1_112' title='bbox 305 2526 392 2596; x_wconf 84' lang='lat' dir='ltr'>tum</span> <span class='ocrx_word' id='word_1_113' title='bbox 420 2522 509 2604; x_wconf 83' lang='lat' dir='ltr'>est,</span> <span class='ocrx_word' id='word_1_114' title='bbox 553 2518 690 2597; x_wconf 77' lang='lat' dir='ltr'>dietus</span> <span class='ocrx_word' id='word_1_115' title='bbox 719 2518 911 2598; x_wconf 84' lang='lat' dir='ltr'>dominus</span> <span class='ocrx_word' id='word_1_116' title='bbox 938 2542 1037 2596; x_wconf 84' lang='lat' dir='ltr'>suus</span> <span class='ocrx_word' id='word_1_117' title='bbox 1063 2518 1193 2596; x_wconf 77' lang='lat' dir='ltr'>hebet</span> <span class='ocrx_word' id='word_1_118' title='bbox 1220 2517 1386 2618; x_wconf 83' lang='lat' dir='ltr'>cepti</span> 
     </span>
     <span class='ocr_line' id='line_1_19' title="bbox 304 2633 1397 2740; baseline -0.002 -26"><span class='ocrx_word' id='word_1_119' title='bbox 304 2663 330 2714; x_wconf 80' lang='lat' dir='ltr'>v</span> <span class='ocrx_word' id='word_1_120' title='bbox 347 2663 410 2714; x_wconf 85' lang='lat' dir='ltr'>os</span> <span class='ocrx_word' id='word_1_121' title='bbox 439 2645 620 2740; x_wconf 80' lang='lat' dir='ltr'>quotuor</span> <span class='ocrx_word' id='word_1_122' title='bbox 646 2635 856 2716; x_wconf 79' lang='lat' dir='ltr'>notabiles</span> <span class='ocrx_word' id='word_1_123' title='bbox 885 2638 1000 2715; x_wconf 86' lang='lat' dir='ltr'>oives</span> <span class='ocrx_word' id='word_1_124' title='bbox 1029 2644 1204 2716; x_wconf 84' lang='lat' dir='ltr'>nostros</span> <span class='ocrx_word' id='word_1_125' title='bbox 1244 2633 1397 2714; x_wconf 78' lang='lat' dir='ltr'>Cata-</span> 
     </span>
     <span class='ocr_line' id='line_1_20' title="bbox 306 2753 1394 2864; baseline -0.006 -28"><span class='ocrx_word' id='word_1_126' title='bbox 306 2757 495 2864; x_wconf 82' lang='lat' dir='ltr'>rinos,</span> <span class='ocrx_word' id='word_1_127' title='bbox 537 2765 579 2836; x_wconf 88' lang='lat' dir='ltr'>et</span> <span class='ocrx_word' id='word_1_128' title='bbox 604 2757 721 2862; x_wconf 84' lang='lat' dir='ltr'>ipsos</span> <span class='ocrx_word' id='word_1_129' title='bbox 748 2757 790 2836; x_wconf 93' lang='lat' dir='ltr'>in</span> <span class='ocrx_word' id='word_1_130' title='bbox 820 2754 1067 2837; x_wconf 82' lang='lat' dir='ltr'>carceribus</span> <span class='ocrx_word' id='word_1_131' title='bbox 1094 2764 1240 2854; x_wconf 84' lang='lat' dir='ltr'>tenet,</span> <span class='ocrx_word' id='word_1_132' title='bbox 1281 2753 1394 2856; x_wconf 88' lang='lat' dir='ltr'>quod</span> 
     </span>
     <span class='ocr_line' id='line_1_21' title="bbox 305 2876 1396 2977; baseline -0.004 -21"><span class='ocrx_word' id='word_1_133' title='bbox 305 2886 369 2956; x_wconf 85' lang='lat' dir='ltr'>est</span> <span class='ocrx_word' id='word_1_134' title='bbox 395 2885 545 2958; x_wconf 81' lang='lat' dir='ltr'>contro</span> <span class='ocrx_word' id='word_1_135' title='bbox 570 2901 741 2958; x_wconf 87' lang='lat' dir='ltr'>ornnem</span> <span class='ocrx_word' id='word_1_136' title='bbox 768 2877 1069 2958; x_wconf 78' lang='lat' dir='ltr'>humanitatem</span> <span class='ocrx_word' id='word_1_137' title='bbox 1098 2884 1141 2954; x_wconf 90' lang='lat' dir='ltr'>et</span> <span class='ocrx_word' id='word_1_138' title='bbox 1155 2876 1396 2977; x_wconf 67' lang='lat' dir='ltr'>equitatem</span> 
     </span>
     <span class='ocr_line' id='line_1_22' title="bbox 305 2993 1395 3102; baseline -0.002 -28"><span class='ocrx_word' id='word_1_139' title='bbox 305 3009 348 3077; x_wconf 81' lang='lat' dir='ltr'>st</span> <span class='ocrx_word' id='word_1_140' title='bbox 376 3005 608 3102; x_wconf 80' lang='lat' dir='ltr'>propterea</span> <span class='ocrx_word' id='word_1_141' title='bbox 633 2997 669 3074; x_wconf 82' lang='lat' dir='ltr'>si</span> <span class='ocrx_word' id='word_1_142' title='bbox 697 2997 836 3076; x_wconf 81' lang='lat' dir='ltr'>dietus</span> <span class='ocrx_word' id='word_1_143' title='bbox 863 2998 1062 3076; x_wconf 87' lang='lat' dir='ltr'>dominus</span> <span class='ocrx_word' id='word_1_144' title='bbox 1102 2995 1290 3078; x_wconf 79' lang='lat' dir='ltr'>Sonda</span> <span class='ocrx_word' id='word_1_145' title='bbox 1307 2993 1318 3072; x_wconf 90' lang='grc' dir='ltr'>Ι</span> <span class='ocrx_word' id='word_1_146' title='bbox 1334 3021 1395 3074; x_wconf 81' lang='lat' dir='ltr'>us</span> 
     </span>
     <span class='ocr_line' id='line_1_23' title="bbox 244 3101 1395 3220; baseline -0.001 -25"><span class='ocrx_word' id='word_1_147' title='bbox 244 3125 247 3141; x_wconf 90' lang='lat'>&#39;</span> <span class='ocrx_word' id='word_1_148' title='bbox 304 3117 501 3200; x_wconf 72' lang='lat' dir='ltr'>liberabit</span> <span class='ocrx_word' id='word_1_149' title='bbox 527 3115 674 3196; x_wconf 84' lang='lat' dir='ltr'>fideles</span> <span class='ocrx_word' id='word_1_150' title='bbox 700 3125 873 3196; x_wconf 87' lang='lat' dir='ltr'>nostros</span> <span class='ocrx_word' id='word_1_151' title='bbox 900 3101 1173 3220; x_wconf 81' lang='lat' dir='ltr'>praedictos,</span> <span class='ocrx_word' id='word_1_152' title='bbox 1200 3117 1257 3194; x_wconf 84' lang='lat' dir='ltr'>ita</span> <span class='ocrx_word' id='word_1_153' title='bbox 1285 3118 1395 3218; x_wconf 89' lang='lat' dir='ltr'>quod</span> 
     </span>
     <span class='ocr_line' id='line_1_24' title="bbox 303 3236 1397 3330; baseline -0.005 -12"><span class='ocrx_word' id='word_1_154' title='bbox 303 3239 385 3318; x_wconf 85' lang='lat' dir='ltr'>sint</span> <span class='ocrx_word' id='word_1_155' title='bbox 405 3241 446 3317; x_wconf 93' lang='lat' dir='ltr'>in</span> <span class='ocrx_word' id='word_1_156' title='bbox 464 3262 611 3316; x_wconf 88' lang='lat' dir='ltr'>eorum</span> <span class='ocrx_word' id='word_1_157' title='bbox 640 3236 847 3330; x_wconf 82' lang='lat' dir='ltr'>libertate,</span> <span class='ocrx_word' id='word_1_158' title='bbox 875 3245 918 3314; x_wconf 86' lang='lat' dir='ltr'>et</span> <span class='ocrx_word' id='word_1_159' title='bbox 944 3237 1112 3315; x_wconf 82' lang='lat' dir='ltr'>veniant</span> <span class='ocrx_word' id='word_1_160' title='bbox 1139 3236 1397 3327; x_wconf 77' lang='lat' dir='ltr'>Ceterum,</span> 
     </span>
     <span class='ocr_line' id='line_1_25' title="bbox 304 3347 1395 3462; baseline -0.003 -24"><span class='ocrx_word' id='word_1_161' title='bbox 304 3386 383 3438; x_wconf 90' lang='lat' dir='ltr'>nos</span> <span class='ocrx_word' id='word_1_162' title='bbox 411 3360 568 3438; x_wconf 83' lang='lat' dir='ltr'>erimus</span> <span class='ocrx_word' id='word_1_163' title='bbox 604 3347 739 3462; x_wconf 70' lang='lat' dir='ltr'>parati</span> <span class='ocrx_word' id='word_1_164' title='bbox 767 3357 905 3458; x_wconf 83' lang='lat' dir='ltr'>dictos</span> <span class='ocrx_word' id='word_1_165' title='bbox 934 3358 1132 3436; x_wconf 82' lang='lat' dir='ltr'>denarios</span> <span class='ocrx_word' id='word_1_166' title='bbox 1161 3357 1300 3436; x_wconf 85' lang='lat' dir='ltr'>eidem</span> <span class='ocrx_word' id='word_1_167' title='bbox 1328 3356 1395 3435; x_wconf 91' lang='lat' dir='ltr'>do·</span> 
     </span>
     <span class='ocr_line' id='line_1_26' title="bbox 281 3475 1395 3586; baseline 0 -29"><span class='ocrx_word' id='word_1_168' title='bbox 281 3480 417 3558; x_wconf 61' lang='lat' dir='ltr'>‘mino</span> <span class='ocrx_word' id='word_1_169' title='bbox 445 3504 523 3558; x_wconf 87' lang='lat' dir='ltr'>suo</span> <span class='ocrx_word' id='word_1_170' title='bbox 552 3477 679 3570; x_wconf 84' lang='lat' dir='ltr'>dore,</span> <span class='ocrx_word' id='word_1_171' title='bbox 720 3475 916 3558; x_wconf 85' lang='lat' dir='ltr'>veniente</span> <span class='ocrx_word' id='word_1_172' title='bbox 956 3502 1142 3586; x_wconf 84' lang='lat' dir='ltr'>persono</span> <span class='ocrx_word' id='word_1_173' title='bbox 1184 3485 1237 3555; x_wconf 78' lang='lat' dir='ltr'>&#39;ex</span> <span class='ocrx_word' id='word_1_174' title='bbox 1276 3485 1395 3581; x_wconf 83' lang='lat' dir='ltr'>purte</span> 
     </span>
     <span class='ocr_line' id='line_1_27' title="bbox 304 3597 1019 3704; baseline 0 -26"><span class='ocrx_word' id='word_1_175' title='bbox 304 3623 378 3680; x_wconf 81' lang='lat' dir='ltr'>suu</span> <span class='ocrx_word' id='word_1_176' title='bbox 407 3625 502 3681; x_wconf 90' lang='lat' dir='ltr'>oum</span> <span class='ocrx_word' id='word_1_177' title='bbox 532 3597 727 3678; x_wconf 78' lang='lat' dir='ltr'>libertate</span> <span class='ocrx_word' id='word_1_178' title='bbox 755 3600 1019 3704; x_wconf 77' lang='lat' dir='ltr'>adplenum.</span> 
     </span>
    </p>

    <p class='ocr_par' dir='ltr' id='par_1_6' title="bbox 303 3721 1392 3944">
     <span class='ocr_line' id='line_1_28' title="bbox 405 3721 1392 3825; baseline -0.006 -23"><span class='ocrx_word' id='word_1_179' title='bbox 405 3721 512 3802; x_wconf 84' lang='lat' dir='ltr'>Aiii</span> <span class='ocrx_word' id='word_1_180' title='bbox 540 3722 717 3801; x_wconf 87' lang='lat' dir='ltr'>volun</span> <span class='ocrx_word' id='word_1_181' title='bbox 734 3729 763 3800; x_wconf 83' lang='lat' dir='ltr'>t:</span> <span class='ocrx_word' id='word_1_182' title='bbox 790 3724 902 3824; x_wconf 89' lang='lat' dir='ltr'>quod</span> <span class='ocrx_word' id='word_1_183' title='bbox 931 3721 982 3799; x_wconf 81' lang='lat' dir='ltr'>od</span> <span class='ocrx_word' id='word_1_184' title='bbox 1010 3723 1191 3825; x_wconf 88' lang='lat' dir='ltr'>primum</span> <span class='ocrx_word' id='word_1_185' title='bbox 1219 3743 1392 3823; x_wconf 86' lang='lat' dir='ltr'>respon·</span> 
     </span>
     <span class='ocr_line' id='line_1_29' title="bbox 303 3842 753 3944; baseline -0.004 -24"><span class='ocrx_word' id='word_1_186' title='bbox 303 3842 452 3920; x_wconf 77' lang='lat' dir='ltr'>dentur</span> <span class='ocrx_word' id='word_1_187' title='bbox 477 3847 523 3918; x_wconf 91' lang='lat' dir='ltr'>ut</span> <span class='ocrx_word' id='word_1_188' title='bbox 549 3864 677 3944; x_wconf 80' lang='lat' dir='ltr'>supro</span> <span class='ocrx_word' id='word_1_189' title='bbox 705 3895 716 3917; x_wconf 92' lang='lat'><strong>.</strong></span> <span class='ocrx_word' id='word_1_190' title='bbox 742 3897 753 3918; x_wconf 90' lang='lat'><strong>.</strong></span> 
     </span>
    </p>

    <p class='ocr_par' dir='ltr' id='par_1_7' title="bbox 302 3961 1393 4308">
     <span class='ocr_line' id='line_1_30' title="bbox 404 3961 1393 4064; baseline -0.004 -24"><span class='ocrx_word' id='word_1_191' title='bbox 404 3961 468 4040; x_wconf 79' lang='lat' dir='ltr'>Ad</span> <span class='ocrx_word' id='word_1_192' title='bbox 483 3961 804 4064; x_wconf 82' lang='lat' dir='ltr'>requisitionem</span> <span class='ocrx_word' id='word_1_193' title='bbox 833 3968 971 4040; x_wconf 83' lang='lat' dir='ltr'>autem</span> <span class='ocrx_word' id='word_1_194' title='bbox 996 3961 1269 4040; x_wconf 84' lang='lat' dir='ltr'>denariorum</span> <span class='ocrx_word' id='word_1_195' title='bbox 1286 3983 1393 4062; x_wconf 78' lang='lat' dir='ltr'>quos</span> 
     </span>
     <span class='ocr_line' id='line_1_31' title="bbox 303 4079 1393 4186; baseline 0.002 -28"><span class='ocrx_word' id='word_1_196' title='bbox 303 4085 420 4186; x_wconf 87' lang='lat' dir='ltr'>petit,</span> <span class='ocrx_word' id='word_1_197' title='bbox 449 4087 493 4160; x_wconf 88' lang='lat' dir='ltr'>et</span> <span class='ocrx_word' id='word_1_198' title='bbox 520 4106 628 4182; x_wconf 84' lang='lat' dir='ltr'>quos</span> <span class='ocrx_word' id='word_1_199' title='bbox 654 4081 797 4184; x_wconf 86' lang='lat' dir='ltr'>posuit</span> <span class='ocrx_word' id='word_1_200' title='bbox 823 4084 865 4161; x_wconf 92' lang='lat' dir='ltr'>in</span> <span class='ocrx_word' id='word_1_201' title='bbox 894 4081 1108 4186; x_wconf 82' lang='lat' dir='ltr'>deposito,</span> <span class='ocrx_word' id='word_1_202' title='bbox 1136 4079 1393 4184; x_wconf 83' lang='lat' dir='ltr'>respondeo·</span> 
     </span>
     <span class='ocr_line' id='line_1_32' title="bbox 302 4202 1391 4308; baseline 0 -28"><span class='ocrx_word' id='word_1_203' title='bbox 302 4209 385 4294; x_wconf 89' lang='lat' dir='ltr'>tur,</span> <span class='ocrx_word' id='word_1_204' title='bbox 411 4202 526 4306; x_wconf 90' lang='lat' dir='ltr'>quod</span> <span class='ocrx_word' id='word_1_205' title='bbox 568 4227 711 4282; x_wconf 83' lang='lat' dir='ltr'>sumus</span> <span class='ocrx_word' id='word_1_206' title='bbox 751 4206 886 4308; x_wconf 76' lang='lat' dir='ltr'>parati</span> <span class='ocrx_word' id='word_1_207' title='bbox 925 4229 1002 4282; x_wconf 88' lang='lat' dir='ltr'>suo</span> <span class='ocrx_word' id='word_1_208' title='bbox 1043 4202 1210 4282; x_wconf 86' lang='lat' dir='ltr'>domino</span> <span class='ocrx_word' id='word_1_209' title='bbox 1252 4202 1391 4282; x_wconf 80' lang='lat' dir='ltr'>dictos</span> 
     </span>
    </p>
   </div>
   <div class='ocr_carea' id='block_1_5' title="bbox 0 0 1622 5116">
    <p class='ocr_par' dir='ltr' id='par_1_8' title="bbox 0 0 1622 5116">
     <span class='ocr_line' id='line_1_33' title="bbox 0 0 1622 5116; baseline 0 1"><span class='ocrx_word' id='word_1_210' title='bbox 0 0 1622 5116; x_wconf 95' lang='lat' dir='ltr'> </span> 
     </span>
    </p>
   </div>
  </div>
 </body>
</html>
