3154 5102
143 653 316 730 uerunt
340 653 485 750 nabau,
526 645 608 730 nul
635 673 846 756 ,apat-pera
874 648 926 758 ua
955 603 1135 728 ure'scoa
1163 649 1242 730 vu

142 781 256 852 cent.
271 793 377 874 qcne
390 777 455 850 est
469 773 599 848 multo
614 771 789 849 minoris
815 769 983 860 valoris,
1011 794 1134 871 quam
1150 773 1244 848 sunt

143 891 283 970 veneti
318 893 450 970 nostri
490 893 649 992 grossi,
690 892 743 970 de
781 917 863 993 quo
905 889 1082 994 praelati
1109 881 1242 970 nost'ri

141 1011 295 1088 Veneti
322 1010 639 1091 damnificantur
665 1035 748 1087 nou
785 1010 1011 1098 modicum
1051 1007 1240 1088 Maiesta-

142 1137 228 1210 tem
256 1131 417 1230 regiam
445 1155 641 1232 rogamus
669 1135 839 1220 attente,
868 1127 1069 1232 quatenus
1103 1129 1240 1229 digne·

143 1259 211 1330 tur
235 1251 377 1332 taliter
402 1253 600 1331 mandare
628 1256 671 1328 et
698 1252 839 1330 lacere
867 1249 973 1338 lieri,
1012 1250 1126 1352 quod
1153 1256 1243 1330 tota

142 1373 349 1475 quantitas
363 1395 469 1476 quae
483 1377 614 1450 restat
627 1373 840 1462 solvenda,
856 1371 1072 1450 Auliverio
1093 1370 1242 1476 Cuppo

140 1495 296 1574 nuncio
325 1475 565 1572 nostrorum
600 1491 917 1596 praedictorum
944 1492 1137 1585 fidelium,
1164 1495 1242 1572 sol·

139 1622 264 1694 rotor
289 1614 332 1691 in
372 1613 534 1694 venetis
569 1613 739 1714 grossis,
777 1613 845 1692 vel
872 1616 1019 1694 soltem
1047 1615 1087 1692 in
1117 1613 1242 1692 rebus

142 1759 224 1840 per
266 1735 417 1812 iustam
460 1735 771 1814 extimationem
813 1735 1044 1813 valentibus
1087 1739 1241 1812 tantam

140 1880 346 1935 summam
385 1859 636 1935 venatorum
678 1877 947 1954 grossorum3
984 1879 1037 1932 ne
1065 1855 1241 1959 praelati

140 1979 277 2056 nostri
303 1975 451 2057 fideles
478 2001 531 2054 ex
559 1977 638 2054 biis
666 1976 825 2054 iniustis
855 1977 990 2055 causis
1031 1977 1242 2054 carmulent

141 2101 293 2178 maa
320 2098 494 2188 damnis,
522 2106 564 2176 et
590 2105 636 2176 ut
663 2098 772 2178 sicut
799 2099 884 2176 boc
919 2099 1134 2198 negotium
1162 2121 1242 2198 per

141 2220 380 2300 mandatum
422 2227 466 2297 et
506 2241 679 2324 operam
721 2219 879 2319 regiam
925 2225 987 2296 est
1028 2219 1078 2297 ad
1114 2217 1240 2298 tinem

142 2340 466 2446 compositionis
493 2341 741 2443 perductum
781 2339 1047 2427 huiusmodi,
1075 2339 1136 2418 sic
1163 2365 1242 2446 per

141 2464 321 2544 eandem
348 2461 641 2541 executionem
668 2459 914 2538 laudabilem
939 2461 1158 2549 sorciatur,
1188 2489 1241 2540 ex

141 2611 229 2688 quo
257 2583 466 2663 Maiestati
493 2583 635 2684 regiae
660 2583 905 2684 obligemur.
937 2584 1056 2662 datae
1072 2607 1099 2660 x
1115 2583 1240 2660 madii

142 2707 224 2786 Vll
250 2705 491 2785 indictione.

248 2843 417 2922 Similes
455 2843 602 2922 illustri
645 2851 688 2923 et
735 2841 955 2944 magnifico
1007 2843 1240 2919 domino

140 2971 278 3044 nato
331 2965 588 3044 serenissimi
642 2965 754 3066 regis
792 2964 1024 3049 Vrosii‚
1076 2963 1241 3042 mutatis

142 3085 369 3164 mutandis„

246 3189 376 3283 Datne
403 3205 442 3284 X
468 3205 606 3305 madii,
635 3205 716 3284 Vll
743 3205 984 3283 indictione.

520 3341 599 3409 Liu
624 3363 720 3409 secr.
746 3343 835 3408 coll.
863 3341 955 3408 Libr.
980 3341 1039 3408 lV.
1065 3343 1121 3409 ch.
1145 3343 1197 3409 39.

259 3515 412 3612 Xffl·
444 3537 554 3612 13⁰9.
599 3532 779 3612 indict.
806 3533 899 3612 Vll.
927 3540 976 3610 10
1002 3533 1136 3611 Maii.

145 3679 266 3736 [lucro
302 3689 551 3750 erapemnaan
594 3689 837 3754 nosocomum,
882 3691 993 3733 nonna.
1029 3689 1114 3741 noan
1162 3689 1237 3731 noe·

142 3797 243 3838 roan
270 3795 370 3850 orara
392 3795 431 3854 μ
456 3778 540 3856 tim
560 3797 579 3853 y
602 3781 737 3838 nouoln
761 3782 899 3838 abanan
924 3795 1050 3855 amana,
1070 3795 1108 3850 aa
1130 3779 1240 3850 aoblro

267 3899 353 3942 cnon
374 3885 483 3958 scopa
505 3897 606 3960 yacra
631 3899 669 3941 oa
693 3881 853 3958 paabieac
877 3881 997 3942 unicae
1020 3883 1113 3956 sabe.

248 4015 498 4098 Consulibus
527 4015 738 4095 Catari.

247 4135 472 4232 Habuimus
514 4161 650 4239 nuper
700 4137 944 4216 relationem
992 4144 1236 4217 nostrorum

146 4257 329 4338 fidelium
358 4257 409 4336 de
437 4283 485 4336 ca
515 4257 754 4338 contareno
785 4265 827 4336 et
853 4257 1124 4339 decaBarbo
1141 4284 1238 4362 quo·
