3224 5110
1211 397 1276 472 ιιι

405 582 616 694 Guxh.
648 607 760 688 rur.
789 610 829 684 c.
858 603 1049 684 uentu.

171 747 399 823 ¹llncrarraer’s
422 780 457 822 aa
482 775 671 821 noeaoeane
684 763 906 822 Maeraarcrr»
931 764 1076 838 rapiere
1093 767 1275 839 pluygers,

180 883 252 926 uara
274 884 311 937 pa
334 883 485 941 yroeopr
522 883 565 924 cn
598 866 753 940 spaniae
786 865 994 924 nonnarum.
1019 885 1037 922 ιι
1060 867 1275 942 l'rapcnn,

180 987 219 1030 ιιι
245 987 263 1028 ιι
287 987 324 1028 ee
350 969 534 1046 decnrun
558 985 774 1042 recncrcua,
801 985 822 1028 o
845 987 926 1045 pnry
951 986 1108 1046 nporaaa
1131 968 1274 1046 Typaion.

617 1068 839 1172 (Capeliano.)

283 1207 496 1288 Comiasio
526 1205 825 1310 circumspecti
862 1205 942 1284 riri
977 1205 1004 1282 d
1021 1231 1047 1286 o
1062 1205 1091 1282 h
1106 1233 1129 1285 a
1144 1231 1169 1284 n
1186 1233 1209 1284 n
1227 1206 1273 1284 is

180 1327 244 1402 de
273 1327 689 1428 Regnardatis.

280 1447 513 1544 dehemus,
543 1446 787 1526 mandamus
814 1444 1029 1549 estquod
1047 1469 1141 1551 cum
1159 1447 1273 1526 omui

180 1567 400 1646 celeritate
429 1565 622 1670 possibili
651 1589 731 1671 per
756 1566 864 1646 viam
894 1565 1120 1665 Segne.
1149 1620 1159 1642 .
1188 1564 1274 1642 uu·

180 1693 298 1768 dam
327 1695 370 1766 te
397 1689 625 1770 transferre
674 1687 903 1777 sollicites,
932 1747 942 1768 .
972 1746 982 1768 .
1012 1686 1082 1766 arbi
1118 1687 1274 1766 verosi·
1344 1769 1350 1796 Ι

182 1809 335 1886 militer
349 1809 539 1887 iuvenies
553 1805 953 1903 reverendissimum
980 1810 1005 1888 d
1022 1833 1047 1888 o
1065 1832 1104 1886 m
1122 1808 1134 1884 i
1150 1833 1175 1886 ιι
1191 1832 1217 1884 u
1233 1831 1273 1884 m

182 1929 551 2010 cardinalem
593 1913 1046 2029 sanctiAngeli,
1088 1929 1273 2028 legatum

172 2051 487 2156 apostolicum,
517 2073 644 2151 quem
673 2075 768 2130 com
795 2051 1070 2132 serenissimo
1098 2050 1270 2129 domiuo

181 2195 321 2271 rege
362 2171 654 2252 Pelopiae
694 2179 751 2250 et
791 2170 1134 2275 Huugariae
1171 2170 1274 2250 illuc

181 2292 401 2372 advenisse
440 2300 657 2380 tenemus,
697 2289 814 2372 dabis
856 2305 1031 2395 operam
1059 2302 1101 2370 te
1131 2291 1273 2370 conle-

180 2415 299 2494 rendi
340 2413 391 2493 ad
432 2411 713 2518 praesentiam
755 2435 857 2492 eoae
900 2435 985 2492 rev.
1011 2411 1274 2517 paternitatis

182 2549 301 2620 et..
330 2593 341 2616 .
370 2559 576 2640 expones,
607 2536 720 2638 quod
748 2536 919 2614 ultimae
949 2536 1139 2624 litterae,
1168 2555 1271 2636 quas
1360 2543 1363 2552 ⁴

182 2681 304 2737 asua
331 2679 420 2734 rev.
449 2654 738 2735 dominatione
765 2656 1033 2757 accepimus,
1062 2655 1157 2733 date
1185 2655 1269 2732 lue-

183 2775 388 2879 ruutapud
416 2773 489 2850 So
506 2800 532 2876 p
550 2775 578 2852 h
593 2773 607 2850 i
623 2798 645 2852 a
661 2797 713 2860 m.
741 2778 767 2852 ll
794 2774 1042 2854 Decembris
1064 2774 1272 2878 preteriti,

170 2898 331 3004 -quibus
372 2897 491 2976 libuit
517 2897 559 2974 ei
588 2955 597 2974 .
629 2897 889 2976 ..reddere
931 2920 1008 2976 nos
1043 2897 1273 2999 participes

182 3023 235 3100 de
262 3019 490 3100 excellenti
518 3030 563 3096 et
589 3017 773 3116 gloriosa
787 3015 976 3103 victoria,
1005 3041 1128 3118 quam
1145 3016 1273 3096 omni·

181 3148 333 3247 potens
361 3142 493 3226 deue,
535 3138 755 3218 dexteram
791 3159 891 3214 suae
920 3139 1125 3218 immense
1151 3137 1273 3216 virtu·

173 3265 227 3346 us
255 3259 499 3349 extendens,
525 3282 625 3338 errae
653 3283 740 3338 rev.
757 3259 998 3363 paternitati
1013 3259 1271 3338 acilliexer·

174 3384 276 3464 citui
298 3378 653 3461 christifidelium
682 3385 832 3460 contra
862 3378 1048 3485 pertidus
1074 3381 1269 3460 'l'eucros

176 3503 414 3585 concedere
456 3501 648 3602 dignatus
689 3509 755 3580 est
782 3558 793 3581 .
823 3558 832 3578 .
862 3527 896 3592 .;
935 3502 984 3579 ad
1015 3502 1185 3582 easdem
1215 3499 1271 3578 lit·

175 3630 412 3701 terraenae
441 3645 528 3702 rev.
557 3623 850 3706 dominationis
880 3623 1069 3704 lecimus
1088 3625 1269 3728 respon·

173 3744 337 3824 aionem
365 3799 376 3823 .
406 3795 444 3829 .,
473 3743 587 3845 quod
614 3742 851 3846 paravimus
881 3743 1026 3844 galeas
1050 3743 1273 3824 mittendae

172 3867 215 3944 in
243 3863 435 3943 strictum
472 3861 790 3968 Gallipolie,
826 3871 871 3940 ut
898 3863 1137 3944 infidelibus
1163 3863 1272 3945 Teu·

174 3983 260 4064 cris
287 3983 561 4088 impediretur
602 3983 772 4062 omniuo
815 3983 1017 4064 transitus
1045 3986 1097 4065 de
1133 3985 1271 4064 Asia

173 4105 215 4182 in
257 4103 545 4206 Europam
576 4159 606 4190 .,
632 4110 809 4207 eratque
844 4111 887 4183 et
920 4102 1081 4184 electus
1121 4104 1271 4210 capita·

174 4247 279 4306 nens
318 4222 500 4326 ipsarum
530 4223 756 4338 galearum
761 4280 962 4312 ......
991 4227 1266 4305 Verum...
