<?xml version="1.0" encoding="UTF-8"?>
<!DOCTYPE html PUBLIC "-//W3C//DTD XHTML 1.0 Transitional//EN"
    "http://www.w3.org/TR/xhtml1/DTD/xhtml1-transitional.dtd">
<html xmlns="http://www.w3.org/1999/xhtml" xml:lang="en" lang="en">
 <head>
  <title>
</title>
<meta http-equiv="Content-Type" content="text/html;charset=utf-8" />
  <meta name='ocr-system' content='tesseract 3.04.00' />
  <meta name='ocr-capabilities' content='ocr_page ocr_carea ocr_par ocr_line ocrx_word'/>
</head>
<body>
  <div class='ocr_page' id='page_1' title='image "./actaarchivivene00sergoog_0294.png"; bbox 0 0 3236 5108; ppageno 0'>
   <div class='ocr_carea' id='block_1_1' title="bbox 369 380 439 490">
    <p class='ocr_par' dir='ltr' id='par_1_1' title="bbox 369 380 439 490">
     <span class='ocr_line' id='line_1_1' title="bbox 369 380 439 490; baseline 0 0"><span class='ocrx_word' id='word_1_1' title='bbox 369 380 439 490; x_wconf 64' lang='lat' dir='ltr'><strong>m.</strong></span> 
     </span>
    </p>
   </div>
   <div class='ocr_carea' id='block_1_2' title="bbox 372 588 1472 1516">
    <p class='ocr_par' dir='ltr' id='par_1_2' title="bbox 372 588 1472 1516">
     <span class='ocr_line' id='line_1_2' title="bbox 373 588 1468 692; baseline -0.003 -21"><span class='ocrx_word' id='word_1_2' title='bbox 373 589 530 670; x_wconf 85' lang='lat' dir='ltr'><strong>minum</strong></span> <span class='ocrx_word' id='word_1_3' title='bbox 558 588 828 692; x_wconf 72' lang='lat' dir='ltr'><strong>Chervoyam</strong></span> <span class='ocrx_word' id='word_1_4' title='bbox 844 593 1095 691; x_wconf 78' lang='lat' dir='ltr'><strong>voyvcdum·¹</strong></span> <span class='ocrx_word' id='word_1_5' title='bbox 1122 597 1367 678; x_wconf 84' lang='lat' dir='ltr'><strong>nostrorum</strong></span> <span class='ocrx_word' id='word_1_6' title='bbox 1383 615 1468 668; x_wconf 93' lang='lat' dir='ltr'><strong>om·</strong></span> 
     </span>
     <span class='ocr_line' id='line_1_3' title="bbox 374 711 1470 802; baseline 0 -12"><span class='ocrx_word' id='word_1_7' title='bbox 374 713 486 796; x_wconf 87' lang='lat' dir='ltr'><strong>nium</strong></span> <span class='ocrx_word' id='word_1_8' title='bbox 515 711 791 798; x_wconf 87' lang='lat' dir='ltr'><strong>consiliorum</strong></span> <span class='ocrx_word' id='word_1_9' title='bbox 834 716 876 790; x_wconf 89' lang='lat' dir='ltr'><strong>et</strong></span> <span class='ocrx_word' id='word_1_10' title='bbox 904 711 1295 796; x_wconf 83' lang='lat' dir='ltr'><strong>ordinemeutomm</strong></span> <span class='ocrx_word' id='word_1_11' title='bbox 1323 735 1470 802; x_wconf 83' lang='lat' dir='ltr'><strong>ncces·</strong></span> 
     </span>
     <span class='ocr_line' id='line_1_4' title="bbox 373 828 1469 920; baseline 0 -10"><span class='ocrx_word' id='word_1_12' title='bbox 373 833 483 910; x_wconf 77' lang='lat' dir='ltr'><strong>suris</strong></span> <span class='ocrx_word' id='word_1_13' title='bbox 510 828 779 910; x_wconf 65' lang='lat' dir='ltr'><strong>solemnitate</strong></span> <span class='ocrx_word' id='word_1_14' title='bbox 805 839 997 920; x_wconf 81' lang='lat' dir='ltr'><strong>servata,</strong></span> <span class='ocrx_word' id='word_1_15' title='bbox 1037 832 1079 912; x_wconf 90' lang='lat' dir='ltr'><strong>in</strong></span> <span class='ocrx_word' id='word_1_16' title='bbox 1107 832 1316 912; x_wconf 87' lang='lat' dir='ltr'><strong>Venetum</strong></span> <span class='ocrx_word' id='word_1_17' title='bbox 1344 838 1386 909; x_wconf 86' lang='lat' dir='ltr'><strong>et</strong></span> <span class='ocrx_word' id='word_1_18' title='bbox 1414 830 1469 910; x_wconf 84' lang='lat' dir='ltr'><strong>ci·</strong></span> 
     </span>
     <span class='ocr_line' id='line_1_5' title="bbox 373 951 1471 1050; baseline -0.002 -20"><span class='ocrx_word' id='word_1_19' title='bbox 373 978 468 1032; x_wconf 91' lang='lat' dir='ltr'><strong>vem</strong></span> <span class='ocrx_word' id='word_1_20' title='bbox 496 960 687 1030; x_wconf 90' lang='lat' dir='ltr'><strong>nostrum</strong></span> <span class='ocrx_word' id='word_1_21' title='bbox 730 977 825 1050; x_wconf 84' lang='lat' dir='ltr'><strong>epm</strong></span> <span class='ocrx_word' id='word_1_22' title='bbox 868 953 954 1030; x_wconf 85' lang='lat' dir='ltr'><strong>suis</strong></span> <span class='ocrx_word' id='word_1_23' title='bbox 998 951 1090 1032; x_wconf 89' lang='lat' dir='ltr'><strong>lillis</strong></span> <span class='ocrx_word' id='word_1_24' title='bbox 1131 961 1174 1031; x_wconf 87' lang='lat' dir='ltr'><strong>et</strong></span> <span class='ocrx_word' id='word_1_25' title='bbox 1214 952 1471 1040; x_wconf 73' lang='lat' dir='ltr'><strong>haeredibus</strong></span> 
     </span>
     <span class='ocr_line' id='line_1_6' title="bbox 372 1073 1470 1180; baseline -0.003 -25"><span class='ocrx_word' id='word_1_26' title='bbox 372 1079 583 1180; x_wconf 85' lang='lat' dir='ltr'><strong>perpetuo</strong></span> <span class='ocrx_word' id='word_1_27' title='bbox 612 1074 853 1176; x_wconf 85' lang='lat' dir='ltr'><strong>recepimus</strong></span> <span class='ocrx_word' id='word_1_28' title='bbox 882 1079 1007 1178; x_wconf 89' lang='lat' dir='ltr'><strong>alque</strong></span> <span class='ocrx_word' id='word_1_29' title='bbox 1035 1073 1302 1176; x_wconf 87' lang='lat' dir='ltr'><strong>recipimus‚&#39;</strong></span> <span class='ocrx_word' id='word_1_30' title='bbox 1319 1083 1361 1152; x_wconf 88' lang='lat' dir='ltr'><strong>et</strong></span> <span class='ocrx_word' id='word_1_31' title='bbox 1387 1073 1470 1154; x_wconf 87' lang='lat' dir='ltr'><strong>Ve-</strong></span> 
     </span>
     <span class='ocr_line' id='line_1_7' title="bbox 374 1177 1472 1274; baseline -0.004 0"><span class='ocrx_word' id='word_1_32' title='bbox 374 1181 518 1274; x_wconf 85' lang='lat' dir='ltr'><strong>netum</strong></span> <span class='ocrx_word' id='word_1_33' title='bbox 546 1177 747 1272; x_wconf 47' lang='lat' dir='ltr'><strong>et‘ciuem</strong></span> <span class='ocrx_word' id='word_1_34' title='bbox 763 1201 953 1274; x_wconf 89' lang='lat' dir='ltr'><strong>nostrum</strong></span> <span class='ocrx_word' id='word_1_35' title='bbox 975 1219 1070 1273; x_wconf 87' lang='lat' dir='ltr'><strong>eum</strong></span> <span class='ocrx_word' id='word_1_36' title='bbox 1097 1193 1182 1273; x_wconf 89' lang='lat' dir='ltr'><strong>suis</strong></span> <span class='ocrx_word' id='word_1_37' title='bbox 1196 1191 1290 1272; x_wconf 87' lang='lat' dir='ltr'><strong>liliis</strong></span> <span class='ocrx_word' id='word_1_38' title='bbox 1320 1193 1472 1272; x_wconf 85' lang='lat' dir='ltr'><strong>ethae-</strong></span> 
     </span>
     <span class='ocr_line' id='line_1_8' title="bbox 376 1313 1470 1418; baseline -0.001 -24"><span class='ocrx_word' id='word_1_39' title='bbox 376 1313 549 1394; x_wconf 87' lang='lat' dir='ltr'><strong>redibus</strong></span> <span class='ocrx_word' id='word_1_40' title='bbox 590 1313 766 1392; x_wconf 81' lang='lat' dir='ltr'><strong>fecimus</strong></span> <span class='ocrx_word' id='word_1_41' title='bbox 796 1321 838 1392; x_wconf 85' lang='lat' dir='ltr'><strong>el</strong></span> <span class='ocrx_word' id='word_1_42' title='bbox 880 1313 1082 1404; x_wconf 84' lang='lat' dir='ltr'><strong>facimus,</strong></span> <span class='ocrx_word' id='word_1_43' title='bbox 1126 1323 1167 1394; x_wconf 89' lang='lat' dir='ltr'><strong>et</strong></span> <span class='ocrx_word' id='word_1_44' title='bbox 1195 1339 1272 1418; x_wconf 85' lang='lat' dir='ltr'><strong>pru</strong></span> <span class='ocrx_word' id='word_1_45' title='bbox 1300 1315 1470 1394; x_wconf 82' lang='lat' dir='ltr'><strong>Veneto</strong></span> 
     </span>
     <span class='ocr_line' id='line_1_9' title="bbox 376 1432 1472 1516; baseline -0.001 -5"><span class='ocrx_word' id='word_1_46' title='bbox 376 1442 421 1512; x_wconf 92' lang='lat' dir='ltr'><strong>et</strong></span> <span class='ocrx_word' id='word_1_47' title='bbox 447 1435 540 1516; x_wconf 90' lang='lat' dir='ltr'><strong>cive</strong></span> <span class='ocrx_word' id='word_1_48' title='bbox 557 1442 715 1514; x_wconf 87' lang='lat' dir='ltr'><strong>nostro</strong></span> <span class='ocrx_word' id='word_1_49' title='bbox 746 1457 840 1511; x_wconf 90' lang='lat' dir='ltr'><strong>cum</strong></span> <span class='ocrx_word' id='word_1_50' title='bbox 867 1436 951 1513; x_wconf 85' lang='lat' dir='ltr'><strong>suis</strong></span> <span class='ocrx_word' id='word_1_51' title='bbox 979 1433 1077 1514; x_wconf 83' lang='lat' dir='ltr'><strong>&#39;liliis</strong></span> <span class='ocrx_word' id='word_1_52' title='bbox 1105 1442 1148 1512; x_wconf 87' lang='lat' dir='ltr'><strong>et</strong></span> <span class='ocrx_word' id='word_1_53' title='bbox 1174 1432 1402 1513; x_wconf 79' lang='lat' dir='ltr'><strong>heredibus</strong></span> <span class='ocrx_word' id='word_1_54' title='bbox 1429 1434 1472 1510; x_wconf 94' lang='lat' dir='ltr'><strong>in</strong></span> 
     </span>
    </p>
   </div>
   <div class='ocr_carea' id='block_1_3' title="bbox 376 1543 1613 1660">
    <p class='ocr_par' dir='ltr' id='par_1_3' title="bbox 376 1543 1613 1660">
     <span class='ocr_line' id='line_1_10' title="bbox 376 1543 1613 1660; baseline -0.002 -24"><span class='ocrx_word' id='word_1_55' title='bbox 376 1555 567 1636; x_wconf 82' lang='lat' dir='ltr'><strong>venetiis</strong></span> <span class='ocrx_word' id='word_1_56' title='bbox 611 1563 654 1631; x_wconf 87' lang='lat' dir='ltr'><strong>et</strong></span> <span class='ocrx_word' id='word_1_57' title='bbox 681 1553 1022 1659; x_wconf 79' lang='lat' dir='ltr'><strong>nllbideiuceps</strong></span> <span class='ocrx_word' id='word_1_58' title='bbox 1062 1555 1212 1635; x_wconf 87' lang='lat' dir='ltr'><strong>haberi</strong></span> <span class='ocrx_word' id='word_1_59' title='bbox 1239 1565 1282 1634; x_wconf 88' lang='lat' dir='ltr'><strong>et</strong></span> <span class='ocrx_word' id='word_1_60' title='bbox 1320 1579 1474 1660; x_wconf 89' lang='lat' dir='ltr'><strong>procu·</strong></span> <span class='ocrx_word' id='word_1_61' title='bbox 1612 1543 1613 1546; x_wconf 5' lang='grc' dir='ltr'>Ὺ</span> 
     </span>
    </p>
   </div>
   <div class='ocr_carea' id='block_1_4' title="bbox 377 1674 1553 2264">
    <p class='ocr_par' dir='ltr' id='par_1_4' title="bbox 377 1674 1553 2264">
     <span class='ocr_line' id='line_1_11' title="bbox 377 1674 1553 1780; baseline 0.005 -26"><span class='ocrx_word' id='word_1_62' title='bbox 377 1677 463 1754; x_wconf 85' lang='lat' dir='ltr'><strong>rari</strong></span> <span class='ocrx_word' id='word_1_63' title='bbox 492 1675 605 1754; x_wconf 93' lang='lat' dir='ltr'><strong>omni</strong></span> <span class='ocrx_word' id='word_1_64' title='bbox 634 1678 787 1758; x_wconf 87' lang='lat' dir='ltr'><strong>ellectu</strong></span> <span class='ocrx_word' id='word_1_65' title='bbox 828 1683 871 1754; x_wconf 88' lang='lat' dir='ltr'><strong>et</strong></span> <span class='ocrx_word' id='word_1_66' title='bbox 899 1675 1160 1780; x_wconf 87' lang='lat' dir='ltr'><strong>plenitudine</strong></span> <span class='ocrx_word' id='word_1_67' title='bbox 1201 1674 1392 1754; x_wconf 84' lang='lat' dir='ltr'><strong>volumus</strong></span> <span class='ocrx_word' id='word_1_68' title='bbox 1430 1683 1474 1756; x_wconf 88' lang='lat' dir='ltr'><strong>et</strong></span> <span class='ocrx_word' id='word_1_69' title='bbox 1551 1755 1553 1760; x_wconf 86' lang='lat'><em>.</em></span> 
     </span>
     <span class='ocr_line' id='line_1_12' title="bbox 378 1795 1473 1901; baseline 0.002 -25"><span class='ocrx_word' id='word_1_70' title='bbox 378 1797 564 1884; x_wconf 85' lang='lat' dir='ltr'><strong>tractari,</strong></span> <span class='ocrx_word' id='word_1_71' title='bbox 591 1797 726 1901; x_wconf 91' lang='lat' dir='ltr'><strong>ipsum</strong></span> <span class='ocrx_word' id='word_1_72' title='bbox 751 1799 921 1880; x_wconf 81' lang='lat' dir='ltr'><strong>sineere</strong></span> <span class='ocrx_word' id='word_1_73' title='bbox 943 1797 1267 1880; x_wconf 85' lang='lat' dir='ltr'><strong>benevolentiae</strong></span> <span class='ocrx_word' id='word_1_74' title='bbox 1285 1795 1473 1878; x_wconf 87' lang='lat' dir='ltr'><strong>brachiis</strong></span> 
     </span>
     <span class='ocr_line' id='line_1_13' title="bbox 379 1917 1471 2026; baseline -0.001 -28"><span class='ocrx_word' id='word_1_75' title='bbox 379 1921 670 2021; x_wconf 77' lang='lat' dir='ltr'><strong>amplexantes</strong></span> <span class='ocrx_word' id='word_1_76' title='bbox 700 1926 743 1996; x_wconf 90' lang='lat' dir='ltr'><strong>et</strong></span> <span class='ocrx_word' id='word_1_77' title='bbox 769 1917 946 1998; x_wconf 82' lang='lat' dir='ltr'><strong>tirmiter</strong></span> <span class='ocrx_word' id='word_1_78' title='bbox 972 1925 1223 2006; x_wconf 73' lang='lat' dir='ltr'><strong>statuentes,</strong></span> <span class='ocrx_word' id='word_1_79' title='bbox 1252 1922 1365 2026; x_wconf 89' lang='lat' dir='ltr'><strong>quod</strong></span> <span class='ocrx_word' id='word_1_80' title='bbox 1393 1919 1471 1997; x_wconf 88' lang='lat' dir='ltr'><strong>sin·</strong></span> 
     </span>
     <span class='ocr_line' id='line_1_14' title="bbox 377 2039 1470 2142; baseline -0.001 -24"><span class='ocrx_word' id='word_1_81' title='bbox 377 2041 484 2142; x_wconf 85' lang='lat' dir='ltr'><strong>gulis</strong></span> <span class='ocrx_word' id='word_1_82' title='bbox 512 2039 804 2130; x_wconf 76' lang='lat' dir='ltr'><strong>libertatibus,</strong></span> <span class='ocrx_word' id='word_1_83' title='bbox 844 2039 1089 2141; x_wconf 87' lang='lat' dir='ltr'><strong>beneflciis,</strong></span> <span class='ocrx_word' id='word_1_84' title='bbox 1143 2041 1470 2122; x_wconf 85' lang='lat' dir='ltr'><strong>immunitatibus</strong></span> 
     </span>
     <span class='ocr_line' id='line_1_15' title="bbox 380 2158 1474 2264; baseline 0.001 -26"><span class='ocrx_word' id='word_1_85' title='bbox 380 2167 422 2238; x_wconf 86' lang='lat' dir='ltr'><strong>et</strong></span> <span class='ocrx_word' id='word_1_86' title='bbox 449 2159 683 2238; x_wconf 79' lang='lat' dir='ltr'><strong>honoribus</strong></span> <span class='ocrx_word' id='word_1_87' title='bbox 713 2161 1073 2262; x_wconf 72' lang='lat' dir='ltr'><strong>quibuscunque,</strong></span> <span class='ocrx_word' id='word_1_88' title='bbox 1114 2158 1262 2264; x_wconf 88' lang='lat' dir='ltr'><strong>quibus</strong></span> <span class='ocrx_word' id='word_1_89' title='bbox 1304 2161 1373 2240; x_wconf 88' lang='lat' dir='ltr'><strong>alii</strong></span> <span class='ocrx_word' id='word_1_90' title='bbox 1400 2161 1474 2239; x_wconf 91' lang='lat' dir='ltr'><strong>ho·</strong></span> 
     </span>
    </p>
   </div>
   <div class='ocr_carea' id='block_1_5' title="bbox 249 2271 1475 2382">
    <p class='ocr_par' dir='ltr' id='par_1_5' title="bbox 249 2271 1475 2382">
     <span class='ocr_line' id='line_1_16' title="bbox 249 2271 1475 2382; baseline 0.002 -26"><span class='ocrx_word' id='word_1_91' title='bbox 249 2283 258 2296; x_wconf 84' lang='lat'>&#39;</span> <span class='ocrx_word' id='word_1_92' title='bbox 379 2278 590 2356; x_wconf 83' lang='lat' dir='ltr'><strong>norobiles</strong></span> <span class='ocrx_word' id='word_1_93' title='bbox 641 2279 797 2356; x_wconf 86' lang='lat' dir='ltr'><strong>Veneti</strong></span> <span class='ocrx_word' id='word_1_94' title='bbox 850 2289 893 2358; x_wconf 89' lang='lat' dir='ltr'><strong>el</strong></span> <span class='ocrx_word' id='word_1_95' title='bbox 946 2278 1059 2359; x_wconf 87' lang='lat' dir='ltr'><strong>cives</strong></span> <span class='ocrx_word' id='word_1_96' title='bbox 1114 2283 1248 2360; x_wconf 87' lang='lat' dir='ltr'><strong>nostri</strong></span> <span class='ocrx_word' id='word_1_97' title='bbox 1293 2271 1475 2382; x_wconf 85' lang='lat' dir='ltr'><strong>gaudent</strong></span> 
     </span>
    </p>
   </div>
   <div class='ocr_carea' id='block_1_6' title="bbox 267 2398 1483 4420">
    <p class='ocr_par' dir='ltr' id='par_1_6' title="bbox 267 2398 1482 4066">
     <span class='ocr_line' id='line_1_17' title="bbox 381 2398 1473 2506; baseline 0.001 -29"><span class='ocrx_word' id='word_1_98' title='bbox 381 2409 424 2477; x_wconf 90' lang='lat' dir='ltr'><strong>et</strong></span> <span class='ocrx_word' id='word_1_99' title='bbox 462 2398 624 2501; x_wconf 80' lang='lat' dir='ltr'><strong>perfrui</strong></span> <span class='ocrx_word' id='word_1_100' title='bbox 675 2398 999 2498; x_wconf 82' lang='lat' dir='ltr'><strong>dignoscuntur,</strong></span> <span class='ocrx_word' id='word_1_101' title='bbox 1053 2399 1242 2506; x_wconf 79' lang='lat' dir='ltr'><strong>prelatus</strong></span> <span class='ocrx_word' id='word_1_102' title='bbox 1279 2401 1473 2478; x_wconf 90' lang='lat' dir='ltr'><strong>dominus</strong></span> 
     </span>
     <span class='ocr_line' id='line_1_18' title="bbox 384 2517 1474 2620; baseline 0.006 -26"><span class='ocrx_word' id='word_1_103' title='bbox 384 2517 610 2620; x_wconf 85' lang='lat' dir='ltr'><strong>Cheruoye</strong></span> <span class='ocrx_word' id='word_1_104' title='bbox 652 2519 847 2618; x_wconf 80' lang='lat' dir='ltr'><strong>voyvoda</strong></span> <span class='ocrx_word' id='word_1_105' title='bbox 888 2543 982 2599; x_wconf 90' lang='lat' dir='ltr'><strong>cum</strong></span> <span class='ocrx_word' id='word_1_106' title='bbox 1024 2521 1110 2597; x_wconf 89' lang='lat' dir='ltr'><strong>suis</strong></span> <span class='ocrx_word' id='word_1_107' title='bbox 1164 2517 1392 2598; x_wconf 86' lang='lat' dir='ltr'><strong>heredibus</strong></span> <span class='ocrx_word' id='word_1_108' title='bbox 1432 2521 1474 2600; x_wconf 94' lang='lat' dir='ltr'><strong>in</strong></span> 
     </span>
     <span class='ocr_line' id='line_1_19' title="bbox 379 2637 1475 2744; baseline 0.004 -32"><span class='ocrx_word' id='word_1_109' title='bbox 379 2637 569 2716; x_wconf 89' lang='lat' dir='ltr'><strong>Venetiis</strong></span> <span class='ocrx_word' id='word_1_110' title='bbox 623 2645 666 2715; x_wconf 90' lang='lat' dir='ltr'><strong>el</strong></span> <span class='ocrx_word' id='word_1_111' title='bbox 694 2643 817 2716; x_wconf 83' lang='lat' dir='ltr'><strong>extra</strong></span> <span class='ocrx_word' id='word_1_112' title='bbox 855 2645 1065 2744; x_wconf 90' lang='lat' dir='ltr'><strong>perpetuo</strong></span> <span class='ocrx_word' id='word_1_113' title='bbox 1105 2641 1284 2738; x_wconf 82' lang='lat' dir='ltr'><strong>gaudent</strong></span> <span class='ocrx_word' id='word_1_114' title='bbox 1316 2647 1358 2718; x_wconf 90' lang='lat' dir='ltr'><strong>et</strong></span> <span class='ocrx_word' id='word_1_115' title='bbox 1389 2647 1475 2716; x_wconf 87' lang='lat' dir='ltr'><strong>uta·</strong></span> 
     </span>
     <span class='ocr_line' id='line_1_20' title="bbox 267 2756 1474 2865; baseline 0.001 -32"><span class='ocrx_word' id='word_1_116' title='bbox 267 2845 278 2865; x_wconf 34' lang='lat'><em>⁶</em></span> <span class='ocrx_word' id='word_1_117' title='bbox 380 2763 461 2840; x_wconf 76' lang='lat' dir='ltr'><strong>lun</strong></span> <span class='ocrx_word' id='word_1_118' title='bbox 495 2756 617 2835; x_wconf 91' lang='lat' dir='ltr'><strong>nobis</strong></span> <span class='ocrx_word' id='word_1_119' title='bbox 671 2782 843 2861; x_wconf 88' lang='lat' dir='ltr'><strong>quoque</strong></span> <span class='ocrx_word' id='word_1_120' title='bbox 884 2759 1071 2864; x_wconf 82' lang='lat' dir='ltr'><strong>prelatus</strong></span> <span class='ocrx_word' id='word_1_121' title='bbox 1111 2759 1300 2838; x_wconf 89' lang='lat' dir='ltr'><strong>dominus</strong></span> <span class='ocrx_word' id='word_1_122' title='bbox 1343 2757 1474 2836; x_wconf 82' lang='lat' dir='ltr'><strong>Cher.-</strong></span> 
     </span>
     <span class='ocr_line' id='line_1_21' title="bbox 379 2879 1476 2983; baseline 0 -27"><span class='ocrx_word' id='word_1_123' title='bbox 379 2901 491 2978; x_wconf 82' lang='lat' dir='ltr'><strong>uoye</strong></span> <span class='ocrx_word' id='word_1_124' title='bbox 531 2879 726 2980; x_wconf 80' lang='lat' dir='ltr'><strong>voyvoda</strong></span> <span class='ocrx_word' id='word_1_125' title='bbox 771 2903 852 2982; x_wconf 85' lang='lat' dir='ltr'><strong>per</strong></span> <span class='ocrx_word' id='word_1_126' title='bbox 891 2905 1012 2958; x_wconf 88' lang='lat' dir='ltr'><strong>suum</strong></span> <span class='ocrx_word' id='word_1_127' title='bbox 1052 2885 1380 2983; x_wconf 89' lang='lat' dir='ltr'><strong>procuratorem</strong></span> <span class='ocrx_word' id='word_1_128' title='bbox 1421 2879 1476 2956; x_wconf 90' lang='lat' dir='ltr'><strong>le·</strong></span> 
     </span>
     <span class='ocr_line' id='line_1_22' title="bbox 385 2997 1476 3100; baseline 0.001 -25"><span class='ocrx_word' id='word_1_129' title='bbox 385 2997 569 3098; x_wconf 75' lang='lat' dir='ltr'><strong>gitimnm</strong></span> <span class='ocrx_word' id='word_1_130' title='bbox 612 3001 818 3080; x_wconf 89' lang='lat' dir='ltr'><strong>soleniter</strong></span> <span class='ocrx_word' id='word_1_131' title='bbox 857 3003 908 3080; x_wconf 90' lang='lat' dir='ltr'><strong>ad</strong></span> <span class='ocrx_word' id='word_1_132' title='bbox 961 3006 1104 3080; x_wconf 88' lang='lat' dir='ltr'><strong>sancta</strong></span> <span class='ocrx_word' id='word_1_133' title='bbox 1150 2999 1217 3080; x_wconf 91' lang='lat' dir='ltr'><strong>dei</strong></span> <span class='ocrx_word' id='word_1_134' title='bbox 1259 2999 1476 3100; x_wconf 79' lang='lat' dir='ltr'><strong>evangelie</strong></span> 
     </span>
     <span class='ocr_line' id='line_1_23' title="bbox 386 3117 1476 3219; baseline 0.003 -26"><span class='ocrx_word' id='word_1_135' title='bbox 386 3117 569 3219; x_wconf 85' lang='lat' dir='ltr'><strong>prestitit</strong></span> <span class='ocrx_word' id='word_1_136' title='bbox 608 3118 819 3198; x_wconf 89' lang='lat' dir='ltr'><strong>lidelitatis</strong></span> <span class='ocrx_word' id='word_1_137' title='bbox 858 3117 1043 3198; x_wconf 88' lang='lat' dir='ltr'><strong>debitum</strong></span> <span class='ocrx_word' id='word_1_138' title='bbox 1077 3123 1374 3219; x_wconf 86' lang='lat' dir='ltr'><strong>juramentum.</strong></span> <span class='ocrx_word' id='word_1_139' title='bbox 1428 3119 1476 3198; x_wconf 91' lang='lat' dir='ltr'><strong>ln</strong></span> 
     </span>
     <span class='ocr_line' id='line_1_24' title="bbox 382 3237 1474 3344; baseline 0.002 -27"><span class='ocrx_word' id='word_1_140' title='bbox 382 3241 502 3336; x_wconf 86' lang='lat' dir='ltr'><strong>cujus</strong></span> <span class='ocrx_word' id='word_1_141' title='bbox 529 3237 591 3314; x_wconf 88' lang='lat' dir='ltr'><strong>rel</strong></span> <span class='ocrx_word' id='word_1_142' title='bbox 607 3237 733 3318; x_wconf 85' lang='lat' dir='ltr'><strong>fldem</strong></span> <span class='ocrx_word' id='word_1_143' title='bbox 749 3247 793 3318; x_wconf 88' lang='lat' dir='ltr'><strong>et</strong></span> <span class='ocrx_word' id='word_1_144' title='bbox 819 3239 1071 3320; x_wconf 80' lang='lat' dir='ltr'><strong>evidentium</strong></span> <span class='ocrx_word' id='word_1_145' title='bbox 1099 3237 1348 3344; x_wconf 86' lang='lat' dir='ltr'><strong>pleniorem,</strong></span> <span class='ocrx_word' id='word_1_146' title='bbox 1379 3263 1474 3343; x_wconf 88' lang='lat' dir='ltr'><strong>pre·</strong></span> 
     </span>
     <span class='ocr_line' id='line_1_25' title="bbox 380 3356 1478 3460; baseline 0.002 -24"><span class='ocrx_word' id='word_1_147' title='bbox 380 3378 477 3436; x_wconf 83' lang='lat' dir='ltr'><strong>sens</strong></span> <span class='ocrx_word' id='word_1_148' title='bbox 503 3356 769 3460; x_wconf 85' lang='lat' dir='ltr'><strong>privilegium</strong></span> <span class='ocrx_word' id='word_1_149' title='bbox 798 3359 889 3438; x_wconf 87' lang='lat' dir='ltr'><strong>lieri</strong></span> <span class='ocrx_word' id='word_1_150' title='bbox 910 3365 1108 3459; x_wconf 76' lang='lat' dir='ltr'><strong>Jusslmus</strong></span> <span class='ocrx_word' id='word_1_151' title='bbox 1136 3369 1177 3439; x_wconf 87' lang='lat' dir='ltr'><strong>et</strong></span> <span class='ocrx_word' id='word_1_152' title='bbox 1193 3357 1303 3438; x_wconf 91' lang='lat' dir='ltr'><strong>bulla</strong></span> <span class='ocrx_word' id='word_1_153' title='bbox 1330 3369 1478 3440; x_wconf 80' lang='lat' dir='ltr'><strong>nostre</strong></span> 
     </span>
     <span class='ocr_line' id='line_1_26' title="bbox 381 3479 1477 3580; baseline 0.004 -24"><span class='ocrx_word' id='word_1_154' title='bbox 381 3501 508 3556; x_wconf 83' lang='lat' dir='ltr'><strong>aurea</strong></span> <span class='ocrx_word' id='word_1_155' title='bbox 558 3479 769 3580; x_wconf 88' lang='lat' dir='ltr'><strong>pendente</strong></span> <span class='ocrx_word' id='word_1_156' title='bbox 819 3481 983 3559; x_wconf 90' lang='lat' dir='ltr'><strong>muniri.</strong></span> <span class='ocrx_word' id='word_1_157' title='bbox 1049 3479 1199 3560; x_wconf 86' lang='lat' dir='ltr'><strong>Datum</strong></span> <span class='ocrx_word' id='word_1_158' title='bbox 1240 3482 1283 3558; x_wconf 94' lang='lat' dir='ltr'><strong>in</strong></span> <span class='ocrx_word' id='word_1_159' title='bbox 1329 3489 1477 3562; x_wconf 90' lang='lat' dir='ltr'><strong>nostro</strong></span> 
     </span>
     <span class='ocr_line' id='line_1_27' title="bbox 383 3599 1477 3702; baseline 0.002 -26"><span class='ocrx_word' id='word_1_160' title='bbox 383 3599 520 3678; x_wconf 86' lang='lat' dir='ltr'><strong>ducali</strong></span> <span class='ocrx_word' id='word_1_161' title='bbox 548 3601 717 3702; x_wconf 86' lang='lat' dir='ltr'><strong>palatio,</strong></span> <span class='ocrx_word' id='word_1_162' title='bbox 772 3627 879 3681; x_wconf 82' lang='lat' dir='ltr'><strong>anno</strong></span> <span class='ocrx_word' id='word_1_163' title='bbox 922 3601 1132 3684; x_wconf 87' lang='lat' dir='ltr'><strong>dominice</strong></span> <span class='ocrx_word' id='word_1_164' title='bbox 1175 3601 1477 3682; x_wconf 80' lang='lat' dir='ltr'><strong>incarnationis</strong></span> 
     </span>
     <span class='ocr_line' id='line_1_28' title="bbox 384 3721 1482 3823; baseline 0 -23"><span class='ocrx_word' id='word_1_165' title='bbox 384 3721 607 3800; x_wconf 83' lang='lat' dir='ltr'><strong>millesimo</strong></span> <span class='ocrx_word' id='word_1_166' title='bbox 649 3723 949 3804; x_wconf 84' lang='lat' dir='ltr'><strong>trecentesimo</strong></span> <span class='ocrx_word' id='word_1_167' title='bbox 1001 3727 1278 3823; x_wconf 82' lang='lat' dir='ltr'><strong>nonagesimo</strong></span> <span class='ocrx_word' id='word_1_168' title='bbox 1311 3725 1482 3816; x_wconf 55' lang='lat' dir='ltr'><strong>*terti03</strong></span> 
     </span>
     <span class='ocr_line' id='line_1_29' title="bbox 385 3843 1479 3935; baseline 0.005 -15"><span class='ocrx_word' id='word_1_169' title='bbox 385 3846 544 3924; x_wconf 88' lang='lat' dir='ltr'><strong>mensis</strong></span> <span class='ocrx_word' id='word_1_170' title='bbox 571 3843 669 3923; x_wconf 78' lang='lat' dir='ltr'><strong>lulli</strong></span> <span class='ocrx_word' id='word_1_171' title='bbox 722 3845 790 3924; x_wconf 90' lang='lat' dir='ltr'><strong>die</strong></span> <span class='ocrx_word' id='word_1_172' title='bbox 833 3847 956 3926; x_wconf 82' lang='lat' dir='ltr'><strong>terlio</strong></span> <span class='ocrx_word' id='word_1_173' title='bbox 1012 3845 1204 3935; x_wconf 86' lang='lat' dir='ltr'><strong>decimo,</strong></span> <span class='ocrx_word' id='word_1_174' title='bbox 1245 3844 1479 3925; x_wconf 90' lang='lat' dir='ltr'><strong>indictione</strong></span> 
     </span>
     <span class='ocr_line' id='line_1_30' title="bbox 385 3987 530 4066; baseline 0.007 -25"><span class='ocrx_word' id='word_1_175' title='bbox 385 3987 530 4066; x_wconf 79' lang='lat' dir='ltr'><strong>prima.</strong></span> 
     </span>
    </p>

    <p class='ocr_par' dir='ltr' id='par_1_7' title="bbox 386 4083 1483 4420">
     <span class='ocr_line' id='line_1_31' title="bbox 488 4083 1478 4189; baseline 0.001 -26"><span class='ocrx_word' id='word_1_176' title='bbox 488 4083 634 4164; x_wconf 80' lang='lat' dir='ltr'><strong>Simile</strong></span> <span class='ocrx_word' id='word_1_177' title='bbox 671 4085 933 4189; x_wconf 78' lang='lat' dir='ltr'><strong>privilegium</strong></span> <span class='ocrx_word' id='word_1_178' title='bbox 976 4087 1127 4166; x_wconf 68' lang='lat' dir='ltr'><strong>lacteum</strong></span> <span class='ocrx_word' id='word_1_179' title='bbox 1156 4085 1313 4163; x_wconf 76' lang='lat' dir='ltr'><strong>fuitne</strong></span> <span class='ocrx_word' id='word_1_180' title='bbox 1341 4087 1478 4166; x_wconf 84' lang='lat' dir='ltr'><strong>verbo</strong></span> 
     </span>
     <span class='ocr_line' id='line_1_32' title="bbox 386 4191 1482 4308; baseline -0.001 -26"><span class='ocrx_word' id='word_1_181' title='bbox 386 4206 436 4282; x_wconf 81' lang='lat' dir='ltr'><strong>nd</strong></span> <span class='ocrx_word' id='word_1_182' title='bbox 466 4205 654 4295; x_wconf 87' lang='lat' dir='ltr'><strong>verbum,</strong></span> <span class='ocrx_word' id='word_1_183' title='bbox 682 4207 857 4308; x_wconf 80' lang='lat' dir='ltr'><strong>egregio</strong></span> <span class='ocrx_word' id='word_1_184' title='bbox 886 4215 928 4284; x_wconf 85' lang='lat' dir='ltr'><strong>el</strong></span> <span class='ocrx_word' id='word_1_185' title='bbox 968 4191 1293 4307; x_wconf 82' lang='lat' dir='ltr'><strong>magnifico</strong></span> <span class='ocrx_word' id='word_1_186' title='bbox 1335 4205 1482 4296; x_wconf 87' lang='lat' dir='ltr'><strong>viro,</strong></span> 
     </span>
     <span class='ocr_line' id='line_1_33' title="bbox 387 4326 1483 4420; baseline -0.003 -14"><span class='ocrx_word' id='word_1_187' title='bbox 387 4328 632 4407; x_wconf 86' lang='lat' dir='ltr'><strong>domin-o·</strong></span> <span class='ocrx_word' id='word_1_188' title='bbox 674 4327 910 4408; x_wconf 89' lang='lat' dir='ltr'><strong>Volcbo</strong></span> <span class='ocrx_word' id='word_1_189' title='bbox 950 4326 1113 4420; x_wconf 87' lang='lat' dir='ltr'><strong>bauo,</strong></span> <span class='ocrx_word' id='word_1_190' title='bbox 1167 4327 1320 4408; x_wconf 85' lang='lat' dir='ltr'><strong>illio.</strong></span> <span class='ocrx_word' id='word_1_191' title='bbox 1360 4350 1483 4407; x_wconf 88' lang='lat' dir='ltr'><strong>con·</strong></span> 
     </span>
    </p>
   </div>
   <div class='ocr_carea' id='block_1_7' title="bbox 0 0 1639 5108">
    <p class='ocr_par' dir='ltr' id='par_1_8' title="bbox 0 0 1639 5108">
     <span class='ocr_line' id='line_1_34' title="bbox 0 0 1639 5108; baseline 0 0"><span class='ocrx_word' id='word_1_192' title='bbox 0 0 1639 5108; x_wconf 95' lang='lat' dir='ltr'><strong> </strong></span> 
     </span>
    </p>
   </div>
  </div>
 </body>
</html>
