3192 5112
322 574 670 656 confederatione
698 599 793 654 com
820 575 915 680 ipto
945 575 1117 657 domino
1157 581 1292 668 bano,
1326 593 1407 685 pre

321 695 622 776 fortificatione
651 707 693 776 et
720 699 1039 776 conservatione
1073 699 1291 802 utriusque
1317 723 1409 805 per·

320 817 398 912 tis,
428 824 565 896 tamen
595 817 699 898 certi
728 817 955 905 reddimur,
984 819 1099 920 quod
1126 820 1328 924 sapientia
1355 821 1410 925 ip·

320 937 404 1016 sius
433 945 496 1015 eet
522 942 644 1023 tanta,
673 936 789 1038 qnod
817 944 962 1040 aperte
990 938 1135 1015 videre
1164 947 1206 1016 et
1229 961 1409 1038 eognos-

324 1063 606 1159 cere'potest,
636 1060 749 1160 qnod
778 1056 957 1135 firmatio
974 1065 1017 1135 et
1030 1059 1262 1160 publicatio
1277 1057 1408 1162 ipsius

324 1177 460 1278 ligae,
502 1187 699 1280 qnantum
729 1179 779 1255 ad
807 1201 1011 1281 praesens
1036 1175 1127 1254 fleri
1153 1201 1237 1255 non
1266 1186 1411 1280 poscet

322 1297 480 1398 absque
508 1295 672 1373 infamia
700 1303 743 1374 et
768 1297 1033 1377 detractione
1061 1296 1237 1374 honoris
1264 1293 1410 1390 doctri,

322 1416 422 1517 quia
447 1441 500 1494 ex
529 1440 607 1493 una
646 1426 766 1520 parte
806 1417 975 1495 mittere
1018 1417 1278 1494 ambnxatam
1318 1417 1410 1516 regi

321 1560 401 1638 pro
443 1537 698 1621 concordia,
735 1561 814 1640 pro
850 1547 895 1616 ut
921 1536 1090 1640 publica
1129 1537 1237 1614 fama
1276 1545 1410 1629 senat,

260 1757 269 1770 Ι
321 1665 443 1735 etex
471 1658 549 1734 alia
577 1666 696 1760 parte
724 1656 893 1736 firmare
910 1657 1185 1761 etpublicare
1211 1659 1408 1735 unionem

322 1783 605 1871 contractam,
640 1779 679 1856 in
717 1804 763 1856 se
792 1781 1132 1872 contradiceret,
1174 1791 1216 1858 et
1255 1779 1410 1858 honori

320 1907 466 1978 nostro
504 1900 545 1976 in
573 1909 665 1979 toto
709 1897 812 1976 orbe
855 1922 937 1977 non
978 1899 1252 1978 mediocriter
1288 1923 1409 2003 repu-

320 2029 479 2122 gnaret.
506 2021 559 2100 Et
586 2022 682 2124 quia
710 2023 823 2115 iliud,
840 2023 952 2124 quod
967 2022 1304 2126 praesentialiter
1317 2022 1409 2102 fleri

320 2165 402 2218 non
442 2149 585 2242 potest
611 2165 690 2245 per
717 2167 805 2233 nos,
833 2142 991 2245 absque
1019 2149 1164 2220 nostro
1206 2165 1338 2218 onere
1367 2152 1409 2218 et

320 2261 486 2340 infamia
528 2265 758 2342 rationibus
800 2265 1075 2368 supradictis,
1114 2262 1410 2342 verosimiliter

320 2381 476 2463 sorsum
504 2385 597 2463 lieri
611 2385 769 2487 poterit
794 2387 835 2463 in
859 2411 1061 2491 processu
1082 2383 1409 2488 temporis,cum

320 2503 608 2582 reservatione
662 2503 837 2584 honoris
878 2507 1040 2596 nostri,
1090 2529 1215 2608 quem
1254 2503 1410 2583 scimus

318 2621 452 2727 ipsum
494 2623 707 2703 dominum
745 2629 896 2704 benum
934 2626 1123 2726 diligere
1150 2626 1184 2702 si
1210 2627 1408 2728 praesen·

319 2747 473 2827 tialiter
499 2747 731 2828 deliberate
758 2773 842 2826 non
867 2749 1174 2851 respondemus
1187 2747 1237 2824 ad
1254 2747 1408 2826 iactum

319 2868 484 2946 tmionis
524 2867 795 2970 praedictae,
835 2877 977 2973 potest
1018 2868 1108 2946 eins
1148 2866 1409 2970 providentia

317 3013 395 3066 nos
423 2989 582 3068 habere
610 2990 913 3070 rationabiliter
940 2998 1179 3081 excusatos,
1203 3011 1408 3092 cumpro·

318 3109 444 3213 positi
470 3110 603 3188 nostri
630 3112 694 3209 sit,
724 3111 1004 3215 pendentibus
1031 3111 1092 3190 sie
1119 3109 1300 3209 negotiis
1326 3108 1407 3187 isto

320 3229 459 3307 medio
486 3239 695 3334 tempore,
726 3232 825 3310 iicet
853 3255 1098 3335 expressam
1113 3229 1312 3308 unionem
1326 3251 1407 3306 non

318 3342 520 3426 babemus
562 3373 657 3428 cnm
699 3351 816 3454 ipso,
854 3353 986 3456 ipsum
1015 3359 1056 3428 et
1085 3350 1174 3428 eins
1210 3348 1408 3426 auxilium

318 3471 359 3546 in
387 3493 485 3547 casu
528 3470 730 3572 quolibet,
760 3473 875 3550 velut
916 3471 1093 3548 amicum
1134 3467 1408 3572 praecipuum

320 3590 539 3692 requirere
583 3592 870 3682 confidentem
907 3602 948 3670 et
983 3594 1045 3670 sic
1082 3615 1201 3670 versa
1228 3589 1322 3668 vice
1352 3589 1405 3666 de

319 3711 437 3789 nobis
467 3713 611 3791 facere
639 3725 809 3815 posset,
839 3715 934 3816 quia
962 3737 1080 3791 suum
1108 3713 1251 3791 intime
1278 3711 1405 3811 diligi·

318 3859 408 3910 mus
436 3835 645 3913 honorem
674 3844 716 3913 et
742 3843 907 3914 statum.
936 3835 1050 3933 Quae
1066 3833 1403 3931 emniaexgran·

319 3953 358 4028 di
386 3955 529 4032 cordis
570 3955 793 4034 affectione
829 3954 907 4056 ipsi
944 3954 1114 4031 domino
1157 3951 1264 4030 bano
1305 3947 1422 4030 nota

319 4097 410 4152 esse
439 4074 658 4162 voluimus,
686 4083 904 4181 sperantes
932 4076 1046 4178 quod
1074 4095 1206 4176 penes
1227 4095 1321 4150 eum
1336 4071 1402 4148 bn·
