3228 5108
1242 281 1310 370 w

212 513 393 615 quodsi
419 535 503 594 non
536 515 849 614 complacemus
878 498 1169 612 magnitudini
1192 531 1308 608 suae,

210 633 318 712 velit
340 635 501 713 bebere
525 659 605 719 nos
620 631 928 713 rationabiliter
957 637 1196 712 excusatos.

313 753 606 835 SerNicdiaus
620 753 762 834 Barbo
784 755 1052 834 consiliarius
1069 751 1166 830 vult:
1195 755 1310 854 quod

212 871 534 978 complaceatur
561 876 675 955 dicto
705 875 939 954 domino
968 871 1229 952 Crauoie
1256 872 1309 950 de

212 995 377 1076 duobus
405 995 684 1100 corporibus,
727 995 804 1073 iilis
831 993 1035 1072 videlicet
1063 1015 1170 1096 quae
1196 993 1306 1073 vide·

213 1115 368 1196 buntur
394 1117 599 1214 collegio,
642 1139 734 1192 curn
762 1114 857 1192 suis·
875 1112 1129 1193 fulcimentis
1156 1121 1198 1191 et
1225 1135 1306 1216 pro

211 1239 298 1316 suis
338 1237 534 1316 denariis.
587 1231 672 1314 Sed
713 1236 748 1312 si
784 1237 925 1338 potius
964 1235 1153 1338 placeret
1192 1231 1306 1310 dicto

213 1357 414 1444 domino,
439 1357 584 1434 iecere
611 1352 703 1434 lieri
731 1355 841 1434 dicta
869 1357 953 1433 duo
984 1375 1169 1458 corporo
1197 1355 1306 1454 gale·

213 1497 329 1554 arum
357 1479 401 1556 in
425 1475 616 1556 Veneiiis
641 1475 696 1553 de
725 1498 837 1555 novo
854 1499 949 1554 cum
977 1475 1064 1552 suis
1092 1473 1306 1554 bricimen·

211 1596 276 1686 tis,
306 1599 433 1678 etiem
462 1598 780 1700 complanantur
807 1596 897 1674 sibi.

520 1751 627 1819 Secr.
652 1753 764 1819 Coos.
787 1739 919 1840 Rogat.
941 1749 1015 1856 Lib
1038 1751 1081 1818 ll.
1108 1751 1164 1818 cb.
1189 1751 1261 1816 1⁰0.
1293 1852 1296 1861 ⁴

215 1959 506 2060 ccxxiii.
536 1977 645 2056 anor.
674 1909 858 2054 inarm-
879 1970 993 2055 xnr.
1019 1981 1055 2056 s.
1082 1978 1304 2078 Augusti.

213 2173 391 2246 orronopa·
425 2179 611 2252 nocraaany
641 2168 802 2228 oomrnae
833 2169 1028 2244 lloropono,
1063 2171 1192 2230 noscis
1211 2179 1249 2244 pa
1273 2188 1303 2230 ro

270 2276 447 2357 menapiis
465 2271 588 2348 'npiiirrc
611 2289 701 2344 ηομ
724 2288 815 2330 cnoro
827 2289 969 2342 lorooro,
993 2291 1030 2347 ῃ
1054 2291 1095 2331 ro
1117 2289 1238 2347 sacapr.

605 2393 729 2452 acrior-y
750 2392 906 2454 yuuanrn.

316 2533 458 2648 Copta.
514 2541 619 2622 Cum
660 2545 946 2648 comparuerit
973 2543 1021 2622 ad
1050 2545 1304 2650 presentiam

213 2673 416 2754 nostram,
445 2659 950 2744 unusambasiator
991 2667 1304 2745 comunita-

214 2787 291 2864 tis
327 2785 544 2872 Catari,
573 2809 792 2892 exponens
820 2788 932 2865 inter
960 2787 1064 2876 alia,
1094 2785 1205 2888 quod
1235 2811 1305 2865 co·

212 2905 391 2984 munitas
419 2929 506 3002 sua,
537 2913 732 3008 tanquam
760 2905 904 2985 devoti
925 2905 1131 2984 etildeies
1158 2907 1306 2996 nostri,

211 3025 369 3104 vellent
397 3023 494 3104 esse
515 3033 558 3104 et
583 3024 831 3104 submittere
860 3027 1129 3105 dominationi
1156 3027 1304 3124 nostri,

213 3154 256 3224 et
282 3148 448 3248 rogavit
474 3155 520 3226 ut
544 3147 745 3225 vellemus
769 3149 891 3250 ipsos
919 3155 1146 3250 acceptare
1161 3153 1204 3222 et
1224 3152 1305 3224 cet.

162 3364 165 3374 Ι
213 3265 338 3344 Vadit
365 3288 473 3369 pars:
490 3265 603 3368 quod
631 3267 938 3371 respondeatur
965 3264 1078 3342 dicto
1106 3247 1304 3342 'ambassi-

213 3389 349 3469 atori.
392 3385 504 3488 quod
545 3385 734 3464 videmus
763 3395 804 3463 et
833 3386 1112 3484 cognovimus
1153 3381 1303 3460 bonam

212 3506 529 3610 dispositionem
558 3517 601 3585 et
629 3507 903 3586 intentionem
947 3529 1047 3584 suae
1076 3485 1326 3584 comunitaz'

212 3629 272 3706 tis.
305 3649 406 3726 ergo
456 3636 660 3705 nostrum·
690 3625 919 3704 dominium
961 3634 1002 3702 et
1042 3629 1305 3703 mercatores

212 3749 467 3827 nostrosin
498 3749 596 3827 ioco
638 3774 716 3826 suo
759 3753 1088 3831 conversantes,
1128 3754 1306 3849 propter

213 3869 329 3971 qnod
370 3868 579 3948 habemus
601 3876 643 3946 ct
668 3870 829 3948 babere
870 3866 1121 3946 intendimus
1148 3865 1305 3948 dietam

211 3999 328 4068 suem
357 3991 656 4069 comunitatem
696 3991 985 4069 recomissanr.
1040 3989 1103 4067 Ad
1130 3989 1302 4091 requisi·

212 4109 370 4204 tionem
410 4117 547 4190 autem
590 4135 713 4214 quam
752 4111 880 4196 facit,
935 4110 1130 4214 occupati
1185 4109 1301 4190 ciros

211 4241 688 4336 guerrampresentem,
718 4257 841 4334 quana
868 4235 1072 4312 babemus
1100 4253 1194 4312 cum
1222 4229 1306 4339 do·
