3224 5110
342 558 428 628 stro
457 550 628 628 illustris
656 549 965 651 magnificentia
993 551 1044 629 od
1073 575 1152 630 nos
1180 553 1355 644 miserit,
1380 554 1436 632 in·

341 669 485 748 veniet
523 695 600 750 nos
627 678 672 750 ut
698 671 958 774 prediximus
998 695 1170 774 semper
1210 683 1435 780 promptos

344 790 394 868 nd
423 790 717 870 convenientia
744 800 786 869 et
812 789 1005 870 honesta.

672 931 774 994 Secu.
800 947 904 994 cons.
927 947 1005 1013 rog.
1029 928 1101 995 Lib.
1127 927 1217 994 XV!¹
1244 932 1298 997 ch.
1322 932 1394 995 140.

524 1095 837 1198 CDXLVH.
868 1123 982 1199 uun
1011 1123 1037 1198 o
1062 1121 1255 1200 marus.

346 1279 530 1354 Onronopn
555 1295 748 1354 nocuauuny
772 1279 1136 1354 rossemannum,
1160 1296 1199 1337 un
1222 1283 1347 1338 uisi-osa
1370 1299 1439 1340 ean·

405 1397 539 1452 rennun,
565 1398 630 1452 ono,
655 1399 718 1439 nou
743 1398 782 1440 ce
808 1398 887 1440 nene
910 1399 992 1457 ruuy
1015 1399 1162 1454 necnore
1187 1382 1376 1459 decrorn.

448 1513 568 1612 Quod
596 1513 772 1617 sapienti
800 1514 893 1594 viro
924 1511 1108 1594 Ponto
1143 1517 1208 1594 de
1240 1515 1442 1618 Jnyce,

348 1635 605 1712 cancellario
642 1640 686 1712 et
719 1633 879 1710 oratori
918 1635 1178 1714 serenissimi
1220 1637 1287 1713 do
1303 1635 1445 1714 mini

347 1756 514 1852 regis
552 1753 831 1843 Ruscino,
876 1756 947 1856 qui
989 1757 1186 1858 exposuit
1238 1754 1444 1858 primo:

349 1875 461 1976 quod
490 1874 599 1953 idem
629 1876 920 1954 serenissimus
946 1878 1140 1956 dominus
1169 1901 1256 1966 rex,
1283 1877 1342 1954 uti
1371 1879 1444 1956 bo-

347 2021 425 2074 nus
453 1998 586 2074 nostri
614 1997 790 2078 dominii
830 2001 1015 2088 amicus,
1056 1999 1179 2076 nobis
1221 1997 1446 2096 significat.

349 2116 960 2196 comitemSteionum
1004 2117 1264 2198 Bossine
1308 2117 1445 2194 dedis-

205 2315 209 2330 ,
350 2235 1444 2342 sedespotoRossiequoddnmcastrumsi·

349 2365 435 2434 tum
478 2359 518 2436 in
560 2337 750 2463 portibus
799 2359 1118 2450 Albaniae,
1159 2365 1444 2462 nuncupatum

348 2477 513 2556 Medo
530 2502 570 2569 n,
598 2487 642 2556 et
668 2502 762 2556 cum
791 2503 845 2556 eo
862 2477 1043 2580 despoto
1060 2477 1319 2557 concordem
1347 2501 1445 2554 osse

350 2605 393 2676 et
419 2621 466 2673 se
495 2597 733 2699 intelligere
764 2600 813 2674 ad
842 2599 989 2678 domna
1018 2607 1176 2688 nostru,
1205 2607 1247 2678 et
1273 2603 1445 2702 propte·

349 2743 423 2798 ren
465 2719 506 2796 in
548 2721 633 2796 hoc
675 2721 830 2798 bonam
871 2720 1099 2797 habeamus
1127 2719 1444 2798 advertentium.

351 2840 628 2916 Secundo
656 2866 703 2918 se
732 2841 871 2930 offert,
897 2842 937 2919 in
968 2851 1167 2944 querutum
1209 2840 1331 2918 nobis
1359 2842 1444 2942 pin·

351 2969 445 3038 cent
473 2971 515 3040 et
540 2962 718 3039 velimus
748 2963 1161 3064 bellumpernqnnm
1192 2962 1336 3040 iacere
1363 2959 1445 3038 dic·

350 3093 393 3160 to
423 3083 568 3160 comiti
598 3080 787 3169 Stefana,
813 3086 854 3162 ei
882 3109 978 3162 cum
1008 3084 1199 3162 exercitu
1229 3103 1443 3180 suoguer·

350 3225 438 3280 rum
469 3203 609 3281 iacere
639 3228 714 3306 per
741 3213 910 3282 terram.
940 3205 1012 3282 're
1029 3204 1174 3282 rcio:
1203 3201 1317 3305 qnod
1347 3225 1444 3278 con·

350 3323 453 3400 tenti
480 3347 574 3408 esse
603 3324 781 3404 veumus
809 3325 917 3427 aprrd
945 3326 1223 3403 Norentnm
1252 3323 1301 3401 ud
1331 3347 1444 3401 com·

351 3466 496 3523 munes
512 3469 721 3550 expensos
751 3450 794 3522 ot
820 3447 1054 3530 utilitatem,
1081 3451 1234 3523 sumet
1260 3451 1445 3532 nostras,

350 3565 494 3642 facere
522 3565 738 3646 hedificori
753 3591 879 3648 unmn
895 3575 1088 3648 castrum.
1117 3567 1187 3664 Qu
1203 3589 1225 3642 n
1241 3589 1262 3642 r
1278 3575 1345 3643 to:
1373 3590 1444 3660 ne·

351 3687 401 3766 tit
440 3686 601 3765 trabere
640 3711 768 3765 unum
797 3711 851 3765 ex
880 3688 984 3766 iocis
1025 3686 1183 3766 nostris
1224 3681 1446 3774 Dalmatio,

351 3808 503 3908 inquo
532 3808 669 3886 volent
695 3831 741 3886 se
769 3833 865 3886 cum
893 3807 1066 3894 hovers,
1106 3805 1227 3883 bonis
1254 3831 1303 3883 nc
1333 3801 1445 3881 inmi·
1597 3851 1598 3866 i

351 3927 403 4005 iio
432 3952 503 4004 sun
532 3931 739 4040 reducere
766 3929 807 4006 in
839 3951 937 4007 casu
968 3923 1245 4006 necessitatis,
1284 3923 1445 4021 Quin·
1597 3925 1598 3938 '

353 4057 420 4124 to:
448 4049 572 4128 offert
599 4057 745 4128 nostro
776 4049 963 4128 dominio
993 4071 1047 4124 ex
1079 4047 1228 4125 castris
1250 4046 1337 4120 suis
1366 4041 1445 4120 cir·

354 4169 651 4247 cumstuntibus
679 4169 711 4247 P
727 4195 754 4248 o
772 4171 812 4248 ii
828 4193 903 4258 ze,
932 4167 1115 4247 illudve!
1145 4167 1217 4244 tua
1243 4187 1350 4267 quoe
1377 4186 1450 4241 no·
