3230 5104
185 517 380 610 croatie,
405 518 486 607 ,nisi
514 517 651 598 solum
685 520 738 598 de
779 517 956 612 duobus,
983 520 1192 599 videlicet:
1214 520 1274 628 ¹de

185 627 531 729 Ostreviza,
572 664 678 741 quae
708 649 752 720 ut
779 641 1030 719 notum'est
1070 641 1170 720 alias
1200 639 1277 740 luit

183 765 342 852 nostra,
370 769 412 837 et
441 761 479 836 in
508 784 556 842 ea
585 763 647 838 ius
674 761 841 864 plenum
870 763 1030 840 habere
1067 761 1274 864 pretendi-

183 871 288 966 mus;
319 889 361 957 et
389 878 441 958 de
473 879 664 958 Clissa
693 905 801 982 quae
831 881 907 959 fuit
936 880 975 956 in
1004 881 1273 984 protectione

184 1009 326 1079 nostra
356 1011 398 1079 et
426 997 711 1080 recomandati
740 1001 886 1080 nostri.
928 999 1120 1102 Ideoque
1160 1025 1277 1106 roga·

183 1146 275 1202 mus
303 1122 598 1200 excellentiam
627 1147 756 1206 suam,
798 1123 911 1202 sicut
939 1123 1063 1199 etiam
1106 1121 1204 1199 alias
1234 1121 1275 1199 ei

185 1239 267 1316 dici
298 1239 500 1326 lecimus,
542 1253 586 1318 ut
614 1265 693 1343 pru
729 1239 894 1318 honore
936 1251 1086 1319 nostro
1129 1241 1182 1317 de
1214 1239 1278 1318 bis

184 1354 333 1436 duobis
362 1384 406 1436 se
434 1357 639 1459 impedire
668 1384 753 1437 non
782 1359 905 1452 velit,
946 1356 998 1436 de
1041 1359 1132 1436 aliis
1173 1381 1277 1440 vero

183 1475 309 1556 faciat
337 1479 472 1556 utsibi
490 1479 603 1557 libet.
637 1526 681 1538 —
713 1477 838 1558 Circa
867 1484 1028 1582 partem
1058 1461 1275 1582 perquam

184 1597 288 1700 petit
316 1607 579 1678 mercatores
607 1626 707 1676 suos
734 1625 860 1703 posse
902 1625 1044 1676 emere
1088 1601 1201 1678 lanas
1230 1603 1273 1674 et

184 1717 286 1796 alins
316 1721 595 1800 mercationes
638 1721 863 1799 anavibus
894 1725 937 1798 et
963 1720 1143 1819 navigiis
1184 1743 1278 1798 nos·

184 1837 259 1914 tris
286 1837 326 1918 in
357 1838 428 1916 Cu
445 1841 456 1914 l
472 1839 526 1914 fo
558 1841 769 1929 Catari,
797 1841 1004 1916 vellemus
1034 1837 1214 1916 libenter
1230 1835 1279 1913 si·

184 1955 225 2034 bi
251 1959 523 2061 complacere
550 1984 695 2062 posse,
722 1958 798 2035 sed
828 1957 1063 2036 advisamus
1081 1979 1175 2034 eum
1200 1979 1280 2059 per

184 2078 300 2176 leges
329 2083 510 2164 nostras,
539 2079 691 2180 quibus
720 2081 1017 2156 contravenire
1058 2102 1141 2153 non
1183 2100 1278 2179 pos·

183 2221 351 2292 sumus,
381 2223 475 2275 esse
506 2195 745 2290 inhibitum,
776 2198 889 2300 quod
926 2197 1208 2276 mercationes
1238 2203 1279 2273 et

186 2343 356 2422 queque
377 2341 444 2395 res
461 2325 637 2396 onerate
655 2327 776 2395 extra
792 2317 947 2395 cultum
966 2341 1094 2422 snper
1107 2313 1279 2395 navibus

185 2446 227 2516 et
243 2437 413 2538 navigiis
432 2437 599 2530 nostris,
629 2439 754 2516 vendi
769 2464 854 2516 non
882 2437 1060 2542 possint,
1075 2463 1155 2515 nec
1185 2461 1279 2514 con·

184 2560 276 2637 duci
304 2559 403 2650 alio,
431 2583 554 2662 quam
584 2561 800 2654 Venutius,
830 2569 871 2637 et
900 2561 1000 2639 licet
1035 2571 1137 2662 sepe'
1157 2557 1281 2638 fueri·

184 2704 275 2756 mus
310 2679 500 2782 requisiti
530 2707 553 2759 a
583 2682 709 2758 terris
751 2681 907 2758 nostris
946 2681 1133 2784 propriis
1163 2679 1279 2756 Dal·

185 2824 225 2875 m
242 2826 264 2878 a
280 2824 303 2877 c
318 2799 380 2906 ie,
405 2799 523 2903 ‘quod
553 2801 613 2878 eis
631 2801 966 2879 concederemus
982 2799 1022 2876 id
1039 2799 1152 2901 quod
1168 2823 1278 2876 nunc

182 2921 288 3024 petit
315 2919 501 3022 prelatus
529 2921 702 2998 illustris
730 2923 937 3010 dominus,
965 2927 1103 2998 tamen
1121 2919 1287 3014 tusam,

182 3066 260 3144 per
290 3041 609 3142 denegavimus,
639 3039 901 3120 obstantibus
930 3041 1085 3118 nostris
1116 3036 1277 3138 legibus

183 3158 398 3266 predictis,
427 3184 556 3263 quare
585 3183 782 3260 rogamus
811 3159 1106 3238 excellentiam
1147 3181 1278 3252 snam,

183 3283 227 3354 ut
253 3305 331 3359 nos
366 3279 522 3380 babeat
551 3289 793 3360 excusatos.

531 3401 636 3466 Secr.
660 3420 763 3466 cons.
787 3419 863 3485 rog.
890 3399 963 3463 Lib.
987 3397 1080 3463 XXl.
1105 3399 1160 3463 ch.
1183 3399 1237 3463 70.

313 3537 550 3642 CDXCI·
580 3565 692 3639 1461.
725 3567 785 3640 19.
815 3558 1146 3638 Februarii.

186 3719 325 3778 llsuorn
350 3733 572 3793 ynpaaarearo
598 3721 838 3788 crabrones-s,
860 3733 898 3788 pa
920 3733 1022 3786 asera
1046 3717 1176 3789 audura
1199 3731 1291 3790 rap--

184 3822 279 3878 uero
292 3805 423 3880 banccy
438 3821 502 3876 aaa
528 3803 609 3862 baua
632 3806 851 3880 Xpnarcrorn
876 3805 985 3862 Harsa
1010 3821 1045 3862 aa
1065 3818 1184 3874 aoaqe,
1197 3818 1277 3858 rano

461 3887 548 3947 se6n
572 3907 653 3948 nasa
676 3907 695 3963 y
719 3905 802 3964 pyrre
827 3890 1000 3964 Typqnua.

286 4007 350 4086 Ex
379 4003 532 4084 litteris
560 4015 776 4085 rectorum
805 4013 1047 4084 nostrorum
1076 3981 1278 4103 'l'ragu-

184 4128 334 4206 riiet
383 4125 622 4230 Spoleti
652 4131 829 4213 constat,
869 4125 1154 4204 illustrem
1197 4124 1279 4202 du·

808 4256 855 4264 ”
1036 4247 1075 4310 14
