3230 5104
343 592 395 668 de
424 595 521 666 tuor
548 613 570 664 a
599 589 655 666 mi
682 588 720 667 ia
750 590 829 664 mia
862 589 1075 687 signoria‚
1119 590 1323 670 ucetiam
1364 589 1432 666 tar

344 717 490 788 contra
533 711 569 786 ia
596 710 780 806 signoria
820 717 987 796 vostra,
1030 711 1128 811 quel
1170 710 1253 786 che
1287 734 1429 813 pensa.

341 826 432 906 Non
461 829 694 932 rumpendo
737 827 773 904 ia
810 827 994 926 signoria
1035 837 1203 916 vostra,
1246 829 1430 908 i'harcra

344 949 383 1024 ei
412 949 537 1027 modo
566 952 619 1028 de
648 949 712 1026 far
753 958 901 1026 contra
942 950 994 1026 de
1022 951 1103 1036 mi,
1134 975 1158 1024 e
1185 952 1253 1028 det
1296 951 1436 1030 ducha

343 1069 531 1162 stefano,
558 1070 702 1148 dubito
732 1072 828 1172 quei
857 1095 983 1156 vora,
1012 1093 1088 1174 per
1117 1069 1196 1150 che
1225 1073 1265 1148 el
1291 1071 1436 1172 vigne-

345 1213 390 1268 ra
431 1213 510 1268 con
540 1197 645 1268 tutta
690 1193 724 1268 ia
754 1216 827 1270 sua
858 1215 1085 1292 possenna,
1116 1218 1138 1265 e
1166 1217 1213 1270 se
1242 1215 1321 1296 por
1347 1214 1435 1270 non

346 1335 457 1413 pora·
486 1333 674 1412 occupor
716 1311 828 1389 cossi
854 1317 999 1413 presto
1028 1311 1067 1388 el
1102 1321 1250 1390 nostro
1292 1335 1441 1412 regno.

345 1432 552 1512 carchara
580 1436 632 1512 de
660 1432 791 1510 hever
819 1433 956 1535 queiia
984 1441 1118 1536 parte,
1147 1435 1227 1512 cha
1254 1433 1325 1535 piu
1347 1433 1442 1510 fara

345 1553 380 1628 al
409 1575 487 1630 suo
518 1552 755 1656 proposito,
773 1555 814 1629 in
844 1555 985 1634 modo.
1015 1553 1096 1630 che
1123 1553 1137 1629 i
1165 1553 1443 1653 suodesegni

345 1671 555 1751 haverano
586 1673 726 1774 luogo.

448 1793 514 1871 Ma
554 1818 599 1872 se
627 1795 664 1872 ta
707 1795 892 1894 signoria
934 1805 1077 1874 vostra
1121 1797 1216 1872 vuol
1261 1817 1444 1897 comper

346 1933 425 1988 coo
456 1913 511 1988 tui
541 1913 576 1989 ai
606 1923 830 2016 presente,
865 1938 994 1990 eson
1023 1921 1225 1992 contento
1269 1915 1336 1990 voi
1364 1937 1438 1988 vo-

345 2029 495 2114 iando‚
537 2033 590 2110 dc
619 2055 740 2108 esser
781 2033 820 2108 in
863 2043 1010 2134 queste
1053 2041 1174 2136 parte
1216 2029 1445 2134 capitaneo

346 2163 504 2244 vostro,
533 2159 575 2229 et
604 2153 665 2229 far
692 2177 769 2256 per
797 2155 863 2232 rui
892 2163 933 2232 et
960 2177 1040 2255 per
1073 2156 1154 2240 mi,
1186 2177 1268 2229 non
1309 2156 1444 2228 atten-

345 2275 480 2352 dando
509 2299 562 2349 ne
590 2274 645 2350 aii
672 2275 833 2375 partiali,
864 2276 1010 2354 neate
1039 2273 1303 2352 manasedai
1333 2271 1443 2350 Tur·

347 2393 442 2480 cho;
469 2419 492 2468 e
521 2395 617 2495 quei
646 2397 726 2472 che
743 2395 777 2472 ia
794 2397 980 2496 signoria
1010 2402 1150 2473 vostea
1179 2395 1265 2471 fara
1295 2418 1375 2496 per
1400 2393 1441 2470 el

347 2521 494 2593 vostro
524 2519 643 2594 stado
674 2527 821 2595 contra
850 2517 889 2594 ei
916 2517 1077 2608 Turno,
1107 2517 1273 2617 quando
1302 2514 1360 2590 mi
1375 2513 1445 2592 ha·

347 2657 449 2710 vero
481 2659 635 2730 perso,
664 2659 755 2714 cum
791 2635 969 2714 mancho
1011 2635 1144 2713 affano
1174 2644 1216 2711 et
1242 2631 1443 2733 pericolo

347 2778 453 2857 pora
483 2755 717 2839 feneranti
745 2755 825 2832 cire
853 2757 906 2832 rni
935 2756 1092 2833 bavero
1123 2777 1262 2856 perso.
1290 2751 1444 2852 Eque·

348 2884 413 2952 sto
441 2899 488 2951 se
516 2877 622 2953 vade
651 2875 958 2964 chiaramonte,
988 2876 1025 2952 et
1053 2875 1198 2953 anco
1226 2899 1272 2948 se
1303 2873 1340 2950 fa
1372 2873 1440 2950 aia

348 2994 530 3072 aornada
560 2999 628 3098 pio
658 3001 816 3097 grande
845 3022 922 3099 per
951 3009 1071 3076 taxer
1098 3000 1110 3075 i
1139 2994 1376 3074 Christiani.

448 3116 564 3196 Ecco
606 3119 791 3196 anchora
832 3122 982 3196 mando
1012 3144 1034 3194 a
1064 3119 1101 3194 ta
1128 3117 1303 3196 sanctita
1342 3117 1443 3192 det

348 3233 510 3339 Papa,
541 3239 758 3315 narandoti
777 3241 830 3314 tat
859 3239 1049 3341 pericoti
1079 3263 1159 3316 coo
1186 3245 1337 3337 questo
1354 3235 1441 3312 che

322 3347 386 3438 'la
414 3359 597 3459 signoria
626 3369 767 3438 vostra
798 3360 865 3438 dia
894 3360 1055 3439 ordene
1082 3359 1147 3436 ali
1176 3359 1259 3436 mei
1287 3358 1449 3435 ambas·

350 3481 504 3573 sedon,
533 3483 630 3584 quel
661 3483 866 3562 echome
896 3482 947 3560 de
976 3483 1115 3586 pariar
1144 3505 1166 3558 a
1195 3482 1229 3556 11
1264 3477 1449 3558 sanctita

351 3627 425 3681 sua
455 3602 568 3681 circa
598 3602 650 3678 tal
681 3603 872 3705 pericoii.

453 3725 622 3803 Ancora
650 3745 696 3798 sa
724 3723 759 3798 ia
788 3723 1065 3801 illustrissima
1091 3721 1450 3819 signoriavostra,

352 3869 476 3924 come
505 3847 543 3923 ia
574 3845 750 3924 sanctita
781 3847 876 3922 dci
905 3847 1056 3948 Papa
1084 3843 1217 3921 havea
1258 3841 1358 3919 dato
1396 3841 1449 3920 ai

354 3967 462 4045 mio
489 3967 670 4068 padre
700 3975 816 4046 certa
844 3967 1109 4045 monition
1138 3968 1191 4043 de
1218 3987 1449 4042 armamen-

356 4089 386 4166 ti
415 4088 468 4166 dc
499 4089 535 4164 ia
552 4086 736 4165 cruciata
765 4113 811 4164 sc
840 4095 958 4166 trova
986 4088 1027 4164 in
1057 4084 1353 4176 Dalmatia.
1382 4083 1452 4158 aia

353 4207 536 4309 signoria
564 4211 706 4288 vostra
729 4231 814 4284 non
846 4207 873 4283 ti
901 4231 1026 4311 porse
1054 4206 1094 4285 di
1123 4203 1260 4284 lasarii
1296 4230 1320 4283 a
1348 4188 1453 4307 quel
