<?xml version="1.0" encoding="UTF-8"?>
<!DOCTYPE html PUBLIC "-//W3C//DTD XHTML 1.0 Transitional//EN"
    "http://www.w3.org/TR/xhtml1/DTD/xhtml1-transitional.dtd">
<html xmlns="http://www.w3.org/1999/xhtml" xml:lang="en" lang="en">
 <head>
  <title>
</title>
<meta http-equiv="Content-Type" content="text/html;charset=utf-8" />
  <meta name='ocr-system' content='tesseract 3.04.00' />
  <meta name='ocr-capabilities' content='ocr_page ocr_carea ocr_par ocr_line ocrx_word'/>
</head>
<body>
  <div class='ocr_page' id='page_1' title='image "./actaarchivivene00sergoog_0249.png"; bbox 0 0 3212 5116; ppageno 0'>
   <div class='ocr_carea' id='block_1_1' title="bbox 689 399 1259 478">
    <p class='ocr_par' dir='ltr' id='par_1_1' title="bbox 689 399 1259 478">
     <span class='ocr_line' id='line_1_1' title="bbox 689 399 1259 478; baseline 0 -19"><span class='ocrx_word' id='word_1_1' title='bbox 689 425 710 459; x_wconf 70' lang='grc' dir='ltr'><strong><em>ο</em></strong></span> <span class='ocrx_word' id='word_1_2' title='bbox 1192 399 1259 478; x_wconf 65' lang='lat'>23&#39;1&#39;</span> 
     </span>
    </p>
   </div>
   <div class='ocr_carea' id='block_1_2' title="bbox 169 617 1256 963">
    <p class='ocr_par' dir='ltr' id='par_1_2' title="bbox 169 617 1256 963">
     <span class='ocr_line' id='line_1_2' title="bbox 172 617 1256 722; baseline 0.002 -26"><span class='ocrx_word' id='word_1_3' title='bbox 172 621 272 698; x_wconf 85' lang='lat' dir='ltr'><strong>timo</strong></span> <span class='ocrx_word' id='word_1_4' title='bbox 290 621 442 698; x_wconf 79' lang='lat' dir='ltr'>mensis</span> <span class='ocrx_word' id='word_1_5' title='bbox 457 621 645 718; x_wconf 74' lang='lat' dir='ltr'><strong>Augusti.</strong></span> <span class='ocrx_word' id='word_1_6' title='bbox 678 617 978 722; x_wconf 71' lang='lat' dir='ltr'><strong>serenissimus</strong></span> <span class='ocrx_word' id='word_1_7' title='bbox 993 627 1034 699; x_wconf 88' lang='lat' dir='ltr'><strong>et</strong></span> <span class='ocrx_word' id='word_1_8' title='bbox 1049 619 1256 701; x_wconf 78' lang='lat' dir='ltr'><strong>enoeiien·</strong></span> 
     </span>
     <span class='ocr_line' id='line_1_3' title="bbox 170 739 1256 828; baseline 0.004 -10"><span class='ocrx_word' id='word_1_9' title='bbox 170 741 354 819; x_wconf 87' lang='lat' dir='ltr'><strong>tissimus</strong></span> <span class='ocrx_word' id='word_1_10' title='bbox 381 741 588 828; x_wconf 82' lang='lat' dir='ltr'><strong>dominus,</strong></span> <span class='ocrx_word' id='word_1_11' title='bbox 615 743 808 820; x_wconf 88' lang='lat' dir='ltr'><strong>dominus</strong></span> <span class='ocrx_word' id='word_1_12' title='bbox 848 743 882 821; x_wconf 82' lang='grc' dir='ltr'>Α</span> <span class='ocrx_word' id='word_1_13' title='bbox 898 765 923 817; x_wconf 96' lang='lat' dir='ltr'><strong>n</strong></span> <span class='ocrx_word' id='word_1_14' title='bbox 940 747 955 818; x_wconf 83' lang='lat' dir='ltr'><strong>t</strong></span> <span class='ocrx_word' id='word_1_15' title='bbox 970 767 995 820; x_wconf 95' lang='lat' dir='ltr'><strong>o</strong></span> <span class='ocrx_word' id='word_1_16' title='bbox 1012 767 1037 820; x_wconf 96' lang='lat' dir='ltr'><strong>n</strong></span> <span class='ocrx_word' id='word_1_17' title='bbox 1052 743 1066 820; x_wconf 92' lang='lat' dir='ltr'><strong>i</strong></span> <span class='ocrx_word' id='word_1_18' title='bbox 1080 765 1140 818; x_wconf 90' lang='lat' dir='ltr'><strong>us</strong></span> <span class='ocrx_word' id='word_1_19' title='bbox 1167 741 1206 818; x_wconf 91' lang='lat' dir='ltr'>V</span> <span class='ocrx_word' id='word_1_20' title='bbox 1220 739 1256 822; x_wconf 80' lang='lat' dir='ltr'><strong>e·</strong></span> 
     </span>
     <span class='ocr_line' id='line_1_4' title="bbox 169 861 1255 963; baseline 0.001 -22"><span class='ocrx_word' id='word_1_21' title='bbox 169 865 322 941; x_wconf 90' lang='lat' dir='ltr'><strong>nerio</strong></span> <span class='ocrx_word' id='word_1_22' title='bbox 351 863 438 941; x_wconf 88' lang='lat' dir='ltr'><strong>dei</strong></span> <span class='ocrx_word' id='word_1_23' title='bbox 466 861 642 963; x_wconf 83' lang='lat' dir='ltr'><strong>gratia</strong></span> <span class='ocrx_word' id='word_1_24' title='bbox 670 863 771 938; x_wconf 84' lang='lat' dir='ltr'><strong>dux</strong></span> <span class='ocrx_word' id='word_1_25' title='bbox 797 861 1146 942; x_wconf 83' lang='lat' dir='ltr'><strong>venetiorum</strong></span> <span class='ocrx_word' id='word_1_26' title='bbox 1176 871 1255 942; x_wconf 87' lang='lat' dir='ltr'><strong>etc.</strong></span> 
     </span>
    </p>
   </div>
   <div class='ocr_carea' id='block_1_3' title="bbox 271 983 1255 1102">
    <p class='ocr_par' dir='ltr' id='par_1_3' title="bbox 271 983 1255 1102">
     <span class='ocr_line' id='line_1_5' title="bbox 271 983 1255 1102; baseline -0.001 -24"><span class='ocrx_word' id='word_1_27' title='bbox 271 997 354 1078; x_wconf 88' lang='lat' dir='ltr'><strong>Una</strong></span> <span class='ocrx_word' id='word_1_28' title='bbox 382 1025 478 1078; x_wconf 88' lang='lat' dir='ltr'><strong>cum</strong></span> <span class='ocrx_word' id='word_1_29' title='bbox 506 1001 607 1079; x_wconf 91' lang='lat' dir='ltr'><strong>suis·</strong></span> <span class='ocrx_word' id='word_1_30' title='bbox 627 983 844 1086; x_wconf 80' lang='lat' dir='ltr'><strong>consiliis.</strong></span> <span class='ocrx_word' id='word_1_31' title='bbox 874 1001 1052 1094; x_wconf 90' lang='lat' dir='ltr'><strong>minori,</strong></span> <span class='ocrx_word' id='word_1_32' title='bbox 1092 1009 1255 1102; x_wconf 83' lang='lat' dir='ltr'><strong>rogato·</strong></span> 
     </span>
    </p>
   </div>
   <div class='ocr_carea' id='block_1_4' title="bbox 170 1116 1256 1326">
    <p class='ocr_par' dir='ltr' id='par_1_4' title="bbox 170 1116 1256 1326">
     <span class='ocr_line' id='line_1_6' title="bbox 170 1116 1255 1222; baseline -0.003 -24"><span class='ocrx_word' id='word_1_33' title='bbox 170 1145 275 1209; x_wconf 90' lang='lat' dir='ltr'><strong>rum,</strong></span> <span class='ocrx_word' id='word_1_34' title='bbox 315 1116 385 1198; x_wconf 85' lang='lat' dir='ltr'><strong>XL</strong></span> <span class='ocrx_word' id='word_1_35' title='bbox 433 1129 475 1198; x_wconf 87' lang='lat' dir='ltr'><strong>et</strong></span> <span class='ocrx_word' id='word_1_36' title='bbox 503 1129 641 1207; x_wconf 85' lang='lat' dir='ltr'><strong>zonte,</strong></span> <span class='ocrx_word' id='word_1_37' title='bbox 671 1120 919 1202; x_wconf 80' lang='lat' dir='ltr'><strong>habentibus</strong></span> <span class='ocrx_word' id='word_1_38' title='bbox 947 1119 996 1196; x_wconf 88' lang='lat' dir='ltr'><strong>ad</strong></span> <span class='ocrx_word' id='word_1_39' title='bbox 1024 1119 1255 1222; x_wconf 86' lang='lat' dir='ltr'><strong>infrascrip-</strong></span> 
     </span>
     <span class='ocr_line' id='line_1_7' title="bbox 170 1223 1256 1326; baseline -0.002 -24"><span class='ocrx_word' id='word_1_40' title='bbox 170 1233 210 1302; x_wconf 84' lang='lat' dir='ltr'><strong>ta</strong></span> <span class='ocrx_word' id='word_1_41' title='bbox 238 1229 282 1302; x_wconf 85' lang='lat' dir='ltr'><strong>et</strong></span> <span class='ocrx_word' id='word_1_42' title='bbox 308 1224 386 1299; x_wconf 83' lang='lat' dir='ltr'><strong>alin</strong></span> <span class='ocrx_word' id='word_1_43' title='bbox 427 1223 709 1326; x_wconf 80' lang='lat' dir='ltr'><strong>plenissimam</strong></span> <span class='ocrx_word' id='word_1_44' title='bbox 752 1225 1002 1315; x_wconf 83' lang='lat' dir='ltr'><strong>libertatem,</strong></span> <span class='ocrx_word' id='word_1_45' title='bbox 1029 1224 1080 1301; x_wconf 84' lang='lat' dir='ltr'><strong>ad</strong></span> <span class='ocrx_word' id='word_1_46' title='bbox 1108 1245 1256 1300; x_wconf 90' lang='lat' dir='ltr'><strong>sonum</strong></span> 
     </span>
    </p>
   </div>
   <div class='ocr_carea' id='block_1_5' title="bbox 168 1341 1279 4331">
    <p class='ocr_par' dir='ltr' id='par_1_5' title="bbox 168 1341 1279 4331">
     <span class='ocr_line' id='line_1_8' title="bbox 171 1341 1258 1448; baseline -0.004 -26"><span class='ocrx_word' id='word_1_47' title='bbox 171 1365 387 1446; x_wconf 84' lang='lat' dir='ltr'><strong>campane.</strong></span> <span class='ocrx_word' id='word_1_48' title='bbox 416 1353 460 1422; x_wconf 87' lang='lat' dir='ltr'><strong>et</strong></span> <span class='ocrx_word' id='word_1_49' title='bbox 485 1368 597 1422; x_wconf 86' lang='lat' dir='ltr'><strong>voce</strong></span> <span class='ocrx_word' id='word_1_50' title='bbox 636 1345 839 1448; x_wconf 82' lang='lat' dir='ltr'><strong>preconia</strong></span> <span class='ocrx_word' id='word_1_51' title='bbox 880 1341 1121 1446; x_wconf 79' lang='lat' dir='ltr'><strong>speciniiter</strong></span> <span class='ocrx_word' id='word_1_52' title='bbox 1162 1365 1258 1421; x_wconf 90' lang='lat' dir='ltr'><strong>oon-</strong></span> 
     </span>
     <span class='ocr_line' id='line_1_9' title="bbox 171 1463 1258 1568; baseline -0.001 -28"><span class='ocrx_word' id='word_1_53' title='bbox 171 1463 367 1564; x_wconf 82' lang='lat' dir='ltr'><strong>gregaiis,</strong></span> <span class='ocrx_word' id='word_1_54' title='bbox 397 1463 554 1568; x_wconf 83' lang='lat' dir='ltr'><strong>etipsa</strong></span> <span class='ocrx_word' id='word_1_55' title='bbox 583 1465 754 1545; x_wconf 85' lang='lat' dir='ltr'><strong>consilia</strong></span> <span class='ocrx_word' id='word_1_56' title='bbox 783 1488 863 1540; x_wconf 86' lang='lat' dir='ltr'><strong>una</strong></span> <span class='ocrx_word' id='word_1_57' title='bbox 891 1463 1102 1568; x_wconf 85' lang='lat' dir='ltr'><strong>cumipse</strong></span> <span class='ocrx_word' id='word_1_58' title='bbox 1131 1463 1258 1540; x_wconf 91' lang='lat' dir='ltr'><strong>domi-</strong></span> 
     </span>
     <span class='ocr_line' id='line_1_10' title="bbox 168 1583 1259 1666; baseline 0.001 -5"><span class='ocrx_word' id='word_1_59' title='bbox 168 1609 223 1661; x_wconf 85' lang='lat' dir='ltr'><strong>no</strong></span> <span class='ocrx_word' id='word_1_60' title='bbox 249 1583 363 1662; x_wconf 87' lang='lat' dir='ltr'><strong>duce</strong></span> <span class='ocrx_word' id='word_1_61' title='bbox 403 1585 656 1665; x_wconf 84' lang='lat' dir='ltr'><strong>unanimiter</strong></span> <span class='ocrx_word' id='word_1_62' title='bbox 696 1596 738 1666; x_wconf 86' lang='lat' dir='ltr'><strong>et</strong></span> <span class='ocrx_word' id='word_1_63' title='bbox 779 1585 1051 1664; x_wconf 88' lang='lat' dir='ltr'><strong>concorditer</strong></span> <span class='ocrx_word' id='word_1_64' title='bbox 1093 1585 1259 1662; x_wconf 89' lang='lat' dir='ltr'><strong>nemine</strong></span> 
     </span>
     <span class='ocr_line' id='line_1_11' title="bbox 170 1705 1259 1810; baseline 0.002 -28"><span class='ocrx_word' id='word_1_65' title='bbox 170 1705 457 1807; x_wconf 86' lang='lat' dir='ltr'><strong>discrepante,</strong></span> <span class='ocrx_word' id='word_1_66' title='bbox 485 1731 566 1810; x_wconf 92' lang='lat' dir='ltr'><strong>per</strong></span> <span class='ocrx_word' id='word_1_67' title='bbox 604 1731 651 1782; x_wconf 87' lang='lat' dir='ltr'><strong>se</strong></span> <span class='ocrx_word' id='word_1_68' title='bbox 681 1716 722 1785; x_wconf 85' lang='lat' dir='ltr'><strong>et</strong></span> <span class='ocrx_word' id='word_1_69' title='bbox 762 1730 1039 1785; x_wconf 77' lang='lat' dir='ltr'><strong>successores</strong></span> <span class='ocrx_word' id='word_1_70' title='bbox 1068 1727 1179 1800; x_wconf 91' lang='lat' dir='ltr'><strong>suos,</strong></span> <span class='ocrx_word' id='word_1_71' title='bbox 1208 1729 1259 1784; x_wconf 85' lang='lat' dir='ltr'><strong>ao</strong></span> 
     </span>
     <span class='ocr_line' id='line_1_12' title="bbox 169 1823 1259 1913; baseline -0.002 -13"><span class='ocrx_word' id='word_1_72' title='bbox 169 1825 340 1902; x_wconf 84' lang='lat' dir='ltr'><strong>nomine</strong></span> <span class='ocrx_word' id='word_1_73' title='bbox 369 1831 411 1902; x_wconf 90' lang='lat' dir='ltr'><strong>et</strong></span> <span class='ocrx_word' id='word_1_74' title='bbox 434 1825 528 1904; x_wconf 88' lang='lat' dir='ltr'><strong>vice</strong></span> <span class='ocrx_word' id='word_1_75' title='bbox 557 1826 750 1904; x_wconf 91' lang='lat' dir='ltr'><strong>comunis</strong></span> <span class='ocrx_word' id='word_1_76' title='bbox 776 1827 1059 1913; x_wconf 84' lang='lat' dir='ltr'><strong>venetiarum,</strong></span> <span class='ocrx_word' id='word_1_77' title='bbox 1075 1829 1117 1900; x_wconf 89' lang='lat' dir='ltr'><strong>et</strong></span> <span class='ocrx_word' id='word_1_78' title='bbox 1133 1823 1259 1900; x_wconf 92' lang='lat' dir='ltr'><strong>omni·</strong></span> 
     </span>
     <span class='ocr_line' id='line_1_13' title="bbox 171 1941 1259 2046; baseline -0.002 -26"><span class='ocrx_word' id='word_1_79' title='bbox 171 1945 248 2020; x_wconf 88' lang='lat' dir='ltr'><strong>bus</strong></span> <span class='ocrx_word' id='word_1_80' title='bbox 270 1941 437 2040; x_wconf 73' lang='lat' dir='ltr'><strong>juribus</strong></span> <span class='ocrx_word' id='word_1_81' title='bbox 490 1943 627 2022; x_wconf 88' lang='lat' dir='ltr'><strong>modis</strong></span> <span class='ocrx_word' id='word_1_82' title='bbox 656 1953 699 2023; x_wconf 90' lang='lat' dir='ltr'><strong>et</strong></span> <span class='ocrx_word' id='word_1_83' title='bbox 726 1945 897 2030; x_wconf 86' lang='lat' dir='ltr'><strong>formis,</strong></span> <span class='ocrx_word' id='word_1_84' title='bbox 935 1945 1083 2046; x_wconf 87' lang='lat' dir='ltr'><strong>quibus</strong></span> <span class='ocrx_word' id='word_1_85' title='bbox 1110 1943 1259 2019; x_wconf 89' lang='lat' dir='ltr'><strong>meiius</strong></span> 
     </span>
     <span class='ocr_line' id='line_1_14' title="bbox 170 2063 1260 2165; baseline -0.003 -25"><span class='ocrx_word' id='word_1_86' title='bbox 170 2063 401 2165; x_wconf 86' lang='lat' dir='ltr'><strong>potuerint,</strong></span> <span class='ocrx_word' id='word_1_87' title='bbox 433 2063 628 2144; x_wconf 82' lang='lat' dir='ltr'><strong>iecerunt</strong></span> <span class='ocrx_word' id='word_1_88' title='bbox 657 2067 962 2144; x_wconf 86' lang='lat' dir='ltr'><strong>constituerunt</strong></span> <span class='ocrx_word' id='word_1_89' title='bbox 978 2072 1020 2142; x_wconf 85' lang='lat' dir='ltr'><strong>et</strong></span> <span class='ocrx_word' id='word_1_90' title='bbox 1045 2063 1260 2140; x_wconf 83' lang='lat' dir='ltr'><strong>ordinave-</strong></span> 
     </span>
     <span class='ocr_line' id='line_1_15' title="bbox 171 2183 1260 2271; baseline 0 -11"><span class='ocrx_word' id='word_1_91' title='bbox 171 2191 283 2271; x_wconf 79' lang='lat' dir='ltr'><strong>runt,</strong></span> <span class='ocrx_word' id='word_1_92' title='bbox 312 2207 431 2260; x_wconf 86' lang='lat' dir='ltr'><strong>suum</strong></span> <span class='ocrx_word' id='word_1_93' title='bbox 461 2191 504 2261; x_wconf 85' lang='lat' dir='ltr'><strong>et</strong></span> <span class='ocrx_word' id='word_1_94' title='bbox 529 2185 632 2265; x_wconf 86' lang='lat' dir='ltr'><strong>dicti</strong></span> <span class='ocrx_word' id='word_1_95' title='bbox 663 2187 856 2264; x_wconf 85' lang='lat' dir='ltr'><strong>comunis</strong></span> <span class='ocrx_word' id='word_1_96' title='bbox 883 2185 1154 2265; x_wconf 86' lang='lat' dir='ltr'><strong>Venetiarum</strong></span> <span class='ocrx_word' id='word_1_97' title='bbox 1182 2183 1260 2261; x_wconf 88' lang='lat' dir='ltr'><strong>sin·</strong></span> 
     </span>
     <span class='ocr_line' id='line_1_16' title="bbox 170 2305 1258 2410; baseline -0.004 -26"><span class='ocrx_word' id='word_1_98' title='bbox 170 2305 323 2391; x_wconf 89' lang='lat' dir='ltr'><strong>dicum,</strong></span> <span class='ocrx_word' id='word_1_99' title='bbox 368 2312 573 2395; x_wconf 86' lang='lat' dir='ltr'><strong>actorem,</strong></span> <span class='ocrx_word' id='word_1_100' title='bbox 598 2314 938 2410; x_wconf 85' lang='lat' dir='ltr'><strong>procuratorem,</strong></span> <span class='ocrx_word' id='word_1_101' title='bbox 991 2305 1258 2406; x_wconf 82' lang='lat' dir='ltr'><strong>negotiorum</strong></span> 
     </span>
     <span class='ocr_line' id='line_1_17' title="bbox 171 2423 1260 2532; baseline 0.001 -30"><span class='ocrx_word' id='word_1_102' title='bbox 171 2433 385 2525; x_wconf 82' lang='lat' dir='ltr'><strong>gestorem</strong></span> <span class='ocrx_word' id='word_1_103' title='bbox 415 2433 456 2504; x_wconf 88' lang='lat' dir='ltr'><strong>et</strong></span> <span class='ocrx_word' id='word_1_104' title='bbox 483 2431 670 2506; x_wconf 90' lang='lat' dir='ltr'><strong>nuntium</strong></span> <span class='ocrx_word' id='word_1_105' title='bbox 707 2429 960 2532; x_wconf 77' lang='lat' dir='ltr'><strong>specialem,</strong></span> <span class='ocrx_word' id='word_1_106' title='bbox 990 2433 1032 2505; x_wconf 85' lang='lat' dir='ltr'><strong>et</strong></span> <span class='ocrx_word' id='word_1_107' title='bbox 1060 2423 1260 2529; x_wconf 89' lang='lat' dir='ltr'><strong>quidquid</strong></span> 
     </span>
     <span class='ocr_line' id='line_1_18' title="bbox 172 2544 1259 2650; baseline 0.001 -31"><span class='ocrx_word' id='word_1_108' title='bbox 172 2546 351 2646; x_wconf 82' lang='lat' dir='ltr'><strong>amptius</strong></span> <span class='ocrx_word' id='word_1_109' title='bbox 379 2544 462 2624; x_wconf 86' lang='lat' dir='ltr'><strong>dici</strong></span> <span class='ocrx_word' id='word_1_110' title='bbox 488 2557 643 2648; x_wconf 83' lang='lat' dir='ltr'><strong>posset,</strong></span> <span class='ocrx_word' id='word_1_111' title='bbox 671 2547 859 2626; x_wconf 87' lang='lat' dir='ltr'><strong>nobilem</strong></span> <span class='ocrx_word' id='word_1_112' title='bbox 876 2555 917 2625; x_wconf 91' lang='lat' dir='ltr'><strong>et</strong></span> <span class='ocrx_word' id='word_1_113' title='bbox 945 2545 1176 2650; x_wconf 77' lang='lat' dir='ltr'><strong>sapientem</strong></span> <span class='ocrx_word' id='word_1_114' title='bbox 1203 2544 1259 2620; x_wconf 81' lang='lat' dir='ltr'><strong>vi·</strong></span> 
     </span>
     <span class='ocr_line' id='line_1_19' title="bbox 170 2665 1260 2762; baseline 0 -19"><span class='ocrx_word' id='word_1_115' title='bbox 170 2667 505 2744; x_wconf 88' lang='lat' dir='ltr'><strong>rumdominum</strong></span> <span class='ocrx_word' id='word_1_116' title='bbox 547 2665 1147 2762; x_wconf 76' lang='lat' dir='ltr'><strong>Nicotaumliuseari‚</strong></span> <span class='ocrx_word' id='word_1_117' title='bbox 1189 2665 1260 2743; x_wconf 90' lang='lat' dir='ltr'><strong>ho·</strong></span> 
     </span>
     <span class='ocr_line' id='line_1_20' title="bbox 172 2785 1260 2874; baseline 0.001 -13"><span class='ocrx_word' id='word_1_118' title='bbox 172 2785 409 2864; x_wconf 78' lang='lat' dir='ltr'><strong>norabiiem</strong></span> <span class='ocrx_word' id='word_1_119' title='bbox 438 2788 573 2864; x_wconf 86' lang='lat' dir='ltr'><strong>civem</strong></span> <span class='ocrx_word' id='word_1_120' title='bbox 609 2789 909 2874; x_wconf 90' lang='lat' dir='ltr'><strong>Venetiarum,</strong></span> <span class='ocrx_word' id='word_1_121' title='bbox 950 2789 1166 2865; x_wconf 81' lang='lat' dir='ltr'><strong>absentem</strong></span> <span class='ocrx_word' id='word_1_122' title='bbox 1192 2809 1260 2862; x_wconf 90' lang='lat' dir='ltr'><strong>ve·</strong></span> 
     </span>
     <span class='ocr_line' id='line_1_21' title="bbox 171 2903 1260 3006; baseline -0.002 -24"><span class='ocrx_word' id='word_1_123' title='bbox 171 2908 232 2982; x_wconf 82' lang='lat' dir='ltr'><strong>int</strong></span> <span class='ocrx_word' id='word_1_124' title='bbox 273 2912 544 3006; x_wconf 83' lang='lat' dir='ltr'><strong>presentem,</strong></span> <span class='ocrx_word' id='word_1_125' title='bbox 585 2907 625 2984; x_wconf 91' lang='lat' dir='ltr'><strong>in</strong></span> <span class='ocrx_word' id='word_1_126' title='bbox 664 2909 858 2986; x_wconf 88' lang='lat' dir='ltr'><strong>omnibus</strong></span> <span class='ocrx_word' id='word_1_127' title='bbox 899 2929 1047 2985; x_wconf 91' lang='lat' dir='ltr'><strong>eorum</strong></span> <span class='ocrx_word' id='word_1_128' title='bbox 1077 2913 1119 2984; x_wconf 89' lang='lat' dir='ltr'><strong>et</strong></span> <span class='ocrx_word' id='word_1_129' title='bbox 1159 2903 1260 2984; x_wconf 86' lang='lat' dir='ltr'><strong>dicti</strong></span> 
     </span>
     <span class='ocr_line' id='line_1_22' title="bbox 171 3023 1259 3129; baseline -0.001 -26"><span class='ocrx_word' id='word_1_130' title='bbox 171 3025 362 3103; x_wconf 80' lang='lat' dir='ltr'><strong>comunis</strong></span> <span class='ocrx_word' id='word_1_131' title='bbox 392 3025 665 3104; x_wconf 86' lang='lat' dir='ltr'><strong>Venetiarum</strong></span> <span class='ocrx_word' id='word_1_132' title='bbox 695 3027 845 3118; x_wconf 70' lang='lat' dir='ltr'><strong>causis</strong></span> <span class='ocrx_word' id='word_1_133' title='bbox 873 3025 1011 3106; x_wconf 88' lang='lat' dir='ltr'><strong>litibus</strong></span> <span class='ocrx_word' id='word_1_134' title='bbox 1035 3023 1259 3129; x_wconf 88' lang='lat' dir='ltr'><strong>questioni·</strong></span> 
     </span>
     <span class='ocr_line' id='line_1_23' title="bbox 170 3147 1260 3250; baseline -0.003 -25"><span class='ocrx_word' id='word_1_135' title='bbox 170 3151 248 3225; x_wconf 90' lang='lat' dir='ltr'><strong>bus</strong></span> <span class='ocrx_word' id='word_1_136' title='bbox 278 3153 321 3224; x_wconf 86' lang='lat' dir='ltr'><strong>et</strong></span> <span class='ocrx_word' id='word_1_137' title='bbox 335 3148 521 3248; x_wconf 89' lang='lat' dir='ltr'><strong>querelis</strong></span> <span class='ocrx_word' id='word_1_138' title='bbox 551 3147 742 3226; x_wconf 78' lang='lat' dir='ltr'><strong>civilibus</strong></span> <span class='ocrx_word' id='word_1_139' title='bbox 770 3157 811 3227; x_wconf 91' lang='lat' dir='ltr'><strong>et</strong></span> <span class='ocrx_word' id='word_1_140' title='bbox 826 3147 1117 3236; x_wconf 84' lang='lat' dir='ltr'><strong>criminalibus,</strong></span> <span class='ocrx_word' id='word_1_141' title='bbox 1144 3169 1260 3250; x_wconf 87' lang='lat' dir='ltr'><strong>prae·</strong></span> 
     </span>
     <span class='ocr_line' id='line_1_24' title="bbox 171 3264 1259 3371; baseline -0.003 -29"><span class='ocrx_word' id='word_1_142' title='bbox 171 3264 358 3344; x_wconf 81' lang='lat' dir='ltr'><strong>sentibus</strong></span> <span class='ocrx_word' id='word_1_143' title='bbox 392 3274 437 3344; x_wconf 86' lang='lat' dir='ltr'><strong>et</strong></span> <span class='ocrx_word' id='word_1_144' title='bbox 461 3267 627 3356; x_wconf 70' lang='lat' dir='ltr'><strong>futuris,</strong></span> <span class='ocrx_word' id='word_1_145' title='bbox 655 3275 698 3344; x_wconf 87' lang='lat' dir='ltr'><strong>et</strong></span> <span class='ocrx_word' id='word_1_146' title='bbox 725 3269 966 3371; x_wconf 81' lang='lat' dir='ltr'><strong>specialiter</strong></span> <span class='ocrx_word' id='word_1_147' title='bbox 993 3270 1043 3347; x_wconf 87' lang='lat' dir='ltr'><strong>ad</strong></span> <span class='ocrx_word' id='word_1_148' title='bbox 1083 3273 1259 3344; x_wconf 84' lang='lat' dir='ltr'><strong>tractan-</strong></span> 
     </span>
     <span class='ocr_line' id='line_1_25' title="bbox 170 3387 1260 3490; baseline 0 -26"><span class='ocrx_word' id='word_1_149' title='bbox 170 3389 268 3464; x_wconf 88' lang='lat' dir='ltr'><strong>dum</strong></span> <span class='ocrx_word' id='word_1_150' title='bbox 309 3388 608 3490; x_wconf 84' lang='lat' dir='ltr'><strong>paciscendum</strong></span> <span class='ocrx_word' id='word_1_151' title='bbox 651 3388 985 3466; x_wconf 86' lang='lat' dir='ltr'><strong>conveniendum</strong></span> <span class='ocrx_word' id='word_1_152' title='bbox 1027 3394 1071 3467; x_wconf 84' lang='lat' dir='ltr'><strong>et</strong></span> <span class='ocrx_word' id='word_1_153' title='bbox 1097 3387 1260 3466; x_wconf 78' lang='lat' dir='ltr'><strong>iiiman·</strong></span> 
     </span>
     <span class='ocr_line' id='line_1_26' title="bbox 170 3505 1259 3611; baseline -0.002 -29"><span class='ocrx_word' id='word_1_154' title='bbox 170 3505 293 3593; x_wconf 87' lang='lat' dir='ltr'><strong>dum,</strong></span> <span class='ocrx_word' id='word_1_155' title='bbox 325 3527 373 3585; x_wconf 86' lang='lat' dir='ltr'><strong>ac</strong></span> <span class='ocrx_word' id='word_1_156' title='bbox 402 3514 602 3586; x_wconf 79' lang='lat' dir='ltr'><strong>tractatus</strong></span> <span class='ocrx_word' id='word_1_157' title='bbox 629 3514 750 3611; x_wconf 85' lang='lat' dir='ltr'><strong>pacta</strong></span> <span class='ocrx_word' id='word_1_158' title='bbox 793 3516 834 3586; x_wconf 90' lang='lat' dir='ltr'><strong>et</strong></span> <span class='ocrx_word' id='word_1_159' title='bbox 863 3507 1170 3588; x_wconf 86' lang='lat' dir='ltr'><strong>conventiones</strong></span> <span class='ocrx_word' id='word_1_160' title='bbox 1206 3505 1259 3580; x_wconf 72' lang='lat' dir='ltr'><strong>iis·</strong></span> 
     </span>
     <span class='ocr_line' id='line_1_27' title="bbox 172 3627 1259 3732; baseline -0.001 -29"><span class='ocrx_word' id='word_1_161' title='bbox 172 3628 382 3718; x_wconf 83' lang='lat' dir='ltr'><strong>ciendum,</strong></span> <span class='ocrx_word' id='word_1_162' title='bbox 411 3647 504 3705; x_wconf 89' lang='lat' dir='ltr'><strong>cum</strong></span> <span class='ocrx_word' id='word_1_163' title='bbox 533 3627 804 3706; x_wconf 83' lang='lat' dir='ltr'><strong>ambaxatore</strong></span> <span class='ocrx_word' id='word_1_164' title='bbox 821 3637 862 3707; x_wconf 91' lang='lat' dir='ltr'><strong>et</strong></span> <span class='ocrx_word' id='word_1_165' title='bbox 887 3635 1166 3732; x_wconf 81' lang='lat' dir='ltr'><strong>procuratore</strong></span> <span class='ocrx_word' id='word_1_166' title='bbox 1191 3651 1259 3702; x_wconf 87' lang='lat' dir='ltr'><strong>ex·</strong></span> 
     </span>
     <span class='ocr_line' id='line_1_28' title="bbox 173 3747 1279 3848; baseline -0.002 -22"><span class='ocrx_word' id='word_1_167' title='bbox 173 3749 275 3826; x_wconf 83' lang='lat' dir='ltr'><strong>celsi</strong></span> <span class='ocrx_word' id='word_1_168' title='bbox 317 3753 359 3824; x_wconf 83' lang='lat' dir='ltr'><strong>et</strong></span> <span class='ocrx_word' id='word_1_169' title='bbox 398 3751 608 3848; x_wconf 82' lang='lat' dir='ltr'><strong>magnifici</strong></span> <span class='ocrx_word' id='word_1_170' title='bbox 636 3752 808 3840; x_wconf 87' lang='lat' dir='ltr'><strong>domini,</strong></span> <span class='ocrx_word' id='word_1_171' title='bbox 852 3751 1011 3828; x_wconf 90' lang='lat' dir='ltr'><strong>domini</strong></span> <span class='ocrx_word' id='word_1_172' title='bbox 1054 3747 1279 3840; x_wconf 50' lang='lat' dir='ltr'><strong>Caroli,</strong></span> 
     </span>
     <span class='ocr_line' id='line_1_29' title="bbox 169 3865 1258 3973; baseline 0.001 -30"><span class='ocrx_word' id='word_1_173' title='bbox 169 3865 715 3970; x_wconf 83' lang='lat' dir='ltr'><strong>TiropiaeAibanie</strong></span> <span class='ocrx_word' id='word_1_174' title='bbox 752 3867 1258 3973; x_wconf 78' lang='lat' dir='ltr'><strong>principisetliu·</strong></span> 
     </span>
     <span class='ocr_line' id='line_1_30' title="bbox 172 3987 1259 4091; baseline 0.003 -28"><span class='ocrx_word' id='word_1_175' title='bbox 172 3987 368 4067; x_wconf 77' lang='lat' dir='ltr'><strong>raeirii</strong></span> <span class='ocrx_word' id='word_1_176' title='bbox 407 3991 622 4068; x_wconf 80' lang='lat' dir='ltr'><strong>domini</strong></span> <span class='ocrx_word' id='word_1_177' title='bbox 664 3997 715 4066; x_wconf 89' lang='lat' dir='ltr'><strong>et</strong></span> <span class='ocrx_word' id='word_1_178' title='bbox 744 4018 779 4069; x_wconf 92' lang='lat' dir='ltr'><strong>c.</strong></span> <span class='ocrx_word' id='word_1_179' title='bbox 819 3991 895 4066; x_wconf 90' lang='lat' dir='ltr'><strong>sub</strong></span> <span class='ocrx_word' id='word_1_180' title='bbox 926 3991 1259 4091; x_wconf 85' lang='lat' dir='ltr'><strong>quibuscumque</strong></span> 
     </span>
     <span class='ocr_line' id='line_1_31' title="bbox 172 4109 1258 4214; baseline 0.003 -31"><span class='ocrx_word' id='word_1_181' title='bbox 172 4109 369 4198; x_wconf 72' lang='lat' dir='ltr'><strong>amentis,</strong></span> <span class='ocrx_word' id='word_1_182' title='bbox 396 4109 774 4213; x_wconf 89' lang='lat' dir='ltr'><strong>promissionibus,</strong></span> <span class='ocrx_word' id='word_1_183' title='bbox 813 4109 948 4188; x_wconf 88' lang='lat' dir='ltr'><strong>modis</strong></span> <span class='ocrx_word' id='word_1_184' title='bbox 987 4117 1028 4186; x_wconf 91' lang='lat' dir='ltr'><strong>et</strong></span> <span class='ocrx_word' id='word_1_185' title='bbox 1057 4109 1258 4214; x_wconf 84' lang='lat' dir='ltr'><strong>conditio·</strong></span> 
     </span>
     <span class='ocr_line' id='line_1_32' title="bbox 170 4223 1260 4331; baseline 0.005 -25"><span class='ocrx_word' id='word_1_186' title='bbox 170 4227 302 4316; x_wconf 88' lang='lat' dir='ltr'><strong>nibus,</strong></span> <span class='ocrx_word' id='word_1_187' title='bbox 322 4255 404 4331; x_wconf 91' lang='lat' dir='ltr'><strong>que</strong></span> <span class='ocrx_word' id='word_1_188' title='bbox 432 4231 547 4309; x_wconf 86' lang='lat' dir='ltr'><strong>dicto</strong></span> <span class='ocrx_word' id='word_1_189' title='bbox 576 4223 738 4309; x_wconf 87' lang='lat' dir='ltr'><strong>sindico</strong></span> <span class='ocrx_word' id='word_1_190' title='bbox 766 4230 1026 4321; x_wconf 83' lang='lat' dir='ltr'><strong>videbuntur,</strong></span> <span class='ocrx_word' id='word_1_191' title='bbox 1055 4235 1260 4311; x_wconf 72' lang='lat' dir='ltr'><strong>cantuset</strong></span> 
     </span>
    </p>
   </div>
   <div class='ocr_carea' id='block_1_6' title="bbox 0 0 1610 5116">
    <p class='ocr_par' dir='ltr' id='par_1_6' title="bbox 0 0 1610 5116">
     <span class='ocr_line' id='line_1_33' title="bbox 0 0 1610 5116; baseline 0 0"><span class='ocrx_word' id='word_1_192' title='bbox 0 0 1610 5116; x_wconf 95' lang='lat' dir='ltr'><strong> </strong></span> 
     </span>
    </p>
   </div>
  </div>
 </body>
</html>
