3078 5108
1127 405 1190 474 231

5 661 7 706 ι
101 605 234 684 simos
269 605 443 694 iratres3
486 605 609 684 etiam
650 608 783 706 rogati
824 613 1072 714 apraaiatis
1108 615 1193 694 suis

5 821 8 830 ,
103 727 358 812 oratoribus,
387 748 461 804 ros
483 725 671 805 misimus
700 726 750 804 ad
777 734 1062 822 praesentiam
1088 759 1191 814 suaa
1247 755 1250 762 ·

100 848 448 949 magnificentiae,
485 871 581 926 oum
614 850 855 951 plenissima
899 854 1110 945 libertate,
1147 864 1192 936 ut

103 967 239 1048 omnis
274 967 507 1048 differentia
544 968 755 1048 resinatur
793 977 835 1050 et
862 981 1040 1074 optetur,
1083 978 1193 1054 bene
1238 1045 1239 1056 a

102 1113 301 1189 rogamus
328 1113 445 1170 stiam
474 1089 822 1186 magnitudinem,
852 1095 965 1194 quod
994 1103 1038 1173 ut
1065 1095 1194 1178 domi·

102 1235 191 1305 uus,
221 1211 289 1287 oui
318 1211 515 1290 convenit
541 1211 601 1290 uti
622 1213 720 1308 J'ure
749 1217 792 1289 et
813 1212 1066 1302 honestate,
1095 1217 1195 1296 velit

5 1401 6 1448 ἒ
103 1329 284 1430 dirigere
313 1339 493 1442 montem
521 1353 638 1408 suam
668 1333 718 1408 ad
747 1357 870 1434 quam
901 1332 1002 1412 libet
1021 1332 1192 1414 istarum

101 1453 307 1552 partium,
351 1457 394 1528 ot
434 1451 595 1530 habere
635 1455 880 1552 respectum
922 1451 973 1530 ad
1002 1453 1195 1542 servicia,

103 1569 278 1672 quaein
307 1571 491 1648 futurum
532 1571 571 1648 ei
608 1575 754 1649 nostra
791 1571 1022 1650 dominatio
1050 1573 1194 1652 fauere

102 1697 252 1794 potest,
280 1715 375 1770 oum
403 1689 484 1766 iliis
513 1689 602 1766 aliis
629 1689 782 1778 verbis,
810 1713 919 1792 qtrae
941 1695 1108 1770 vostrae
1135 1713 1194 1768 sa.-

102 1812 284 1916 pientiao
313 1813 542 1890 convenire
570 1810 838 1900 videbuntur,
866 1821 911 1891 ut
937 1815 1131 1892 veniatur
1145 1815 1195 1894 ad

102 1933 319 2038 pratioam.
345 1933 399 2010 Et
427 1955 521 2012 oum
549 1933 750 2014 veneritis
777 1957 907 2036 super
933 1935 1106 2038 prutina,
1126 1959 1197 2014 vo·

103 2058 238 2134 tumus
266 2055 376 2156 quod
408 2077 499 2132 oram
530 2054 643 2132 omni
670 2053 866 2134 instantia
894 2053 1085 2134 debeatis
1099 2079 1193 2162 pro·

5 2165 8 2188 '
103 2199 266 2264 aurare,
297 2177 409 2278 quod
425 2176 561 2254 dietus
588 2174 780 2254 dominus
809 2175 1105 2275 Georgius
1133 2201 1195 2257 re·

101 2303 266 2376 maneat
281 2299 519 2384 contentas,
534 2295 745 2374 sitentium
761 2296 982 2398 imponere
998 2297 1195 2400 petitioni

6 2507 7 2510 Ν
101 2415 1195 2521 ducatorummiile‚quospetitproCataro,etqnod
1260 2495 1263 2502 ,

102 2537 134 2614 P
150 2543 271 2618 astr
287 2562 311 2612 o
327 2561 353 2614 r
368 2539 381 2615 i
398 2539 464 2616 eh
479 2536 492 2612 i
520 2561 615 2614 oum
642 2563 720 2616 sno
754 2545 901 2618 tenere
918 2599 927 2627 ,
955 2549 1198 2622 remaneant

103 2665 249 2742 nostro
267 2659 466 2746 dominio,
495 2659 608 2760 qnod
635 2659 814 2736 tirmiter
833 2683 1065 2762 speramus,
1083 2663 1197 2764 qood

5 2769 7 2780 '
97 2777 377 2874 obtinebitis,
407 2803 502 2856 oum
531 2779 610 2881 ipsi
637 2779 951 2860 ambasiatores
979 2781 1019 2860 io
1048 2805 1195 2883 aceep-

102 2900 220 2978 tione
250 2899 422 2978 anobis
452 2899 648 2991 tinentia,
687 2899 896 2992 dixerint,
937 2909 982 2980 ut
1009 2900 1196 2980 admious

5 3001 6 3044 ³
102 3019 334 3126 providero
359 3021 576 3107 vellemus,
605 3019 718 3122 qnod
746 3017 1010 3100 Pastroviohi
1038 3025 1198 3102 starent

101 3145 141 3220 in
169 3164 276 3243 paee
305 3147 353 3220 et>
375 3141 530 3219 nnllam
546 3141 735 3220 facerent
750 3144 991 3232 novitatem,
1007 3145 1063 3220 ob
1081 3144 1196 3244 quod

99 3263 235 3340 risum
264 3261 367 3348 fuit,
406 3262 517 3363 quod
546 3263 664 3363 quasi
682 3263 847 3340 iustum
876 3264 937 3340 eis
966 3263 1195 3351 videretur,

101 3384 213 3482 quod
242 3383 320 3485 ipsi
348 3383 610 3464 Pustrnriobi
639 3386 761 3462 nobis
797 3393 1076 3462 remanerent.
1112 3383 1195 3462 Sed

103 3505 237 3582 fantus
266 3504 403 3604 primo
432 3509 570 3605 ipsum
598 3507 809 3583 notificare
839 3507 1196 3608 rossupradictus‚

100 3625 1197 3727 uidelicetaquoddomusabudroaeOmoye
1259 3641 1262 3650 '
1361 3605 1364 3612 Δ

102 3752 146 3823 et
175 3753 363 3823 contrata
405 3745 521 3846 Zup
541 3771 605 3846 pe
646 3749 772 3822 notris
801 3749 1075 3824 restituantur
1103 3770 1197 3821 oum

103 3867 390 3944 umfmoabus
421 3894 500 3941 run.
530 3873 572 3940 ut
596 3868 790 3967 samarius
814 3869 1065 3944 dictumest.
1096 3868 1197 3941 item

103 3991 217 4090 urrini
250 4015 309 4065 cu
326 4015 344 4058 s
363 3993 375 4060 t·
394 4013 413 4060 r
430 4013 452 4059 u
472 4011 510 4062 m
541 3989 570 4059 u
588 3997 596 4063 t
617 4013 638 4066 e
657 3990 707 4061 fa
725 4015 748 4062 :a
768 3990 779 4062 i
798 4015 859 4064 ou
888 3989 1088 4069 ruiurtur,
1104 3991 1198 4062 dan·

102 4137 157 4185 uu
187 4119 375 4183 unsirnm
406 4108 631 4184 tinuziuium
673 4110 732 4184 ris
775 4108 950 4185 diacanos
995 4109 1106 4184 ruo
1146 4108 1197 4183 uo

101 4229 344 4307 introitibus
373 4226 482 4308 Seu
495 4235 512 4326 t
527 4255 551 4307 a
568 4230 614 4305 ri
642 4233 864 4314 aunuatim,
889 4230 1002 4306 iuxta
1021 4231 1196 4306 sornam
