3212 5116
326 545 461 646 possit
488 545 551 624 ire
579 545 659 626 olio
688 571 768 650 pro
798 547 1015 626 troctondo
1044 547 1277 628 concordio
1306 549 1415 628 inter

326 691 427 756 eos,
467 672 509 742 et
537 667 701 745 dicetur
760 668 874 769 quod
908 676 972 746 est
1013 668 1177 770 quidum
1221 693 1415 750 comes

326 785 700 885 Voysclavus
728 791 769 864 et
796 789 923 890 aliqui
951 787 1045 875 elii,
1075 792 1124 868 ad
1154 815 1259 893 quos
1301 798 1416 870 esset

325 905 609 984 necessarium
638 907 699 986 ire
714 933 793 1012 pro
821 911 936 988 bono
963 911 1044 990 line
1072 910 1172 990 dicti
1201 911 1311 1003 locti3
1337 913 1414 990 Ve-

324 1028 385 1104 dit
413 1051 520 1128 pars,
549 1029 661 1131 quod
717 1030 958 1109 comittotur
986 1032 1100 1108 dicto
1141 1031 1415 1125 embaxotori‚

325 1146 438 1249 quod
469 1151 627 1228 lamed
656 1149 812 1230 dictum
849 1149 1073 1243 comitem,
1115 1175 1238 1253 quom
1267 1153 1317 1230 nd
1346 1151 1414 1230 ali·

324 1289 368 1381 os
395 1293 596 1371 personas
632 1267 688 1345 ibi
716 1267 874 1347 circum
910 1277 1066 1348 stantes
1099 1273 1232 1374 possit
1258 1271 1336 1368 iro,
1365 1272 1415 1349 si-

326 1395 397 1466 out
422 1385 511 1494 pro'
546 1390 660 1468 bono
692 1389 1047 1469 reconciliationis
1077 1399 1119 1470 et
1147 1392 1262 1494 pacis
1290 1391 1415 1471 dicto·

325 1533 418 1588 rum
445 1508 642 1587 comitum
671 1513 714 1587 et
740 1509 949 1586 honorem
977 1509 1110 1588 nostri
1136 1513 1289 1591 viderit
1318 1537 1413 1593 con·

324 1630 485 1708 venire.

423 1749 609 1828 Ellectus
636 1747 1142 1830 submurmurantes
1159 1751 1331 1851 Quirino
1348 1750 1414 1829 δι’.

322 1869 526 1950 Thomas.
560 1871 628 1948 δι’.
670 1869 859 1948 Andreas
888 1871 1015 1950 Griuo
1046 1879 1089 1951 et
1136 1872 1203 1952 Sr.
1233 1873 1415 1952 lohones

325 1991 378 2070 de
405 1993 573 2072 Priolis.

746 2113 840 2180 Misti
863 2115 920 2180 del
946 2115 1085 2181 Senoto
1111 2115 1215 2183 XXX.
1241 2117 1285 2182 ch
1320 2117 1371 2180 ll.

401 2299 594 2402 GXXl.
638 2324 749 2398 uos.
785 2321 957 2401 indie.
986 2321 1073 2398 xv.
1113 2320 1338 2415 sollu,

732 2441 1005 2518 Venetiis.

322 2603 440 2673 bysso
478 2600 666 2660 lllsersusill
701 2619 806 2677 pnpys
844 2617 951 2676 npaso
978 2603 1184 2674 rpebeucrnn
1219 2613 1319 2672 nuesy
1345 2599 1407 2654 Bo·

325 2721 472 2780 uesssy,
507 2719 678 2764 ennecone
714 2719 905 2778 esuousnny
941 2719 1024 2778 nepa
1060 2703 1298 2776 prommn
1329 2717 1414 2760 noro

320 2825 401 2868 reso
426 2825 445 2866 ιι
470 2808 577 2886 opatu
613 2810 836 2886 Cpeumpy,
868 2808 983 2882 bopby
1010 2824 1027 2862 u
1053 2809 1175 2864 lissum
1202 2822 1413 2864 noseresuua

589 2980 591 2986 ,
665 2927 863 2986 npruropcue
887 2908 1063 2971 coenosis.

447 3061 714 3161 Privilegiuru
745 3060 1273 3162 comitisVoyslei.

423 3215 780 3295 Laurentius
834 3215 999 3294 Celsi
1040 3214 1118 3291 Dei
1158 3213 1290 3314 gretia
1328 3213 1414 3288 dux

321 3339 593 3420 Venellorum
633 3345 675 3414 et
703 3364 738 3414 c.
792 3331 998 3412 Universis
1052 3341 1094 3413 et
1121 3331 1289 3432 siugulis
1331 3339 1413 3409 tom

319 3459 585 3566 presentibus
612 3481 736 3559 quam
765 3455 913 3535 futuris
941 3463 982 3534 et
1010 3463 1091 3534 tom
1120 3453 1263 3531 aulicis
1290 3476 1412 3553 quom

321 3581 512 3661 fidelibus
537 3603 714 3684 presens
739 3576 1006 3681 privilegium
1033 3571 1284 3676 inspecturis
1305 3574 1408 3649 solu·

322 3712 417 3794 tem,
440 3701 659 3780 etsincere
687 3697 921 3776 dilectionis
949 3697 1152 3776 affectum.
1181 3693 1318 3771 Tanto
1344 3691 1410 3769 be-

319 3825 482 3926 nignius
496 3821 655 3900 deicolis
670 3817 934 3922 providentia
963 3819 1180 3904 consuevit
1206 3839 1410 3919 personas

321 3943 594 4024 honorabiles
626 3940 704 4020 sibi
732 3941 905 4019 devotos
933 3949 982 4020 et'
1002 3939 1148 4016 lideles
1175 3933 1410 4016 honoribus

320 4063 570 4168 prevenire,
598 4063 872 4167 ipsorumque
903 4060 1038 4156 ¹lidern
1068 4067 1109 4138 et
1136 4059 1409 4138 devotionem

321 4185 459 4290 dignis
499 4183 845 4266 retributionibus
885 4203 1186 4284 compensare,
1222 4202 1273 4257 oc
1300 4176 1410 4280 ipsos
