3206 5110
197 279 214 312 .

347 339 415 406 m
472 409 476 430 a

350 546 704 649 respondebatur,
732 544 819 622 hoc
846 544 963 622 nullo
993 543 1120 624 modo
1149 565 1275 647 posse
1296 487 1472 622 intelli-¹

347 669 405 764 gi,
434 668 477 740 et
504 666 620 766 quod
649 664 689 740 in
718 663 826 741 velle
855 666 1114 765 pretendere
1141 665 1302 742 habere
1323 661 1442 746 duce

184 793 189 802 '
348 793 415 862 tos
429 782 544 862 mllle
572 808 652 886 pro
668 783 823 860 (latero
838 783 1320 871 annuatimneeeseario
1342 781 1442 884 poni

346 904 558 994 debebat,
599 911 642 979 et
678 902 771 981 lieri
812 903 969 981 mentio
1011 927 1089 1006 per
1117 899 1361 1006 expressum
1402 901 1441 980 in

346 1023 642 1111 instrumento,
669 1033 798 1126 prout
815 1023 970 1102 lactum
987 1021 1063 1100 luit
1082 1025 1122 1099 in
1138 1021 1250 1100 mille
1267 1019 1441 1116 dulcatis,

345 1168 456 1244 quos
485 1145 525 1220 el
552 1143 667 1222 dlcto
695 1145 869 1222 nomine
897 1145 1105 1246 prelatum
1134 1144 1285 1223 ducale
1313 1140 1441 1219 doml·

348 1264 459 1340 olum
489 1263 590 1341 dare
619 1264 876 1365 promiserat
902 1253 1108 1344 annrratim
1133 1266 1186 1341 de
1201 1261 1442 1340 introitibus

346 1381 527 1476 Scirtari.
585 1380 874 1461 Preteree
918 1387 957 1463 la
997 1387 1109 1464 (licta
1146 1391 1268 1485 parte
1296 1384 1442 1459 lantru-

347 1503 475 1579 menti
507 1497 674 1590 dlcltar,
705 1503 843 1582 Cata
861 1528 920 1579 ru
936 1529 976 1581 m
1006 1529 1102 1584 cum
1129 1504 1320 1582 districtu
1345 1521 1442 1604 esse

345 1619 492 1698 deberi
522 1621 670 1724 prelati
699 1624 860 1702 ducalis
887 1623 1062 1722 dominij
1092 1625 1288 1712 franche3
1317 1620 1352 1697 si
1375 1643 1441 1698 au·

346 1753 433 1820 tem
462 1744 570 1822 solvi
599 1746 807 1824 deberent
834 1769 912 1848 pro
941 1748 1036 1848 ipso
1066 1745 1274 1824 annuatim
1304 1741 1442 1820 duculi

347 1861 475 1962 mille,
501 1861 931 1964 habereturservum
959 1873 1102 1943 etnon
1118 1863 1312 1942 liberum.
1338 1863 1442 1942 lude

346 1983 609 2080 sequebatur
647 1979 735 2060 troc
780 1985 894 2060 nullo
935 1985 1063 2062 modo
1092 2007 1216 2087 posse
1252 1981 1442 2079 intelligi,

347 2101 557 2188 videlicet,
573 2102 685 2201 qnod
702 2104 771 2184 lile
787 2106 994 2183 clausula:
1020 2103 1314 2190 ,videlicetnti
1329 2103 1441 2180 t'ene·

347 2222 507 2306 butum,
529 2245 576 2297 se
592 2221 809 2300 referebat
828 2227 879 2302 ad
902 2225 1175 2326 quantitatem
1202 2218 1441 2307 conticium
1591 2299 1592 2328 ,

258 2385 263 2392 ·
347 2363 441 2418 oum
470 2339 505 2414 si
532 2337 750 2417 diceretur
778 2343 971 2419 absolute
1002 2341 1198 2422 (latarum
1229 2363 1323 2418 cum
1353 2342 1441 2437 ejm
1591 2349 1592 2410 ὲ

345 2459 538 2538 districtu
569 2483 662 2537 esse
691 2463 853 2540 debere
885 2463 1039 2566 prelati
1065 2463 1228 2540 ducalis
1254 2459 1442 2544 dominil,

346 2579 651 2679 intelligeretur
669 2583 886 2660 districtus
914 2609 1039 2685 quern
1070 2579 1293 2684 antiquitus
1321 2577 1441 2658 hube-

345 2697 436 2778 hut:
463 2701 536 2801 qui
562 2702 949 2803 comprehenderet
976 2704 1212 2790 Tristriem
1241 2709 1283 2779 et
1311 2701 1441 2778 melta

345 2821 423 2897 elia
448 2845 533 2921 que
573 2821 685 2900 idem
714 2821 959 2924 magnificus
997 2824 1191 2903 dominus
1229 2821 1441 2930 Georgius

345 2947 481 3020 tenet:
509 2951 553 3020 ut
578 2949 696 3043 petet
724 2944 947 3024 autenticis
976 2944 1207 3046 privilegiis
1221 2952 1306 3043 que
1319 2939 1441 3022 ,Ceta-

344 3062 422 3159 riui
452 3059 620 3140 hubent.
648 3064 930 3160 Quamobrem
960 3065 1189 3142 tenendum
1215 3067 1295 3158 est,
1326 3063 1441 3161 quod

346 3179 534 3282 prelatus
563 3181 808 3281 magnificus
832 3183 1027 3262 domium
1056 3182 1274 3280 Georgius,
1301 3178 1441 3258 voluit

346 3299 501 3380 dictum
531 3303 756 3381 clausulern
786 3305 915 3408 poni,
954 3309 1001 3380 ut
1037 3305 1172 3406 ipsum
1209 3298 1442 3380 dominium

344 3421 611 3500 solummodo
652 3423 831 3502 haberet
873 3425 985 3503 illam
1027 3431 1187 3524 partem
1226 3421 1443 3500 districtus

348 3540 501 3629 Ceteri,
529 3567 611 3643 que
637 3547 860 3622 teneliutur
873 3569 953 3648 per
968 3542 1258 3622 Ceteriuueud
1271 3550 1441 3642 tempus

345 3663 441 3740 olim
470 3662 630 3740 domini
657 3662 829 3763 Georgii
846 3663 1063 3742 Strezimir
1085 3663 1440 3744 etdomiuissclec

345 3785 435 3882 ejus
458 3782 552 3872 lilii;
577 3785 752 3863 uolebat
778 3809 956 3880 numque
978 3785 1164 3888 prelatus
1192 3783 1440 3883 meguilicue

271 3943 274 3952 ·
345 3905 537 3982 (lominus
565 3903 755 3984 dominm
772 3905 990 4005 Georgius,
1004 3906 1173 3982 nomine
1190 3929 1275 4005 quo
1298 3927 1439 4007 cupre„

346 4027 460 4124 quod
489 4021 886 4102 Pestrovichi
926 4023 1008 4102 slbi
1035 4027 1248 4111 durentur,
1290 4029 1333 4098 et
1360 4047 1440 4125 ner

346 4141 573 4229 antelatum
611 4142 840 4226 dominium
872 4141 1022 4224 ducale
1052 4141 1323 4222 venetiarum
1349 4167 1439 4222 rer·
