3220 5118
151 633 221 712 bis
248 639 534 738 acceperunt,
581 639 624 708 et
651 655 781 734 super
808 628 893 708 hoc
921 635 1129 708 steterunt
1157 653 1253 708 con·

155 760 343 840 stantes,
389 759 582 856 petentes
628 751 942 852 elongationem
983 755 1254 850 treuguarum

50 926 60 941 =
156 899 237 982 per
265 883 449 978 tempus,
478 898 562 976 quo
590 876 764 974 possent
801 871 865 948 ire
894 870 944 947 ad
971 869 1164 947 dominos
1193 873 1255 944 su-

158 1017 222 1081 os,
238 991 289 1068 ad
317 991 930 1096 reportandumiutentionem
960 997 1161 1085 nostram,
1192 1013 1256 1066 va·
1287 1013 1292 1025 ‘

158 1114 220 1190 dit
242 1137 354 1216 pars:
383 1113 649 1216 respondere
666 1111 741 1220 eis,
757 1109 871 1212 quod
900 1115 1044 1188 nostra
1072 1110 1256 1188 domina·

159 1234 219 1310 tio
250 1238 451 1313 contenta
465 1238 532 1309 est
547 1232 694 1308 venire
709 1230 760 1311 ad
777 1253 924 1334 pacem
958 1255 1053 1308 cum
1082 1228 1253 1306 domino

159 1353 316 1432 Balsa
343 1363 385 1450 et
413 1351 618 1432 Stelan
635 1379 676 1450 o,
707 1377 801 1432 cum
829 1353 893 1429 his
923 1349 1258 1431 conditionibus:

161 1476 386 1554 restituant
412 1473 551 1552 Driv
566 1482 653 1552 ast
670 1499 695 1550 u
711 1499 752 1550 m
789 1495 886 1550 cum
915 1469 1106 1551 omnibus
1132 1471 1255 1572 perti·

162 1596 343 1689 sentiit,
370 1597 467 1676 dein
496 1596 598 1673 illud
627 1597 743 1698 quod
773 1603 918 1673 tenent
956 1594 1009 1670 de
1030 1590 1259 1690 jurisdicti-

165 1743 249 1796 one
276 1716 615 1807 sectantum
644 1719 697 1794 de
726 1715 873 1796 subtus
902 1739 1025 1817 quam
1053 1703 1273 1816 desupra:¹

167 1885 213 1896 -
243 1849 285 1918 et
312 1863 390 1918 nos
416 1861 559 1917 sumus
586 1840 788 1926 contenti,
815 1839 917 1915 dare
945 1835 1117 1914 domino
1146 1833 1257 1915 Bal·

165 1985 263 2038 sae
292 1959 577 2062 provisionem
616 1960 866 2038 ducatorum
894 1958 1033 2046 mille,
1075 1966 1117 2036 et
1145 1952 1259 2059 quod

166 2080 287 2158 nobis
317 2086 558 2168 remaneat,
586 2079 1069 2166 Budvaslaustiza
1106 2085 1149 2154 et
1178 2099 1261 2153 om·

166 2202 233 2278 nia
262 2223 370 2302 quae
410 2224 522 2278 nune
550 2207 665 2278 tenet
706 2208 896 2278 nostrum
925 2198 1175 2287 dominium3
1219 2200 1261 2272 et

167 2319 522 2428 probustiza
561 2321 849 2397 etsalinis
890 2342 1034 2396 sumus
1075 2317 1260 2397 contenti

169 2442 271 2518 dare
312 2439 393 2518 illis
434 2461 596 2518 annuae
644 2441 821 2548 ducatos
873 2445 1088 2518 trecentos
1131 2461 1263 2538 usque

170 2562 513 2663 quadringentos.
541 2607 586 2620 -
641 2561 869 2661 Treuguae
903 2585 1046 2638 sumus
1074 2559 1264 2664 contenti

170 2689 227 2759 ut
250 2683 559 2784 prolongentur
600 2681 737 2761 adhuc
776 2705 857 2784 per
898 2702 1025 2759 unum
1065 2700 1265 2768 mensem,

172 2811 217 2879 ut
230 2803 396 2913 possint
423 2802 616 2892 scribere
632 2803 700 2878 rel
728 2805 791 2880 ire
819 2803 869 2880 ad
899 2804 1265 2894 suumdomiuum‚

172 2945 317 2998 verum
347 2923 638 3011 declaramus,
667 2922 779 3024 quod
808 2923 893 3000 hoc
920 2923 973 2999 sit
999 2928 1143 2999 nostra
1171 2921 1261 2997 ulti·

172 3065 249 3121 ma‘
278 3044 469 3121 intentio.
514 3089 558 3102 —
627 3041 691 3118 De
733 3043 1081 3122 latronibus
1130 3040 1267 3144 possit

140 3242 143 3247 ,
175 3163 399 3263 collegium
428 3163 698 3250 concludere,
728 3164 842 3265 quod
872 3163 910 3238 ei
939 3163 1171 3252 videbitur;
1198 3163 1267 3239 de-

175 3284 373 3377 claretur,
401 3285 514 3386 quod
543 3285 577 3362 si
618 3285 792 3382 Balsa
822 3283 962 3360 obiret
990 3291 1032 3361 et
1060 3284 1265 3382 relinque-

176 3415 240 3484 ret
265 3428 385 3482 stium
430 3404 705 3508 heredem
735 3399 1264 3482 S'tefanumdellal·

90 3587 93 3590 -
173 3525 267 3614 sis,
295 3533 418 3628 pacta
446 3523 730 3623 intelligantur
758 3537 854 3602 esse‘
882 3523 1000 3600 lirma
1030 3545 1124 3597 cum
1154 3520 1214 3596 St
1231 3544 1268 3594 e·

174 3645 195 3720 f
204 3672 338 3741 ano,
391 3645 630 3722 dominante
672 3644 787 3723 dioto
828 3643 1001 3721 Statano
1043 3641 1167 3718 terris
1215 3642 1262 3716 et

176 3765 283 3842 locis
316 3762 563 3843 ‘salsae
629 3763 734 3842 item
789 3765 972 3841 debeant
1026 3760 1252 3838 restituere
1304 3863 1308 3876 ἡ

175 3885 324 3963 damna
351 3887 506 3963 nostris
531 3883 706 3982 civibus,
738 3890 780 3960 et
807 3883 1038 3984 scripturas
1066 3891 1108 3960 et
1124 3881 1253 3960 libros

60 4015 63 4022 ’
176 4007 330 4085 civium
359 4015 618 4094 domorum,
647 4031 755 4108 quos
780 4005 950 4083 habent.

527 4126 633 4189 Secr.
658 4125 771 4192 (lerna.¹
793 4143 873 4212 rog.
897 4125 970 4190 Lib.
993 4124 1090 4191 Vlll.
1114 4125 1169 4189 ch.
1192 4127 1223 4189 lt.
