3220 5118
192 585 543 668 conversantibus
574 588 616 666 in
646 587 755 668 locis
781 586 887 671 suis.
916 593 960 665 et
987 609 1093 690 quoa
1121 611 1293 666 conver-

190 709 278 788 sari
307 710 561 810 contingerit
587 732 666 812 pro
695 708 782 786 suis
811 709 1139 788 mercationibus
1167 708 1292 786 etbo·
1380 690 1383 696 ¹

192 828 287 916 nia,
329 849 499 907 omnem
529 827 800 908 franchisinm
829 834 872 906 et
899 829 1212 930 exemptionem
1242 829 1295 906 de
1428 897 1431 908 .

74 1029 77 1034 ,
193 947 350 1029 tractis.
379 948 491 1026 etde
519 947 635 1026 omni
663 947 742 1026 alia
769 947 997 1037 solutione,
1023 945 1076 1022 de
1103 946 1226 1024 datiis
1253 953 1296 1024 et

191 1069 423 1171 passagiis,
465 1066 589 1145 etde
617 1067 729 1146 omni
771 1067 956 1166 gabelln.
998 1090 1105 1167 quae
1145 1075 1295 1168 posset

192 1187 375 1290 imponi,
418 1194 462 1266 et
488 1190 596 1266 ultra
637 1187 852 1292 praedicta
878 1186 991 1264 velle
1018 1188 1154 1266 teneri
1195 1185 1295 1264 darc

192 1308 326 1386 dictas
365 1313 551 1397 tractas3
594 1311 637 1385 et
678 1305 828 1409 quodsi
869 1304 1106 1384 dominatio
1149 1312 1295 1383 nostra

192 1428 322 1506 vellet
363 1427 507 1508 lacere
535 1429 690 1506 dictam
717 1450 894 1531 pacem,
934 1425 1171 1505 recusando
1202 1427 1293 1503 red·

194 1547 298 1626 dere
328 1548 575 1646 Scotorum,
616 1547 718 1627 lacit
745 1573 823 1625 nos
851 1545 1032 1625 advisari
1059 1545 1194 1625 dictus
1224 1547 1294 1624 do·

75 1747 80 1759 ,
196 1670 331 1747 minus
359 1693 465 1755 rex,
495 1667 609 1770 quod
637 1665 845 1770 praedicti
872 1665 998 1744 Balsa
1026 1673 1069 1744 et
1097 1665 1293 1746 Steianus

145 1891 147 1904 δ
194 1795 491 1868 contentantur
528 1795 699 1866 tenente
740 1783 926 1887 qualibet
964 1794 1086 1904 parte
1112 1787 1153 1863 id
1181 1790 1295 1889 quod

194 1916 313 1988 tenet
340 1917 384 1988 et
409 1909 552 1998 habet;
579 1909 633 1986 de
661 1907 812 2010 qulbus
840 1908 1198 2010 promissionibus
1225 1907 1294 1985 ob·

193 2031 412 2110 servandis
441 2037 484 2108 et
508 2030 657 2108 flendis
683 2053 761 2132 per
787 2030 1033 2134 praedictos
1061 2029 1224 2106 belsam
1254 2035 1296 2104 et

194 2149 437 2236 stefanum,
479 2153 589 2228 idem
630 2148 804 2231 illustris
844 2151 1038 2229 dominus
1067 2173 1144 2230 rex
1174 2146 1297 2227 offert
1340 2145 1342 2148 ’

193 2295 274 2378 pro
302 2269 530 2375 praedictis
559 2273 702 2351 lacere
733 2270 1206 2352 fideiussionemnostro
1223 2271 1295 2349 do-

194 2392 323 2472 minio
350 2399 395 2471 et
423 2402 502 2471 cet.
547 2393 674 2472 Vadit
700 2417 813 2496 pars:
842 2393 957 2494 qnod
985 2389 1296 2496 respondeatur

195 2510 309 2590 dicto
343 2511 519 2599 nuntio,
561 2512 674 2613 qnod
702 2507 853 2589 auditis
882 2507 926 2588 e‘t
953 2511 1176 2590 intellectis
1217 2509 1294 2597 his,

196 2637 468 2732 quaenoatro
493 2629 677 2708 dominio
708 2631 908 2734 exposuit
935 2641 977 2710 et
1005 2633 1149 2711 retulit
1176 2641 1295 2736 parte

197 2751 295 2828 dicti
338 2751 497 2830 domini
538 2750 681 2850 regis,
735 2759 1046 2851 cognoscentes
1087 2757 1294 2832 sinceram

194 2865 518 2972 dispositionem
546 2869 703 2970 regalis
730 2871 959 2950 maiestatis
988 2897 1113 2970 suae,
1144 2871 1196 2950 de
1226 2897 1295 2974 op·

196 2991 295 3070 tima
336 2990 571 3072 intentione
598 2993 777 3096 praesnti
805 2993 963 3072 domini
990 2997 1129 3093 regis,
1171 3018 1293 3096 quam

194 3134 367 3216 semper
394 3115 602 3192 tenuimus
630 3112 1059 3192 babuisseetbabere
1075 3133 1174 3212 erge
1201 3139 1294 3192 nos·

194 3239 303 3309 trum
333 3235 591 3326 dominium,
634 3235 769 3316 eidem
799 3236 973 3314 domino
1001 3239 1096 3337 regi
1121 3236 1296 3336 regrati·

194 3375 314 3430 amatr
341 3351 530 3442 abunde,
574 3345 806 3435 offerentes
834 3361 1027 3435 nostrum
1066 3355 1295 3434 dominium

194 3467 237 3558 in
264 3473 540 3577 possibilibus
566 3475 617 3554 ad
656 3477 870 3581 quaelibet
905 3484 1020 3578 grata
1050 3483 1091 3556 et
1118 3481 1295 3578 accepta

194 3595 327 3695 regali
369 3595 576 3674 maiestati
605 3620 730 3686 snae,
774 3597 893 3677 cuius
921 3595 1195 3698 beneplacitis
1224 3595 1295 3670 lui-

194 3739 286 3793 mus
313 3739 487 3818 semper
515 3725 558 3794 et
585 3741 740 3804 sumus,
768 3723 815 3795 ut
832 3717 945 3796 clere
973 3717 1101 3805 novit,
1128 3715 1293 3792 sincere

195 3837 399 3940 dispositi;
422 3847 464 3913 et
480 3837 578 3936 quia
605 3847 785 3942 propter
812 3837 1015 3939 temporis
1046 3835 1294 3914 breuitatem

196 3957 477 4060 adpraesens
506 3979 591 4035 non
629 3967 776 4060 posset
804 3957 977 4044 tractari
1005 3981 1110 4060 pax,
1152 3979 1294 4034 sumus

197 4078 404 4166 contenti,
431 4075 668 4156 tenentibus
699 4085 742 4155 et
769 4077 1021 4156 habentibus
1048 4076 1168 4156 nobis
1198 4077 1294 4157 loca

197 4220 306 4301 qliae
334 4197 566 4300 babemus,
603 4221 700 4277 cum
728 4199 960 4285 territoris‚
989 4198 1293 4298 jurisdictioni·

1043 4318 1085 4381 2*
