3186 5112
149 603 249 688 tum.
278 600 410 678 solvo:
439 595 554 700 quod
583 591 870 674 addicendum
886 604 928 674 at
944 591 1240 700 exequendum

153 721 346 822 predicta
387 719 602 796 mittantur
628 715 793 792 nobiies
827 718 906 794 viri
933 741 1004 794 ser
1030 717 1241 798 liebertus

153 839 414 927 Mauroccno
455 845 498 914 et
524 859 595 917 ser
635 834 826 914 donabus
853 835 905 912 'de
947 833 1077 940 Rippa
1105 842 1239 931 miton,⁸

151 961 217 1060 qui
247 969 340 1037 sunt
368 957 580 1038 mamati
608 955 660 1035 de
690 957 901 1060 protiosus
930 957 971 1034 in
1001 955 1186 1041 Athonis.
1237 1028 1241 1043 .

457 1095 565 1161 secr.
589 1091 703 1163 cous.
726 1087 857 1180 rogos
879 1089 953 1158 nto.
975 1093 1038 1158 lv.
1065 1095 1121 1160 ch.
1142 1097 1197 1160 47.

293 1299 569 1442 O'CXLVI.
596 1321 711 1398 rm
736 1321 800 1396 aa
829 1321 906 1398 so
923 1313 1119 1436 punt..

151 1481 348 1539 dormanno
380 1491 589 1554 aprusopsrn
624 1491 723 1552 sseay
756 1475 989 1552 &papanem
1027 1495 1065 1552 pa
1100 1497 1181 1554 pape
1205 1499 1249 1557 ua*

151 1581 249 1642 aaau's'
271 1601 351 1658 pyus
375 1585 538 1658 Xepuoro,
565 1599 603 1656 pa
627 1583 665 1638 he
689 1584 820 1640 dircen
836 1597 1022 1654 uocaarrmpr
1046 1601 1067 1658 y
1090 1585 1241 1672 Macrum

482 1706 522 1749 ua
545 1689 630 1746 dara
654 1687 760 1764 acopo
783 1703 910 1762 pomae.

254 1823 398 1928 Capta.
452 1821 573 1922 Quod
602 1821 913 1926 respondeatur
946 1782 1242 1926 pdovisoribus

150 1943 308 2024 nostris
346 1940 581 2028 dadrae,
623 1943 675 2020 ad
704 1965 752 2021 ea
782 1965 889 2044 quae
916 1943 1041 2022 nohis
1068 1942 1243 2046 scripse·

150 2069 248 2140 runt
275 2084 401 2164 super
429 2059 656 2140 ambasiato
683 2059 762 2140 sibi
791 2061 900 2139 iacta
926 2087 980 2138 ex
1002 2071 1129 2168 'parte
1157 2062 1242 2140 Du·

98 2243 102 2256 .
152 2181 256 2258 cire
285 2181 563 2280 Creuoie‚
613 2179 727 2282 quod
756 2179 987 2258 audivimus
1017 2189 1058 2260 et
1086 2169 1246 2260 iniciis-⁸

9 2377 10 2386 ,
150 2303 287 2378 ximus
316 2303 455 2379 omnia
483 2300 560 2380 sibi
588 2301 700 2381 dicta
729 2325 783 2379 ex
812 2309 931 2406 parte
977 2301 1245 2381 Creuoie
1311 2347 1313 2355 ,

151 2421 356 2526 predicti,
396 2421 627 2501 audivimus
663 2423 786 2501 etiam
815 2425 1140 2526 responsionem
1168 2447 1247 2527 per

9 2555 10 2561 ‘
151 2569 225 2621 eos
255 2543 408 2622 iactam
439 2545 519 2620 ben
548 2547 593 2619 et
618 2543 845 2648 sapienter,
873 2567 952 2646 pro
981 2543 1142 2648 quibus
1159 2569 1243 2622 om·

10 2749 11 2770 ³
151 2667 273 2744 nibus
301 2666 545 2769 sapientiam
575 2673 618 2745 et
644 2667 951 2747 solicitudinem
979 2689 1095 2744 suam
1122 2670 1244 2745 meri·

10 2775 13 2862 ἱ
153 2792 195 2862 to
225 2787 569 2866 commendantes
605 2787 939 2890 respondemus,
984 2787 1094 2889 qtsod
1124 2785 1245 2865 nobis
1359 2817 1360 2822 Ν

11 2879 13 2918 ’
153 2908 328 2986 muitum
357 2905 606 3010 placuerunt
621 2932 671 2987 ea
696 2931 802 3010 quae
832 2909 1144 3012 responderunt
1157 2889 1247 3012 pre·

153 3025 267 3106 dicto
297 3026 576 3108 ambaxiatori
621 3027 897 3107 Creuoie.
950 3027 1111 3106 Verum
1152 3025 1248 3130 quia

12 3173 13 3230 t
153 3149 408 3248 tetigerunt,
449 3147 561 3248 quod
600 3147 736 3228 dictus
779 3147 1030 3226 ambasiator
1071 3147 1248 3240 dixerat,

12 3241 14 3292 f
154 3265 269 3369 quod
295 3265 332 3344 si
357 3262 576 3345 videretur
603 3267 723 3346 dictis
750 3271 904 3362 nostris
945 3267 1247 3370 provisoribus,

153 3387 335 3466 libenter
363 3385 549 3466 mitteret
586 3414 701 3467 suam
738 3389 1005 3468 ambasiatam
1047 3387 1249 3466 Venetias

153 3517 196 3588 et
225 3519 308 3587 cet.
338 3508 499 3586 adhoc
527 3505 715 3587 dicatur:
757 3509 1068 3612 respondeatur
1107 3507 1247 3610 provi:

152 3623 321 3707 soribus
347 3627 573 3734 predictis,
609 3631 725 3731 quod
753 3631 928 3708 multum
955 3629 1147 3734 placeret
1171 3651 1244 3706 no·
1361 3665 1365 3674 =

153 3747 231 3849 bis,
265 3751 377 3851 quud
406 3745 543 3828 dictus
574 3746 726 3829 Creu
741 3775 766 3827 o
781 3751 831 3828 ia
861 3752 1049 3830 mitteret
1074 3747 1248 3828 Veneti·

154 3896 198 3949 as
225 3859 496 3951 ambasiatam
539 3896 680 3964 suam;
724 3880 766 3950 et
806 3881 1039 3976 propterea
1075 3870 1109 3951 si
1146 3869 1249 3949 dicti

124 3988 291 4070 'nostri
330 3993 576 4096 provisores
618 3993 815 4071 riderent
853 3993 1036 4094 aliquem
1076 3991 1247 4071 modum

153 4113 354 4218 possendi
394 4111 616 4192 notiiicare
660 4099 804 4191 iacere
830 4113 897 4191 vei
927 4111 1050 4189 alium
1078 4109 1248 4190 modum

156 4239 304 4312 tenere
335 4233 491 4311 bonum
520 4239 563 4311 et
589 4234 819 4322 idoneum,
847 4233 958 4336 quod
987 4231 1122 4311 dictus
1151 4229 1248 4309 Cre·

154 4352 248 4433 uoia
275 4355 463 4434 mitteret
489 4377 607 4432 suam
643 4355 935 4442 ambasiatam.
962 4354 1048 4433 hoc
1075 4351 1249 4432 multum
