3220 5118
364 379 410 445 1⁴

365 586 523 668 secreti
550 585 993 700 consitiicivitatis
1038 585 1246 676 Catari,
1286 587 1458 691 quiaub

367 731 516 786 eorum
545 705 700 787 titteris
729 705 1020 794 credulitatis,
1061 708 1340 788 recommiasa
1368 733 1461 798 cum
1578 707 1579 722 ‘

364 829 509 907 verbis
536 851 737 908 summae
760 826 1006 906 effectionis
1035 835 1078 905 et
1104 829 1368 911 reverentiae
1396 829 1464 909 uu
1577 795 1579 872 i

365 948 623 1028 comunitate
650 945 790 1028 Catari
819 951 969 1027 nostro
985 946 1185 1038 dominio,
1212 949 1395 1034 dicendo
1420 955 1465 1028 et
1576 899 1579 1096 1

365 1067 578 1150 narrando
607 1069 816 1148 sinceram
836 1065 1172 1170 dispositionem,
1200 1069 1462 1148 desideratae
1577 1103 1579 1160 t

366 1187 502 1268 tidelis
542 1185 810 1282 obedientiae
851 1211 953 1266 suae
993 1211 1095 1288 erga
1134 1194 1286 1268 statum
1305 1241 1307 1251 ι
1327 1188 1462 1268 nostri
1512 1195 1514 1203 ’
1578 1255 1579 1276 p

366 1308 552 1397 dominii,
579 1295 861 1410 praesentavit
889 1313 1085 1411 exparte
1114 1307 1253 1388 dictae
1271 1311 1463 1390 comunt-

366 1431 462 1510 tatis
492 1431 695 1534 capitula,
714 1430 832 1510 decta
859 1425 957 1508 huic
985 1430 1189 1520 consiii0;
1216 1431 1367 1532 quibus
1396 1455 1463 1509 au·

366 1549 474 1632 ditis
490 1560 533 1630 et
559 1547 807 1638 intellectis,
837 1547 981 1628 habita
1009 1549 1200 1650 diligenti
1226 1557 1272 1636 et
1299 1559 1462 1631 matura

366 1663 724 1770 consideratione,
753 1677 952 1773 qua-ntum
983 1671 1106 1756 faeiat
1133 1695 1214 1774 pro
1243 1671 1367 1753 nobis
1395 1672 1461 1750 ha·

366 1791 652 1875 beredictam
681 1799 836 1868 terram
865 1789 1072 1868 Catari
1113 1791 1221 1893 apud
1249 1815 1354 1878 nos,
1396 1815 1463 1868 vo·
1578 1827 1579 1830 κ

366 1909 491 1992 tendo
521 1911 764 2014 guernere,
807 1919 849 1990 et
876 1913 916 1994 iu
947 1937 1046 1992 casu
1077 1911 1259 1998 faciendi
1287 1911 1340 1988 de
1359 1922 1463 2015 'pro-

364 2032 596 2122 visionibus
625 2041 835 2114 contre
871 2033 1114 2122 Baisam,
1156 2057 1249 2112 nam
1278 2032 1369 2110 sine
1398 2057 1466 2111 ex·

364 2155 506 2259 pensis
547 2155 682 2234 nostri
723 2153 896 2235 dominii
939 2155 1042 2234 dicti
1070 2153 1256 2234 Catarini
1282 2154 1466 2239 puerunt

213 2305 222 2316 ·
364 2299 560 2376 guerram
589 2277 717 2356 alacri
746 2286 788 2355 et
815 2275 928 2354 virili
955 2276 1126 2364 animo,
1166 2278 1219 2357 ad
1247 2274 1466 2356 destructi·

365 2419 490 2481 ouem
516 2404 562 2474 et
589 2397 751 2476 ruinam
786 2397 918 2500 ipsius
946 2395 1097 2475 Ratsae
1126 2405 1170 2474 et
1192 2399 1328 2484 status
1356 2395 1465 2488 cium

365 2515 509 2595 habito
539 2515 663 2595 etiam
691 2523 914 2618 respectu,
952 2517 1065 2617 quod
1094 2515 1208 2595 iuxta
1235 2515 1464 2594 informati·

366 2659 490 2720 onem
519 2635 983 2742 habitamperdictum
1014 2635 1314 2716 cancellarium
1342 2657 1463 2739 prae·

365 2753 502 2835 dictae
531 2756 797 2836 comunitatis
825 2764 868 2835 et
894 2757 1030 2854 aliter,
1061 2767 1158 2844 ente
1185 2757 1296 2838 dicta
1319 2781 1462 2836 comu·

364 2875 490 2954 nitate
528 2874 605 2954 sub
647 2876 886 2960 obedientia
927 2882 1100 2974 nostru,
1143 2877 1391 2956 habebimus
1419 2883 1464 2956 et

365 3003 489 3074 erunt
508 2999 730 3078 nobiscum
760 3007 907 3077 eontra
935 2987 1071 3104 ipsum
1099 2997 1279 3088 Baisam,
1307 2998 1462 3075 Geor·

364 3117 477 3216 gius
504 3117 967 3208 etAiexinsduras,
994 3117 1461 3205 baronesxentae

364 3237 590 3316 debeamus
618 3241 729 3316 veile
756 3242 984 3344 superinde
1017 3241 1275 3343 providere;
1315 3239 1459 3318 habito

364 3349 548 3439 maximo
579 3370 805 3464 respectu,
847 3361 927 3440 nisi
953 3357 1284 3464 providerimus,
1329 3359 1458 3463 ipsam

363 3491 519 3562 terram
549 3480 690 3561 Catari
717 3506 843 3585 posse
859 3481 921 3558 ire
948 3487 992 3558 et
1018 3477 1220 3559 devenire
1249 3480 1301 3561 ad
1317 3505 1458 3559 manus

365 3611 408 3682 et
442 3601 699 3707 inpotentia
739 3626 1046 3703 personarum,
1079 3603 1144 3680 de
1186 3600 1335 3705 quibus
1378 3625 1457 3678 non

366 3745 553 3799 essemus
580 3717 688 3798 beno
717 3723 916 3811 contenti,
950 3723 1046 3824 quia
1075 3721 1186 3802 dicta
1215 3721 1459 3806 comunitas,

365 3849 411 3918 ut
437 3846 638 3920 oretenus
667 3839 866 3942 exposuit
905 3842 1178 3920 cancellarius
1205 3841 1457 3945 praedictus,

365 3963 532 4042 videtur
558 3964 771 4069 disposita,
797 3965 837 4040 in
853 3963 1041 4042 terminis
1059 3963 1211 4066 quibus
1240 3971 1317 4058 est,
1347 3981 1459 4041 stare
1567 3984 1572 3999 ·

365 4083 495 4173 noite3
523 4085 636 4164 vadit
664 4105 772 4187 pars:
801 4084 1024 4163 innomine
1054 4085 1356 4188 omnipotentis
1381 4083 1459 4170 dei,
1578 4173 1579 4178 Ἰ

367 4202 485 4282 cuius
521 4203 792 4282 invocatione
833 4203 1027 4307 perfecta
1055 4211 1176 4284 recte
1214 4203 1458 4310 proceditur
