3206 5110
304 270 456 404 ΙΙᾶθ,

337 537 478 640 aliquo
503 533 730 642 stipendio,
744 537 953 650 sedpuro
969 559 1115 616 amore
1138 544 1182 616 et
1207 537 1375 618 sincera
1389 537 1429 618 fi-

337 657 521 744 delitate,
537 680 707 759 semper
726 679 821 732 esse
848 665 1081 762 promptos,
1111 664 1154 736 et
1179 666 1352 762 paratos
1379 661 1429 737 ad

179 785 182 794 ‘
339 775 494 865 omnin,
522 783 565 854 et
593 800 860 879 quecumque
887 777 1057 856 servitia
1083 777 1291 880 prelibate
1319 802 1427 857 sere·

336 895 506 974 nissime
538 895 699 976 ‘ducalis
736 897 1048 988 dominationis,
1087 905 1171 976 tam
1212 899 1254 976 in
1282 899 1430 1004 preliis

335 1019 546 1127 gerendis,
562 1041 686 1120 quam
714 1017 792 1096 alia
822 1039 1092 1122 quecumque
1119 1018 1172 1096 de
1202 1043 1343 1114 causa,
1377 1019 1432 1096 in-

336 1136 564 1239 telligendo
592 1137 679 1216 hoc
707 1135 758 1213 ab
785 1135 1071 1217 Antiveri
1099 1163 1234 1242 usque
1278 1138 1433 1218 Cata.

335 1261 394 1346 ri,
424 1266 643 1338 eteorum
672 1257 919 1340 districtum.
958 1259 1019 1344 ‚Si
1044 1284 1150 1338 vero
1178 1261 1431 1364 prelibatum

334 1377 647 1460 serenissimum
691 1379 841 1460 ducale
882 1380 1113 1460 dominium
1153 1381 1340 1460 noluerit
1369 1381 1427 1485 ip·

333 1527 406 1580 sos
445 1499 617 1602 operari
657 1501 807 1602 quovis
836 1503 962 1580 modo
1005 1501 1265 1581 indistricto
1308 1501 1433 1581 Scu-

335 1621 470 1716 tari,
495 1626 717 1700 teneantur
745 1620 846 1700 dicti
874 1621 1029 1701 nobilis
1058 1620 1324 1711 ethomincs
1357 1617 1430 1698 Pa·

333 1739 603 1834 strovichiiS,
642 1764 721 1845 per
748 1741 839 1820 dies
866 1749 978 1834 octo¹
998 1739 1268 1819 solummodo
1304 1739 1433 1820 servi·

332 1862 461 1971 read
490 1885 640 1941 eorum
677 1849 875 1966 proprias
902 1885 1139 1966 carpensem,
1178 1867 1220 1938 et
1255 1887 1278 1940 a
1307 1860 1433 1942 dictis

334 1989 433 2061 octo
462 1980 611 2060 diebus
639 1989 773 2077 antea,
800 1982 925 2063 dictis
958 1979 1200 2062 hominibus
1234 1979 1300 2058 sic
1326 1980 1435 2082 snpi-

335 2101 514 2194 entibuS,
541 2104 730 2181 solvatur
745 2104 902 2200 dietum
917 2105 986 2182 val
1013 2104 1278 2194 mensuatim,
1305 2108 1436 2206 prout

332 2221 423 2300 aliis
452 2221 694 2302 hominibus
713 2223 934 2326 paiesanis,
962 2224 1030 2302 vel
1059 2225 1315 2327 exipsorum
1331 2245 1434 2321 cop·

331 2344 481 2422 finibus
507 2344 814 2432 servientibus,
841 2349 885 2422 ut
911 2344 991 2448 ipsi
1026 2345 1075 2424 lit
1102 2343 1276 2422 solutio.

432 2463 576 2542 ltem
617 2468 849 2566 petuntet
890 2466 1109 2567 requirunt
1155 2461 1433 2568 suprascripti

330 2580 508 2672 nobiles,
523 2584 637 2686 quod
666 2584 835 2664 inomni
865 2610 965 2665 casu
994 2607 1142 2686 gnere,
1174 2581 1288 2688 quod
1313 2584 1433 2661 Deus

331 2709 514 2793 avertat,
541 2713 607 2782 vel
635 2714 914 2810 superventus
944 2707 1161 2786 exercitus
1177 2769 1179 2775 .
1196 2707 1221 2784 d
1239 2706 1327 2808 isp
1343 2729 1369 2782 o
1385 2712 1402 2784 t
1420 2705 1433 2782 i

331 2823 397 2902 vel
438 2821 817 2905 anchorum
858 2829 897 2906 in
929 2828 998 2906 tali
1026 2826 1283 2929 quantitate,
1315 2827 1430 2928 quod
1482 2869 1489 2884 ι

330 2945 428 3022 dicti
456 2949 649 3036 nobiles,
691 2957 735 3030 et
760 2951 956 3030 homines
998 2951 1206 3030 dictarum
1237 2956 1433 3032 contrac-

329 3075 465 3146 tarum
494 3071 539 3144 ct
564 3068 775 3164 locorum,
801 3096 888 3150 non
916 3080 1091 3170 possent
1117 3072 1170 3150 ad
1188 3095 1337 3150 eorum
1365 3097 1432 3168 so·

331 3187 423 3266 litas
450 3185 761 3280 habitationes,
803 3197 847 3268 et
873 3191 1068 3294 proprias
1107 3197 1220 3270 stare
1261 3191 1430 3292 domus,

314 3303 445 3410 ·quod
485 3304 738 3408 prelibatum
766 3309 1082 3391 serenissimum
1118 3311 1269 3391 ducale
1297 3309 1430 3391 domi·

331 3423 444 3500 nium
471 3429 667 3504 teneatur
695 3425 904 3506 etd'ebeat
931 3428 1036 3532 ipsis
1056 3428 1269 3508 nobilibus
1297 3429 1431 3510 etho

329 3541 511 3620 minibus
537 3544 838 3659 habitationem
875 3553 926 3644 et
953 3557 1175 3656 receptum
1219 3551 1259 3628 in
1298 3549 1430 3652 ipsius

226 3728 228 3730 .
332 3663 459 3742 terris
486 3666 716 3772 proximis,
742 3677 790 3764 ¹ut
816 3651 929 3773 puta,
957 3670 997 3748 in
1026 3669 1235 3749 Catarc
1265 3676 1309 3748 et
1335 3671 1430 3752 aliis

329 3783 724 3878 circumstantibns3
755 3793 797 3877 et
825 3788 874 3864 ad
902 3789 1033 3894 ipsius
1072 3787 1246 3874 dominii
1273 3789 1427 3890 aliqua·

329 3903 411 3981 lem
439 3897 727 4008 provisionem
755 3910 822 3986 vel
849 3910 1105 4012 stipendium
1125 3909 1344 4014 accipere
1373 3935 1427 3988 ox

329 4022 430 4124 ipsis
458 4024 671 4104 nobilibus
706 4028 851 4106 saltem
887 4029 979 4118 XX,
1002 4053 1085 4134 pcr¹
1111 4029 1298 4132 ipsorum
1327 4029 1427 4130 snb·

328 4141 607 4234 slentatione,
644 4148 860 4250 operando
901 4154 1039 4230 tamen
1069 4149 1186 4254 ipsos
1214 4172 1334 4228 more
1360 4151 1427 4228 sti·
