3206 5110
361 345 428 427 ⁸⁰⁸
575 433 577 438 .

360 555 466 638 iario
493 564 705 662 perpetuo
733 563 775 636 ei
803 558 844 636 in
869 563 1132 662 perpetuum,
1156 581 1282 660 senza
1306 559 1452 658 aiguna

358 677 555 758 noviiade
581 677 743 782 impazo
771 701 823 756 ne
851 679 1045 757 molestia
1059 680 1110 768 da
1125 671 1262 758 es'aeii
1277 678 1360 758 iaia
1377 703 1453 783 per

289 809 296 838 ¹
359 798 509 896 aiguno
527 797 654 876 modo
671 797 733 874 via
756 797 890 878 forma
915 822 1090 890 racione,
1113 823 1208 904 cum
1225 823 1383 876 casune
1404 797 1453 874 da

361 916 386 994 ii
414 917 593 1022 predicti
621 920 780 1016 signori
809 917 977 1020 dispoto
1015 943 1039 994 e
1067 919 1214 1020 signor
1241 918 1368 996 Zorzi
1403 941 1453 994 ne

358 1040 411 1116 de
440 1039 593 1138 alguno
636 1065 713 1120 suo
758 1040 991 1120 adherente
1028 1039 1198 1119 subdito
1238 1040 1454 1141 complice

358 1182 540 1258 seguace
570 1161 884 1240 recomendado
920 1185 971 1240 ne
999 1161 1196 1240 vassalio.
1251 1159 1365 1238 Eaii
1405 1159 1452 1234 si·

359 1277 483 1378 gnoti
510 1277 693 1380 predicti
721 1303 918 1380 remagna
948 1279 1158 1366 Deivasto,
1193 1275 1455 1368 An1·ivari,e

358 1421 435 1500 per
464 1397 505 1478 Ιο
534 1398 666 1476 simile
694 1399 892 1490 diebiano
922 1425 1039 1480 esser
1068 1399 1194 1498 messi
1222 1400 1262 1476 in
1292 1421 1453 1503 posses·

359 1516 454 1596 sion
483 1518 549 1598 dei
580 1521 712 1598 castel
741 1521 794 1599 de
812 1520 967 1619 Budua,
1000 1548 1023 1599 e
1052 1523 1104 1600 de
1134 1522 1172 1598 ie
1200 1520 1347 1608 saline,
1374 1517 1453 1608 che

291 1719 294 1724 ,
359 1637 402 1714 iu
432 1637 498 1716 dei
527 1640 677 1740 sigum·
704 1641 849 1754 Balsa,
877 1667 901 1722 e
931 1667 1025 1722 cum
1064 1642 1138 1720 tuli
1180 1666 1257 1719 suo
1300 1640 1456 1719 confini

359 1759 509 1837 caxion
540 1761 867 1862 eperiineniie‚
913 1765 951 1840 ie
991 1763 1113 1866 quale
1151 1784 1278 1838 aveva
1321 1767 1365 1836 et
1403 1758 1455 1834 ha
1582 1803 1583 1846 ;

358 1877 529 1958 habudo
557 1883 653 1957 soto
689 1889 731 1958 ct
760 1889 901 1986 tempo
946 1880 998 1962 de
1043 1885 1079 1960 ia
1121 1879 1285 1984 prefata
1314 1879 1456 1956 inciiia

244 2091 249 2100 .
358 1999 478 2076 duca!
507 1999 690 2097 signoria
719 2000 770 2079 de
798 2003 1018 2081 Veniexia.
1059 2003 1211 2082 Eiuio
1229 1999 1356 2102 qualo
1387 1998 1452 2074 ha-

357 2144 461 2196 veva
503 2118 738 2212 habudoe
780 2124 1021 2226 possedudo
1064 2126 1102 2203 ei
1142 2124 1287 2224 signor
1327 2120 1455 2200 Zorzi

359 2239 604 2332 strazimir,
632 2245 670 2322 ei
699 2269 775 2322 suo
807 2245 874 2323 fici
905 2249 1058 2325 misser
1085 2245 1234 2334 Baisa,
1269 2249 1455 2347 excepto

360 2362 399 2437 ie
429 2361 515 2442 dite
544 2363 681 2442 ciiade
725 2390 818 2444 cum
863 2365 888 2442 ii
929 2367 996 2446 soi
1031 2363 1186 2446 coniini
1228 2361 1455 2442 vescovadi

359 2483 574 2576 territorii·
607 2483 754 2562 caxion
796 2511 819 2562 c
861 2487 1127 2588 pertinentia
1169 2509 1264 2572 cum
1305 2486 1455 2587 questo
1582 2559 1583 2564 a

358 2603 487 2683 modo
531 2633 553 2684 c
588 2606 831 2719 conditiop,
873 2609 968 2688 chel
1009 2607 1097 2687 dito
1141 2607 1288 2707 signor
1327 2603 1454 2683 Zorzi

359 2726 529 2804 nomine
572 2749 656 2829 quo
698 2751 837 2832 supra,
864 2753 947 2807 non
977 2728 1102 2808 habia
1130 2753 1154 2802 a
1184 2725 1274 2808 iare
1303 2727 1456 2826 alguna

360 2871 474 2936 cosa,
504 2873 556 2925 ne
585 2847 709 2926 habia
737 2849 886 2928 alcuna
916 2849 1162 2933 iurisdicion
1191 2872 1294 2924 over
1322 2870 1455 2926 caxon

357 2961 400 3044 in
428 2967 466 3044 ei
495 2964 619 3044 iiume
649 2991 754 3044 oven·
782 2969 821 3046 in
852 2970 971 3072 laque
998 2969 1113 3046 dela
1139 2969 1375 3052 Boiana,
1404 2991 1455 3044 ne

358 3113 487 3193 possa
510 3113 589 3192 per
605 3091 727 3190 aigun
758 3092 885 3170 modo
901 3091 964 3169 via
993 3093 1130 3170 forma
1159 3113 1336 3168 eraxon
1353 3113 1456 3166 over
1582 3089 1583 3092 ‘

241 3279 244 3291 .
360 3211 509 3293 caxion
538 3209 721 3291 fabricar
751 3235 923 3314 apresso
953 3213 990 3290 ei
1015 3213 1103 3292 dito
1120 3209 1258 3301 fiumc,
1286 3236 1340 3288 ne
1369 3209 1457 3288 iace

299 3340 306 3359 ‘
360 3353 467 3409 over
494 3331 651 3410 lassare
681 3331 865 3412 fabricar
893 3332 1057 3412 foricza
1084 3333 1230 3432 aiguna
1259 3352 1365 3411 over
1394 3355 1456 3408 ca·

359 3451 497 3548 stelio,
530 3475 710 3556 api-esso
753 3453 843 3532 aia
871 3452 958 3531 riva
1001 3452 1068 3532 dei
1097 3451 1185 3530 diio
1214 3447 1351 3536 fiume,
1381 3472 1456 3550 per
1582 3521 1583 3568 f

359 3596 442 3651 uno
471 3572 554 3650 mio
578 3572 829 3664 infraierra,
858 3571 1112 3653 intendendo
1130 3575 1280 3674 questo
1310 3568 1362 3646 da
1390 3567 1457 3647 bo·

360 3693 443 3774 cha
473 3694 541 3774 dei
570 3692 694 3772 fiume
723 3722 803 3774 zoe
833 3694 1051 3775 dabecha
1080 3693 1148 3772 dei
1173 3687 1455 3794 lagoperfina

359 3817 399 3894 in
430 3815 467 3892 la
496 3813 668 3907 marina,
697 3817 888 3915 segondo
920 3839 1042 3896 come
1069 3837 1120 3890 va
1146 3813 1185 3890 ei
1214 3811 1303 3890 dito
1333 3810 1453 3890 iiume

288 4013 290 4025 ,
360 3935 411 4012 de
441 3937 481 4016 la
509 3935 708 4016 Boianae.
736 3937 783 4014 ΕΙ
813 3937 908 4039 quai
937 3933 1063 4013 fiume
1091 3955 1289 4034 remagna
1318 3932 1452 4010 libero

360 4083 383 4130 e
412 4053 591 4134 icancho
620 4075 715 4134 cum
746 4062 833 4136 iuie
864 4081 936 4132 sue
967 4078 1101 4132 raxon
1131 4079 1153 4132 e
1189 4053 1452 4157 pertineniie.

362 4177 415 4256 de
445 4177 483 4256 ia
511 4176 673 4298 prefata
703 4178 846 4264 inciiia
875 4177 1007 4304 ducai·
1027 4175 1212 4276 signoria
1248 4175 1300 4278 de
1333 4171 1450 4256 Veni·
