<?xml version="1.0" encoding="UTF-8"?>
<!DOCTYPE html PUBLIC "-//W3C//DTD XHTML 1.0 Transitional//EN"
    "http://www.w3.org/TR/xhtml1/DTD/xhtml1-transitional.dtd">
<html xmlns="http://www.w3.org/1999/xhtml" xml:lang="en" lang="en">
 <head>
  <title>
</title>
<meta http-equiv="Content-Type" content="text/html;charset=utf-8" />
  <meta name='ocr-system' content='tesseract 3.04.00' />
  <meta name='ocr-capabilities' content='ocr_page ocr_carea ocr_par ocr_line ocrx_word'/>
</head>
<body>
  <div class='ocr_page' id='page_1' title='image "./actaarchivivene00sergoog_0223.png"; bbox 0 0 3212 5116; ppageno 0'>
   <div class='ocr_carea' id='block_1_1' title="bbox 215 403 1281 698">
    <p class='ocr_par' dir='ltr' id='par_1_1' title="bbox 215 403 1281 698">
     <span class='ocr_line' id='line_1_1' title="bbox 1214 403 1281 472; baseline 0 0"><span class='ocrx_word' id='word_1_1' title='bbox 1214 403 1281 472; x_wconf 76' lang='lat' dir='ltr'><strong>zu</strong></span> 
     </span>
     <span class='ocr_line' id='line_1_2' title="bbox 215 597 1252 698; baseline -0.003 -1"><span class='ocrx_word' id='word_1_2' title='bbox 215 597 514 698; x_wconf 82' lang='lat' dir='ltr'><strong>cxxxln.</strong></span> <span class='ocrx_word' id='word_1_3' title='bbox 553 619 665 698; x_wconf 77' lang='lat' dir='ltr'><strong>rara.</strong></span> <span class='ocrx_word' id='word_1_4' title='bbox 693 615 904 695; x_wconf 74' lang='lat' dir='ltr'><strong>inuret.</strong></span> <span class='ocrx_word' id='word_1_5' title='bbox 930 611 1001 694; x_wconf 85' lang='lat' dir='ltr'><strong>xl.</strong></span> <span class='ocrx_word' id='word_1_6' title='bbox 1031 622 1082 694; x_wconf 78' lang='lat' dir='ltr'><strong>ia</strong></span> <span class='ocrx_word' id='word_1_7' title='bbox 1107 613 1252 694; x_wconf 76' lang='lat' dir='ltr'><strong>nati.</strong></span> 
     </span>
    </p>
   </div>
   <div class='ocr_carea' id='block_1_2' title="bbox 184 856 1281 1248">
    <p class='ocr_par' dir='ltr' id='par_1_2' title="bbox 184 856 1281 1248">
     <span class='ocr_line' id='line_1_3' title="bbox 184 856 1281 937; baseline -0.002 -17"><span class='ocrx_word' id='word_1_8' title='bbox 184 864 274 920; x_wconf 80' lang='lat' dir='ltr'><strong>ltaro</strong></span> <span class='ocrx_word' id='word_1_9' title='bbox 301 879 318 920; x_wconf 85' lang='lat' dir='ltr'><strong>a</strong></span> <span class='ocrx_word' id='word_1_10' title='bbox 342 856 578 937; x_wconf 80' lang='lat' dir='ltr'><strong>llapao&#39;l&#39;onia</strong></span> <span class='ocrx_word' id='word_1_11' title='bbox 601 877 707 920; x_wconf 73' lang='lat' dir='ltr'><strong>ranan</strong></span> <span class='ocrx_word' id='word_1_12' title='bbox 730 858 887 929; x_wconf 72' lang='lat' dir='ltr'><strong>Andania,</strong></span> <span class='ocrx_word' id='word_1_13' title='bbox 911 876 1059 936; x_wconf 63' lang='lat' dir='ltr'><strong>nanno</strong></span> <span class='ocrx_word' id='word_1_14' title='bbox 1084 874 1165 919; x_wconf 73' lang='lat' dir='ltr'><strong>nona</strong></span> <span class='ocrx_word' id='word_1_15' title='bbox 1189 861 1281 918; x_wconf 78' lang='lat' dir='ltr'><strong>llae-</strong></span> 
     </span>
     <span class='ocr_line' id='line_1_4' title="bbox 185 967 1278 1042; baseline -0.002 -20"><span class='ocrx_word' id='word_1_16' title='bbox 185 981 288 1024; x_wconf 76' lang='lat' dir='ltr'><strong>rarre</strong></span> <span class='ocrx_word' id='word_1_17' title='bbox 312 967 406 1042; x_wconf 68' lang='lat' dir='ltr'><strong>raba,</strong></span> <span class='ocrx_word' id='word_1_18' title='bbox 429 982 517 1038; x_wconf 71' lang='lat' dir='ltr'><strong>noga</strong></span> <span class='ocrx_word' id='word_1_19' title='bbox 542 981 766 1040; x_wconf 75' lang='lat' dir='ltr'><strong>neronopoaa</strong></span> <span class='ocrx_word' id='word_1_20' title='bbox 790 981 828 1035; x_wconf 70' lang='lat' dir='ltr'><strong>ga</strong></span> <span class='ocrx_word' id='word_1_21' title='bbox 853 981 937 1039; x_wconf 67' lang='grc' dir='ltr'><strong>κιο]</strong></span> <span class='ocrx_word' id='word_1_22' title='bbox 964 979 1112 1022; x_wconf 77' lang='lat' dir='ltr'><strong>naarnae</strong></span> <span class='ocrx_word' id='word_1_23' title='bbox 1135 979 1278 1038; x_wconf 75' lang='lat' dir='ltr'><strong>naprny,</strong></span> 
     </span>
     <span class='ocr_line' id='line_1_5' title="bbox 187 1049 1278 1146; baseline -0.004 -20"><span class='ocrx_word' id='word_1_24' title='bbox 187 1087 224 1126; x_wconf 79' lang='lat' dir='ltr'><strong>aa</strong></span> <span class='ocrx_word' id='word_1_25' title='bbox 249 1085 321 1126; x_wconf 76' lang='lat' dir='ltr'><strong>roro</strong></span> <span class='ocrx_word' id='word_1_26' title='bbox 346 1071 533 1146; x_wconf 66' lang='lat' dir='ltr'><strong>noraplyro</strong></span> <span class='ocrx_word' id='word_1_27' title='bbox 556 1085 749 1142; x_wconf 69' lang='lat' dir='ltr'><strong>roouogrpa</strong></span> <span class='ocrx_word' id='word_1_28' title='bbox 770 1049 918 1140; x_wconf 49' lang='lat' dir='ltr'><strong>&#39;antean</strong></span> <span class='ocrx_word' id='word_1_29' title='bbox 952 1086 990 1140; x_wconf 66' lang='lat' dir='ltr'><strong>aa</strong></span> <span class='ocrx_word' id='word_1_30' title='bbox 1015 1084 1100 1143; x_wconf 73' lang='lat' dir='ltr'><strong>ancy</strong></span> <span class='ocrx_word' id='word_1_31' title='bbox 1128 1083 1158 1124; x_wconf 88' lang='lat' dir='ltr'><strong>ro</strong></span> <span class='ocrx_word' id='word_1_32' title='bbox 1184 1066 1278 1124; x_wconf 79' lang='lat' dir='ltr'><strong>duaa</strong></span> 
     </span>
     <span class='ocr_line' id='line_1_6' title="bbox 185 1173 1276 1248; baseline -0.004 -20"><span class='ocrx_word' id='word_1_33' title='bbox 185 1188 295 1246; x_wconf 56' lang='lat' dir='ltr'><strong>„aaa</strong></span> <span class='ocrx_word' id='word_1_34' title='bbox 323 1187 537 1248; x_wconf 60' lang='lat' dir='ltr'><strong>naararrnro</strong></span> <span class='ocrx_word' id='word_1_35' title='bbox 563 1187 602 1230; x_wconf 81' lang='lat' dir='ltr'><strong>oe</strong></span> <span class='ocrx_word' id='word_1_36' title='bbox 616 1187 744 1228; x_wconf 73' lang='lat' dir='ltr'><strong>nerana</strong></span> <span class='ocrx_word' id='word_1_37' title='bbox 768 1186 934 1244; x_wconf 77' lang='lat' dir='ltr'><strong>raneaaay</strong></span> <span class='ocrx_word' id='word_1_38' title='bbox 951 1173 1075 1244; x_wconf 60' lang='lat' dir='ltr'><strong>Kyrba,</strong></span> <span class='ocrx_word' id='word_1_39' title='bbox 1090 1187 1128 1239; x_wconf 70' lang='lat' dir='ltr'><strong>aa</strong></span> <span class='ocrx_word' id='word_1_40' title='bbox 1153 1185 1276 1238; x_wconf 70' lang='lat' dir='ltr'><strong>tarega</strong></span> 
     </span>
    </p>
   </div>
   <div class='ocr_carea' id='block_1_3' title="bbox 190 1277 1281 1454">
    <p class='ocr_par' dir='ltr' id='par_1_3' title="bbox 190 1277 1281 1454">
     <span class='ocr_line' id='line_1_7' title="bbox 190 1277 1281 1349; baseline 0.001 -19"><span class='ocrx_word' id='word_1_41' title='bbox 190 1291 253 1349; x_wconf 77' lang='lat' dir='ltr'><strong>orry</strong></span> <span class='ocrx_word' id='word_1_42' title='bbox 270 1291 441 1349; x_wconf 53' lang='grc' dir='ltr'><strong>(τωρωι</strong></span> <span class='ocrx_word' id='word_1_43' title='bbox 467 1291 560 1334; x_wconf 82' lang='lat' dir='ltr'><strong>arne</strong></span> <span class='ocrx_word' id='word_1_44' title='bbox 583 1291 664 1334; x_wconf 74' lang='lat' dir='ltr'><strong>rano</strong></span> <span class='ocrx_word' id='word_1_45' title='bbox 677 1289 738 1332; x_wconf 75' lang='lat' dir='ltr'><strong>rao</strong></span> <span class='ocrx_word' id='word_1_46' title='bbox 752 1291 829 1332; x_wconf 83' lang='lat' dir='ltr'><strong>mro</strong></span> <span class='ocrx_word' id='word_1_47' title='bbox 843 1277 1018 1334; x_wconf 75' lang='lat' dir='ltr'><strong>blaeraana</strong></span> <span class='ocrx_word' id='word_1_48' title='bbox 1041 1289 1134 1344; x_wconf 70' lang='lat' dir='ltr'><strong>aroge</strong></span> <span class='ocrx_word' id='word_1_49' title='bbox 1159 1289 1281 1347; x_wconf 67' lang='lat' dir='ltr'><strong>raayros</strong></span> 
     </span>
     <span class='ocr_line' id='line_1_8' title="bbox 216 1377 1245 1454; baseline 0 -18"><span class='ocrx_word' id='word_1_50' title='bbox 216 1396 300 1450; x_wconf 68' lang='lat' dir='ltr'><strong>onga</strong></span> <span class='ocrx_word' id='word_1_51' title='bbox 322 1397 360 1451; x_wconf 64' lang='lat' dir='ltr'><strong>aa</strong></span> <span class='ocrx_word' id='word_1_52' title='bbox 383 1397 483 1452; x_wconf 56' lang='grc' dir='ltr'><strong>τηεμ</strong></span> <span class='ocrx_word' id='word_1_53' title='bbox 508 1397 614 1438; x_wconf 75' lang='lat' dir='ltr'><strong>nnana</strong></span> <span class='ocrx_word' id='word_1_54' title='bbox 640 1395 861 1454; x_wconf 69' lang='lat' dir='ltr'><strong>epagomene,</strong></span> <span class='ocrx_word' id='word_1_55' title='bbox 883 1379 1020 1450; x_wconf 67' lang='lat' dir='ltr'><strong>godane</strong></span> <span class='ocrx_word' id='word_1_56' title='bbox 1047 1394 1130 1438; x_wconf 82' lang='lat' dir='ltr'><strong>nore</strong></span> <span class='ocrx_word' id='word_1_57' title='bbox 1153 1377 1245 1450; x_wconf 64' lang='lat' dir='ltr'><strong>nate.</strong></span> 
     </span>
    </p>
   </div>
   <div class='ocr_carea' id='block_1_4' title="bbox 181 1577 1278 4338">
    <p class='ocr_par' dir='ltr' id='par_1_4' title="bbox 181 1577 1278 4338">
     <span class='ocr_line' id='line_1_9' title="bbox 288 1577 1277 1688; baseline 0.007 -26"><span class='ocrx_word' id='word_1_58' title='bbox 288 1582 439 1686; x_wconf 86' lang='lat' dir='ltr'><strong>Capta:</strong></span> <span class='ocrx_word' id='word_1_59' title='bbox 468 1577 573 1662; x_wconf 87' lang='lat' dir='ltr'><strong>Cum</strong></span> <span class='ocrx_word' id='word_1_60' title='bbox 601 1607 679 1686; x_wconf 90' lang='lat' dir='ltr'><strong>per</strong></span> <span class='ocrx_word' id='word_1_61' title='bbox 718 1583 994 1662; x_wconf 80' lang='lat' dir='ltr'><strong>liarulum</strong></span> <span class='ocrx_word' id='word_1_62' title='bbox 1034 1583 1277 1688; x_wconf 70' lang='lat' dir='ltr'><strong>&#39;Popiae</strong></span> 
     </span>
     <span class='ocr_line' id='line_1_10' title="bbox 184 1703 1277 1807; baseline -0.001 -28"><span class='ocrx_word' id='word_1_63' title='bbox 184 1703 523 1807; x_wconf 84' lang='lat' dir='ltr'><strong>prinoipem</strong></span> <span class='ocrx_word' id='word_1_64' title='bbox 559 1703 856 1791; x_wconf 81' lang='lat' dir='ltr'><strong>Albaniae,</strong></span> <span class='ocrx_word' id='word_1_65' title='bbox 898 1714 1062 1784; x_wconf 86' lang='lat' dir='ltr'><strong>retenta</strong></span> <span class='ocrx_word' id='word_1_66' title='bbox 1103 1704 1157 1782; x_wconf 84' lang='lat' dir='ltr'><strong>sit</strong></span> <span class='ocrx_word' id='word_1_67' title='bbox 1196 1726 1277 1780; x_wconf 88' lang='lat' dir='ltr'><strong>una</strong></span> 
     </span>
     <span class='ocr_line' id='line_1_11' title="bbox 184 1822 1277 1929; baseline 0.002 -29"><span class='ocrx_word' id='word_1_68' title='bbox 184 1822 321 1902; x_wconf 84' lang='lat' dir='ltr'><strong>cooha</strong></span> <span class='ocrx_word' id='word_1_69' title='bbox 359 1833 402 1900; x_wconf 88' lang='lat' dir='ltr'><strong>et</strong></span> <span class='ocrx_word' id='word_1_70' title='bbox 438 1849 542 1900; x_wconf 85' lang='lat' dir='ltr'><strong>unus</strong></span> <span class='ocrx_word' id='word_1_71' title='bbox 582 1824 803 1929; x_wconf 90' lang='lat' dir='ltr'><strong>panphilus</strong></span> <span class='ocrx_word' id='word_1_72' title='bbox 843 1827 1049 1904; x_wconf 89' lang='lat' dir='ltr'><strong>nobilium</strong></span> <span class='ocrx_word' id='word_1_73' title='bbox 1088 1827 1277 1902; x_wconf 88' lang='lat' dir='ltr'><strong>virorum</strong></span> 
     </span>
     <span class='ocr_line' id='line_1_12' title="bbox 185 1941 1277 2044; baseline 0.001 -26"><span class='ocrx_word' id='word_1_74' title='bbox 185 1941 382 2018; x_wconf 76' lang='lat' dir='ltr'><strong>Andreae</strong></span> <span class='ocrx_word' id='word_1_75' title='bbox 410 1951 453 2020; x_wconf 89' lang='lat' dir='ltr'><strong>et</strong></span> <span class='ocrx_word' id='word_1_76' title='bbox 480 1942 653 2022; x_wconf 83' lang='lat' dir='ltr'><strong>Gratoni</strong></span> <span class='ocrx_word' id='word_1_77' title='bbox 684 1943 872 2023; x_wconf 84' lang='lat' dir='ltr'><strong>Dandulu</strong></span> <span class='ocrx_word' id='word_1_78' title='bbox 914 1945 1086 2044; x_wconf 78' lang='lat' dir='ltr'><strong>fratrum</strong></span> <span class='ocrx_word' id='word_1_79' title='bbox 1124 1943 1277 2023; x_wconf 87' lang='lat' dir='ltr'><strong>civium</strong></span> 
     </span>
     <span class='ocr_line' id='line_1_13' title="bbox 184 2063 1278 2168; baseline 0.002 -28"><span class='ocrx_word' id='word_1_80' title='bbox 184 2069 441 2153; x_wconf 81' lang='lat' dir='ltr'><strong>nostrorum,</strong></span> <span class='ocrx_word' id='word_1_81' title='bbox 469 2063 546 2140; x_wconf 91' lang='lat' dir='ltr'><strong>sub</strong></span> <span class='ocrx_word' id='word_1_82' title='bbox 573 2071 795 2166; x_wconf 87' lang='lat' dir='ltr'><strong>praetextu</strong></span> <span class='ocrx_word' id='word_1_83' title='bbox 837 2069 949 2168; x_wconf 87' lang='lat' dir='ltr'><strong>quod</strong></span> <span class='ocrx_word' id='word_1_84' title='bbox 978 2091 1062 2145; x_wconf 91' lang='lat' dir='ltr'><strong>non</strong></span> <span class='ocrx_word' id='word_1_85' title='bbox 1104 2065 1278 2142; x_wconf 87' lang='lat' dir='ltr'><strong>solverit</strong></span> 
     </span>
     <span class='ocr_line' id='line_1_14' title="bbox 185 2181 1276 2290; baseline 0.001 -32"><span class='ocrx_word' id='word_1_86' title='bbox 185 2181 363 2262; x_wconf 90' lang='lat' dir='ltr'><strong>doanam</strong></span> <span class='ocrx_word' id='word_1_87' title='bbox 404 2209 522 2262; x_wconf 90' lang='lat' dir='ltr'><strong>suam</strong></span> <span class='ocrx_word' id='word_1_88' title='bbox 550 2186 602 2264; x_wconf 90' lang='lat' dir='ltr'><strong>de</strong></span> <span class='ocrx_word' id='word_1_89' title='bbox 634 2183 868 2286; x_wconf 88' lang='lat' dir='ltr'><strong>lignamine,</strong></span> <span class='ocrx_word' id='word_1_90' title='bbox 908 2187 1049 2290; x_wconf 87' lang='lat' dir='ltr'><strong>posito</strong></span> <span class='ocrx_word' id='word_1_91' title='bbox 1087 2185 1126 2262; x_wconf 94' lang='lat' dir='ltr'><strong>in</strong></span> <span class='ocrx_word' id='word_1_92' title='bbox 1156 2184 1276 2264; x_wconf 86' lang='lat' dir='ltr'><strong>dietis</strong></span> 
     </span>
     <span class='ocr_line' id='line_1_15' title="bbox 184 2303 1275 2410; baseline 0.002 -30"><span class='ocrx_word' id='word_1_93' title='bbox 184 2304 372 2405; x_wconf 83' lang='lat' dir='ltr'><strong>navigiis,</strong></span> <span class='ocrx_word' id='word_1_94' title='bbox 404 2303 600 2382; x_wconf 84' lang='lat' dir='ltr'><strong>laboratis</strong></span> <span class='ocrx_word' id='word_1_95' title='bbox 629 2307 668 2382; x_wconf 90' lang='lat' dir='ltr'><strong>in</strong></span> <span class='ocrx_word' id='word_1_96' title='bbox 698 2305 780 2384; x_wconf 80' lang='lat' dir='ltr'><strong>illis</strong></span> <span class='ocrx_word' id='word_1_97' title='bbox 815 2307 1024 2410; x_wconf 88' lang='lat' dir='ltr'><strong>partibus,</strong></span> <span class='ocrx_word' id='word_1_98' title='bbox 1054 2329 1177 2409; x_wconf 88' lang='lat' dir='ltr'><strong>quam</strong></span> <span class='ocrx_word' id='word_1_99' title='bbox 1207 2305 1275 2382; x_wconf 94' lang='lat' dir='ltr'><strong>do·</strong></span> 
     </span>
     <span class='ocr_line' id='line_1_16' title="bbox 184 2423 1277 2504; baseline -0.001 -3"><span class='ocrx_word' id='word_1_100' title='bbox 184 2449 302 2502; x_wconf 87' lang='lat' dir='ltr'><strong>anam</strong></span> <span class='ocrx_word' id='word_1_101' title='bbox 332 2423 430 2503; x_wconf 85' lang='lat' dir='ltr'><strong>dieti</strong></span> <span class='ocrx_word' id='word_1_102' title='bbox 457 2423 620 2502; x_wconf 88' lang='lat' dir='ltr'><strong>nobiles</strong></span> <span class='ocrx_word' id='word_1_103' title='bbox 660 2435 854 2504; x_wconf 86' lang='lat' dir='ltr'><strong>asserunt</strong></span> <span class='ocrx_word' id='word_1_104' title='bbox 889 2451 971 2503; x_wconf 92' lang='lat' dir='ltr'><strong>non</strong></span> <span class='ocrx_word' id='word_1_105' title='bbox 1014 2425 1170 2504; x_wconf 91' lang='lat' dir='ltr'><strong>debere</strong></span> <span class='ocrx_word' id='word_1_106' title='bbox 1199 2425 1277 2502; x_wconf 90' lang='lat' dir='ltr'><strong>sol-</strong></span> 
     </span>
     <span class='ocr_line' id='line_1_17' title="bbox 182 2544 1274 2650; baseline 0.005 -32"><span class='ocrx_word' id='word_1_107' title='bbox 182 2567 309 2630; x_wconf 84' lang='lat' dir='ltr'><strong>vere,</strong></span> <span class='ocrx_word' id='word_1_108' title='bbox 340 2569 392 2622; x_wconf 91' lang='lat' dir='ltr'><strong>eo</strong></span> <span class='ocrx_word' id='word_1_109' title='bbox 431 2547 546 2646; x_wconf 94' lang='lat' dir='ltr'><strong>quod</strong></span> <span class='ocrx_word' id='word_1_110' title='bbox 586 2544 807 2624; x_wconf 78' lang='lat' dir='ltr'><strong>habuerint</strong></span> <span class='ocrx_word' id='word_1_111' title='bbox 847 2555 1016 2649; x_wconf 87' lang='lat' dir='ltr'><strong>pactum</strong></span> <span class='ocrx_word' id='word_1_112' title='bbox 1059 2571 1153 2624; x_wconf 89' lang='lat' dir='ltr'><strong>cum</strong></span> <span class='ocrx_word' id='word_1_113' title='bbox 1182 2545 1274 2650; x_wconf 88' lang='lat' dir='ltr'><strong>ipso</strong></span> 
     </span>
     <span class='ocr_line' id='line_1_18' title="bbox 184 2664 1275 2770; baseline -0.002 -28"><span class='ocrx_word' id='word_1_114' title='bbox 184 2664 367 2749; x_wconf 78' lang='lat' dir='ltr'><strong>liarulo,</strong></span> <span class='ocrx_word' id='word_1_115' title='bbox 394 2665 446 2742; x_wconf 89' lang='lat' dir='ltr'><strong>de</strong></span> <span class='ocrx_word' id='word_1_116' title='bbox 474 2690 558 2745; x_wconf 91' lang='lat' dir='ltr'><strong>non</strong></span> <span class='ocrx_word' id='word_1_117' title='bbox 595 2668 803 2745; x_wconf 87' lang='lat' dir='ltr'><strong>solvendo</strong></span> <span class='ocrx_word' id='word_1_118' title='bbox 846 2667 1001 2769; x_wconf 90' lang='lat' dir='ltr'><strong>aliquid</strong></span> <span class='ocrx_word' id='word_1_119' title='bbox 1043 2692 1120 2770; x_wconf 88' lang='lat' dir='ltr'><strong>pro</strong></span> <span class='ocrx_word' id='word_1_120' title='bbox 1162 2665 1275 2745; x_wconf 87' lang='lat' dir='ltr'><strong>dioto</strong></span> 
     </span>
     <span class='ocr_line' id='line_1_19' title="bbox 184 2785 1275 2892; baseline 0 -31"><span class='ocrx_word' id='word_1_121' title='bbox 184 2785 423 2886; x_wconf 87' lang='lat' dir='ltr'><strong>lignamine,</strong></span> <span class='ocrx_word' id='word_1_122' title='bbox 452 2811 598 2864; x_wconf 91' lang='lat' dir='ltr'><strong>verum</strong></span> <span class='ocrx_word' id='word_1_123' title='bbox 639 2787 776 2865; x_wconf 90' lang='lat' dir='ltr'><strong>solum</strong></span> <span class='ocrx_word' id='word_1_124' title='bbox 803 2812 929 2865; x_wconf 87' lang='lat' dir='ltr'><strong>unam</strong></span> <span class='ocrx_word' id='word_1_125' title='bbox 956 2789 1111 2892; x_wconf 87' lang='lat' dir='ltr'><strong>petiam</strong></span> <span class='ocrx_word' id='word_1_126' title='bbox 1139 2785 1275 2892; x_wconf 84' lang='lat' dir='ltr'><strong>panni3</strong></span> 
     </span>
     <span class='ocr_line' id='line_1_20' title="bbox 183 2905 1275 3011; baseline 0.001 -30"><span class='ocrx_word' id='word_1_127' title='bbox 183 2911 364 3008; x_wconf 89' lang='lat' dir='ltr'><strong>propter</strong></span> <span class='ocrx_word' id='word_1_128' title='bbox 384 2909 664 2987; x_wconf 78' lang='lat' dir='ltr'><strong>retentionem</strong></span> <span class='ocrx_word' id='word_1_129' title='bbox 693 2933 874 3011; x_wconf 90' lang='lat' dir='ltr'><strong>quorum</strong></span> <span class='ocrx_word' id='word_1_130' title='bbox 904 2908 1165 3009; x_wconf 81' lang='lat' dir='ltr'><strong>navigiorum</strong></span> <span class='ocrx_word' id='word_1_131' title='bbox 1197 2905 1275 3009; x_wconf 88' lang='lat' dir='ltr'><strong>ipsi</strong></span> 
     </span>
     <span class='ocr_line' id='line_1_21' title="bbox 181 3027 1276 3110; baseline 0.005 -8"><span class='ocrx_word' id='word_1_132' title='bbox 181 3027 350 3104; x_wconf 89' lang='lat' dir='ltr'><strong>nobiles</strong></span> <span class='ocrx_word' id='word_1_133' title='bbox 380 3029 601 3106; x_wconf 86' lang='lat' dir='ltr'><strong>maximum</strong></span> <span class='ocrx_word' id='word_1_134' title='bbox 618 3033 810 3108; x_wconf 88' lang='lat' dir='ltr'><strong>damnum</strong></span> <span class='ocrx_word' id='word_1_135' title='bbox 826 3031 1112 3110; x_wconf 88' lang='lat' dir='ltr'><strong>sustinuerunt</strong></span> <span class='ocrx_word' id='word_1_136' title='bbox 1138 3035 1181 3107; x_wconf 89' lang='lat' dir='ltr'><strong>et</strong></span> <span class='ocrx_word' id='word_1_137' title='bbox 1205 3031 1276 3108; x_wconf 91' lang='lat' dir='ltr'><strong>bo·</strong></span> 
     </span>
     <span class='ocr_line' id='line_1_22' title="bbox 184 3149 1275 3253; baseline -0.002 -25"><span class='ocrx_word' id='word_1_138' title='bbox 184 3172 281 3228; x_wconf 90' lang='lat' dir='ltr'><strong>num</strong></span> <span class='ocrx_word' id='word_1_139' title='bbox 310 3149 364 3224; x_wconf 85' lang='lat' dir='ltr'><strong>sit</strong></span> <span class='ocrx_word' id='word_1_140' title='bbox 389 3151 549 3229; x_wconf 89' lang='lat' dir='ltr'><strong>nostris</strong></span> <span class='ocrx_word' id='word_1_141' title='bbox 577 3150 738 3230; x_wconf 86' lang='lat' dir='ltr'><strong>nivibus</strong></span> <span class='ocrx_word' id='word_1_142' title='bbox 766 3153 1006 3238; x_wconf 84' lang='lat' dir='ltr'><strong>subrenire;</strong></span> <span class='ocrx_word' id='word_1_143' title='bbox 1028 3150 1142 3228; x_wconf 84' lang='lat' dir='ltr'><strong>radit</strong></span> <span class='ocrx_word' id='word_1_144' title='bbox 1167 3173 1275 3253; x_wconf 88' lang='lat' dir='ltr'><strong>pars:</strong></span> 
     </span>
     <span class='ocr_line' id='line_1_23' title="bbox 185 3267 1275 3375; baseline 0.001 -31"><span class='ocrx_word' id='word_1_145' title='bbox 185 3267 299 3370; x_wconf 92' lang='lat' dir='ltr'><strong>quod</strong></span> <span class='ocrx_word' id='word_1_146' title='bbox 328 3267 538 3347; x_wconf 85' lang='lat' dir='ltr'><strong>scribatur</strong></span> <span class='ocrx_word' id='word_1_147' title='bbox 565 3273 784 3372; x_wconf 88' lang='lat' dir='ltr'><strong>capitaneo</strong></span> <span class='ocrx_word' id='word_1_148' title='bbox 816 3271 940 3360; x_wconf 82' lang='lat' dir='ltr'><strong>Culli,</strong></span> <span class='ocrx_word' id='word_1_149' title='bbox 968 3274 1081 3375; x_wconf 90' lang='lat' dir='ltr'><strong>quod</strong></span> <span class='ocrx_word' id='word_1_150' title='bbox 1108 3271 1149 3348; x_wconf 91' lang='lat' dir='ltr'><strong>in</strong></span> <span class='ocrx_word' id='word_1_151' title='bbox 1177 3295 1275 3346; x_wconf 86' lang='lat' dir='ltr'><strong>nasu</strong></span> 
     </span>
     <span class='ocr_line' id='line_1_24' title="bbox 184 3389 1275 3494; baseline 0.003 -30"><span class='ocrx_word' id='word_1_152' title='bbox 184 3411 271 3490; x_wconf 89' lang='lat' dir='ltr'><strong>quo</strong></span> <span class='ocrx_word' id='word_1_153' title='bbox 298 3414 378 3490; x_wconf 87' lang='lat' dir='ltr'><strong>per</strong></span> <span class='ocrx_word' id='word_1_154' title='bbox 407 3389 567 3469; x_wconf 84' lang='lat' dir='ltr'><strong>litteras</strong></span> <span class='ocrx_word' id='word_1_155' title='bbox 598 3415 698 3493; x_wconf 89' lang='lat' dir='ltr'><strong>quas</strong></span> <span class='ocrx_word' id='word_1_156' title='bbox 733 3393 951 3494; x_wconf 82' lang='lat' dir='ltr'><strong>dirigimus</strong></span> <span class='ocrx_word' id='word_1_157' title='bbox 978 3392 1091 3471; x_wconf 86' lang='lat' dir='ltr'><strong>dioto</strong></span> <span class='ocrx_word' id='word_1_158' title='bbox 1119 3389 1275 3468; x_wconf 82' lang='lat' dir='ltr'><strong>liarulo</strong></span> 
     </span>
     <span class='ocr_line' id='line_1_25' title="bbox 183 3507 1274 3616; baseline 0.001 -34"><span class='ocrx_word' id='word_1_159' title='bbox 183 3507 425 3610; x_wconf 86' lang='lat' dir='ltr'><strong>superinde,</strong></span> <span class='ocrx_word' id='word_1_160' title='bbox 455 3533 629 3612; x_wconf 89' lang='lat' dir='ltr'><strong>quarum</strong></span> <span class='ocrx_word' id='word_1_161' title='bbox 645 3511 767 3616; x_wconf 86' lang='lat' dir='ltr'><strong>copia</strong></span> <span class='ocrx_word' id='word_1_162' title='bbox 796 3511 876 3615; x_wconf 90' lang='lat' dir='ltr'><strong>ipsi</strong></span> <span class='ocrx_word' id='word_1_163' title='bbox 899 3513 1118 3615; x_wconf 84' lang='lat' dir='ltr'><strong>capitaneo</strong></span> <span class='ocrx_word' id='word_1_164' title='bbox 1146 3515 1274 3586; x_wconf 83' lang='lat' dir='ltr'><strong>trans·</strong></span> 
     </span>
     <span class='ocr_line' id='line_1_26' title="bbox 185 3627 1277 3732; baseline 0.001 -29"><span class='ocrx_word' id='word_1_165' title='bbox 185 3630 395 3720; x_wconf 86' lang='lat' dir='ltr'><strong>mittatur,</strong></span> <span class='ocrx_word' id='word_1_166' title='bbox 437 3629 539 3708; x_wconf 89' lang='lat' dir='ltr'><strong>dicti</strong></span> <span class='ocrx_word' id='word_1_167' title='bbox 566 3627 701 3710; x_wconf 86' lang='lat' dir='ltr'><strong>nostri</strong></span> <span class='ocrx_word' id='word_1_168' title='bbox 753 3633 946 3731; x_wconf 88' lang='lat' dir='ltr'><strong>nobiles,</strong></span> <span class='ocrx_word' id='word_1_169' title='bbox 976 3658 1061 3710; x_wconf 92' lang='lat' dir='ltr'><strong>non</strong></span> <span class='ocrx_word' id='word_1_170' title='bbox 1102 3633 1277 3732; x_wconf 87' lang='lat' dir='ltr'><strong>possent</strong></span> 
     </span>
     <span class='ocr_line' id='line_1_27' title="bbox 185 3749 1275 3855; baseline -0.001 -29"><span class='ocrx_word' id='word_1_171' title='bbox 185 3773 301 3827; x_wconf 87' lang='lat' dir='ltr'><strong>suam</strong></span> <span class='ocrx_word' id='word_1_172' title='bbox 331 3749 604 3835; x_wconf 87' lang='lat' dir='ltr'><strong>intentionem</strong></span> <span class='ocrx_word' id='word_1_173' title='bbox 636 3751 854 3839; x_wconf 85' lang='lat' dir='ltr'><strong>obtinere,</strong></span> <span class='ocrx_word' id='word_1_174' title='bbox 883 3759 981 3829; x_wconf 89' lang='lat' dir='ltr'><strong>tune</strong></span> <span class='ocrx_word' id='word_1_175' title='bbox 1008 3753 1098 3854; x_wconf 87' lang='lat' dir='ltr'><strong>ipse</strong></span> <span class='ocrx_word' id='word_1_176' title='bbox 1125 3751 1275 3855; x_wconf 80' lang='lat' dir='ltr'><strong>napita-</strong></span> 
     </span>
     <span class='ocr_line' id='line_1_28' title="bbox 184 3868 1274 3982; baseline -0.001 -33"><span class='ocrx_word' id='word_1_177' title='bbox 184 3893 288 3950; x_wconf 88' lang='lat' dir='ltr'><strong>neus</strong></span> <span class='ocrx_word' id='word_1_178' title='bbox 316 3871 424 3951; x_wconf 86' lang='lat' dir='ltr'><strong>laeta</strong></span> <span class='ocrx_word' id='word_1_179' title='bbox 451 3871 637 3972; x_wconf 82' lang='lat' dir='ltr'><strong>diligenti</strong></span> <span class='ocrx_word' id='word_1_180' title='bbox 659 3871 928 3974; x_wconf 86' lang='lat' dir='ltr'><strong>inquisitione</strong></span> <span class='ocrx_word' id='word_1_181' title='bbox 957 3877 999 3982; x_wconf 73' lang='lat' dir='ltr'><strong>et</strong></span> <span class='ocrx_word' id='word_1_182' title='bbox 1025 3868 1165 3949; x_wconf 87' lang='lat' dir='ltr'><strong>habita</strong></span> <span class='ocrx_word' id='word_1_183' title='bbox 1192 3871 1274 3975; x_wconf 86' lang='lat' dir='ltr'><strong>ple·</strong></span> 
     </span>
     <span class='ocr_line' id='line_1_29' title="bbox 185 3989 1276 4076; baseline -0.003 -6"><span class='ocrx_word' id='word_1_184' title='bbox 185 3993 300 4070; x_wconf 89' lang='lat' dir='ltr'><strong>naria</strong></span> <span class='ocrx_word' id='word_1_185' title='bbox 334 3991 631 4070; x_wconf 78' lang='lat' dir='ltr'><strong>informatione</strong></span> <span class='ocrx_word' id='word_1_186' title='bbox 659 3992 712 4070; x_wconf 92' lang='lat' dir='ltr'><strong>de</strong></span> <span class='ocrx_word' id='word_1_187' title='bbox 740 3993 826 4070; x_wconf 88' lang='lat' dir='ltr'><strong>b&#39;oc</strong></span> <span class='ocrx_word' id='word_1_188' title='bbox 853 3989 979 4076; x_wconf 85' lang='lat' dir='ltr'><strong>lacto,</strong></span> <span class='ocrx_word' id='word_1_189' title='bbox 1007 3991 1042 4068; x_wconf 90' lang='lat' dir='ltr'><strong>si</strong></span> <span class='ocrx_word' id='word_1_190' title='bbox 1067 3990 1276 4068; x_wconf 87' lang='lat' dir='ltr'><strong>invenerit</strong></span> 
     </span>
     <span class='ocr_line' id='line_1_30' title="bbox 184 4111 1277 4216; baseline -0.002 -24"><span class='ocrx_word' id='word_1_191' title='bbox 184 4115 239 4192; x_wconf 87' lang='lat' dir='ltr'><strong>ita</strong></span> <span class='ocrx_word' id='word_1_192' title='bbox 267 4138 360 4194; x_wconf 83' lang='lat' dir='ltr'><strong>esse</strong></span> <span class='ocrx_word' id='word_1_193' title='bbox 399 4121 527 4216; x_wconf 88' lang='lat' dir='ltr'><strong>prout</strong></span> <span class='ocrx_word' id='word_1_194' title='bbox 562 4118 754 4191; x_wconf 81' lang='lat' dir='ltr'><strong>asserunt</strong></span> <span class='ocrx_word' id='word_1_195' title='bbox 781 4111 880 4192; x_wconf 82' lang='lat' dir='ltr'><strong>dieti</strong></span> <span class='ocrx_word' id='word_1_196' title='bbox 919 4112 1053 4190; x_wconf 89' lang='lat' dir='ltr'><strong>nostri</strong></span> <span class='ocrx_word' id='word_1_197' title='bbox 1092 4113 1277 4204; x_wconf 77' lang='lat' dir='ltr'><strong>nobiles,¹</strong></span> 
     </span>
     <span class='ocr_line' id='line_1_31' title="bbox 186 4231 1273 4338; baseline -0.002 -24"><span class='ocrx_word' id='word_1_198' title='bbox 186 4243 393 4338; x_wconf 75' lang='lat' dir='ltr'><strong>procuret</strong></span> <span class='ocrx_word' id='word_1_199' title='bbox 419 4233 675 4332; x_wconf 82' lang='lat' dir='ltr'><strong>efficaciter,</strong></span> <span class='ocrx_word' id='word_1_200' title='bbox 705 4231 1006 4314; x_wconf 85' lang='lat' dir='ltr'><strong>relaxationem</strong></span> <span class='ocrx_word' id='word_1_201' title='bbox 1035 4237 1077 4311; x_wconf 88' lang='lat' dir='ltr'><strong>et</strong></span> <span class='ocrx_word' id='word_1_202' title='bbox 1102 4251 1273 4338; x_wconf 85' lang='lat' dir='ltr'><strong>recupe-</strong></span> 
     </span>
    </p>
   </div>
   <div class='ocr_carea' id='block_1_5' title="bbox 0 0 1610 5116">
    <p class='ocr_par' dir='ltr' id='par_1_5' title="bbox 0 0 1610 5116">
     <span class='ocr_line' id='line_1_32' title="bbox 0 0 1610 5116; baseline 0 0"><span class='ocrx_word' id='word_1_203' title='bbox 0 0 1610 5116; x_wconf 95' lang='lat' dir='ltr'><strong> </strong></span> 
     </span>
    </p>
   </div>
  </div>
 </body>
</html>
