3228 5108
1195 405 1259 486 nn

167 633 286 734 quod
300 655 377 736 per
402 631 560 713 dictum
587 629 769 718 narsem,
796 625 1078 708 observentur
1105 633 1147 705 et
1161 627 1259 708 itant

169 755 308 832 omniu
337 755 604 858 punctatiter,
630 777 739 855 quoe
756 753 897 830 fecere
928 759 1093 830 tenetur
1107 752 1258 850 vigore
1403 801 1408 814 ·

166 877 285 978 pacis
312 877 569 978 praedictae,
598 897 722 980 quam
754 895 900 976 pacem
918 872 1055 950 dictus
1082 897 1154 950 ser
1180 873 1256 950 Be·

167 995 363 1076 nedictus
389 995 430 1071 in
459 995 668 1098 publicam
698 995 874 1071 formem
902 1013 1033 1094 penes
1057 993 1258 1071 sehabet.

270 1149 324 1228 Et
352 1147 447 1252 quie
474 1151 585 1228 idem
627 1149 802 1227 Balsa
844 1147 1017 1227 muitum
1048 1155 1164 1252 optet
1190 1147 1260 1224 ha·

169 1275 274 1349 bere
316 1273 456 1349 locum
496 1271 787 1367 Antirnri,
828 1273 904 1350 sed
944 1270 985 1347 in
1013 1295 1119 1374 pace
1161 1268 1261 1350 nihii

170 1391 425 1484 continetur,
453 1389 566 1494 quod
594 1391 751 1470 dictum
781 1391 919 1470 iocum
948 1387 1108 1468 hebere
1137 1387 1259 1464 debe·

170 1517 232 1598 nt,
259 1510 294 1587 si
322 1509 457 1588 dictus
486 1509 608 1587 Balsa
637 1511 879 1612 requireret
907 1509 1046 1599 iilum,
1089 1529 1259 1610 respon·

170 1631 272 1708 dere
302 1631 466 1731 debeat,
497 1633 671 1736 quodsi
701 1632 834 1712 dictus
864 1631 986 1710 Betsu
1013 1627 1154 1706 veniet
1179 1629 1258 1704 Ve-

170 1752 331 1840 netias,
360 1777 444 1834 uon
473 1753 634 1832 dubitet
662 1757 778 1856 quod
808 1778 883 1858 per
911 1761 1102 1830 nostrum
1130 1747 1260 1826 domi·

171 1869 283 1949 nium
325 1872 405 1950 cibi
446 1873 613 1950 dabitur
655 1874 772 1949 iocus
815 1873 1082 1975 praedictus,
1135 1871 1262 1974 prout

20 2007 22 2022 ¹
170 1987 318 2073 eidem'
337 1993 533 2070 dixerunt
558 1993 806 2096 provisores
833 1993 981 2070 nostri.

20 2151 21 2166 ¹
117 2139 121 2142 ’
271 2143 1257 2232 §iverodictadominaitetenaetdo

20 2265 21 2328 ἴ
170 2270 305 2348 nrinus
333 2267 488 2346 tinisa
518 2295 603 2348 non
633 2279 756 2372 erunt
785 2269 975 2352 contenti
1007 2277 1120 2346 sture
1148 2267 1260 2344 dicte

20 2451 21 2496 ÷
168 2391 276 2492 paci,
302 2397 402 2466 tuno
430 2389 581 2466 debeat
609 2389 743 2471 dictus
771 2415 842 2470 ser
866 2389 1120 2470 Benedictus
1143 2383 1260 2468 'dicc-

20 2497 21 2568 ἶ
169 2535 230 2600 re,
256 2510 374 2613 ‚quod
403 2510 560 2587 nulium
589 2510 696 2590 atiud
725 2511 964 2593 mandatum
990 2507 1116 2588 habet
1144 2533 1261 2586 uno·

21 2685 23 2718 p
168 2628 244 2714 bis,
273 2627 354 2708 nisi
381 2627 563 2710 faciendi
592 2631 915 2724 etobserrnndi,
945 2630 1054 2734 sicut
1080 2625 1262 2726 indicto

167 2739 275 2850 pace
317 2749 584 2849 continetur,
630 2753 739 2830 etin
778 2752 859 2830 isto
888 2775 1014 2838 cusu,
1051 2754 1095 2824 ut
1123 2747 1259 2826 dictus

167 2867 291 2946 Balsa
333 2891 416 2980 non
471 2869 710 2950 destrueret
757 2878 1016 2952 contractem
1057 2875 1258 2968 nostram,

168 2991 218 3068 ad
248 2987 395 3066 damna
424 2990 685 3070 subditorum
714 3002 756 3069 et
783 2991 969 3076 fidetium
1002 2997 1259 3076 nostrorum.

22 3103 23 3139 ³
169 3108 375 3186 cumillis
405 3091 546 3188 verbis
575 3116 616 3189 et
644 3114 898 3200 rationibus,
937 3134 1042 3214 quae
1071 3131 1170 3188 sune
1198 3132 1259 3186 sn-

167 3227 347 3330 pientiue
390 3229 669 3324 videbuntur,
716 3241 924 3336 procuret
967 3237 1009 3310 et
1047 3229 1261 3318 sollicitet,

23 3395 25 3470 j
169 3351 281 3452 quod
310 3349 419 3426 inter
456 3357 599 3456 partes
627 3352 725 3431 fiunt
764 3351 1059 3442 sufferentiae,
1100 3351 1261 3441 dicens,

169 3471 283 3570 qnod
312 3471 468 3548 uultum
490 3471 601 3560 'atiud
643 3475 880 3552 mandatum
919 3471 1047 3550 babet
1074 3495 1097 3546 n
1125 3471 1260 3562 nobis,

170 3591 243 3667 sed
273 3588 387 3692 quod
423 3593 581 3672 scribet
608 3594 882 3672 intentionem
913 3593 1013 3672 dicti
1040 3591 1189 3668 Baisne
1218 3599 1261 3670 et

169 3711 313 3789 metris
341 3721 488 3793 nostro
506 3715 709 3804 dominio,
738 3724 781 3792 et
802 3700 1044 3816 expectabit
1071 3717 1261 3788 nostrum

171 3831 434 3918 mandatum,
472 3841 513 3910 et
540 3831 602 3912 sic
631 3834 772 3910 facere
813 3831 991 3920 debeat,
1031 3830 1259 3910 scribendo

168 3963 315 4056 presto
342 3953 483 4031 omnia
514 3979 592 4054 pro
623 3959 764 4032 nostre
793 3953 1104 4034 informatione.

269 4111 322 4190 Et
350 4113 446 4213 quia
472 4137 615 4190 sumus
643 4112 876 4200 informati,
906 4113 1018 4214 quod
1047 4108 1260 4209 Pnsnyt

172 4235 530 4336 capitaneus
572 4235 810 4324 'turchi
849 4235 918 4336 qui
948 4239 1134 4314 osteum
1163 4255 1260 4332 gen·

172 4357 281 4440 tibur
311 4357 397 4434 suis
426 4355 772 4460 inpartibus
809 4354 1057 4460 Scopiue,
1085 4355 1260 4436 multum

28 4661 31 4788 t
