3226 5112
1198 399 1265 472 ⁸19

167 599 288 680 illatis
330 625 408 705 per
445 601 724 681 comitem
762 603 1142 693 Moticonem,
1183 605 1263 686 sibi

167 722 435 825 porrigamus
464 723 632 800 favores
661 729 845 812 nostros,
875 727 1023 804 contra
1037 727 1172 827 ipsum
1189 751 1263 808 'co-

168 839 312 918 mitem
351 841 564 922 uiaticum.
617 840 738 939 Quod
767 843 1034 924 consideratu
1061 843 1263 947 singulari

171 961 467 1050 benivolentia,
495 983 619 1063 quom
646 960 851 1041 habemus
881 961 931 1040 ad
960 965 1097 1069 ipsum
1112 969 1263 1064 mogoi-

170 1079 294 1160 ficum
310 1081 539 1179 vcyvodom
555 1080 847 1186 Stephanum·
861 1081 1044 1164 libenter
1058 1087 1261 1168 vellemus

169 1224 293 1304 posse
320 1201 399 1280 sibi
426 1204 466 1280 in
495 1203 577 1282 hac
604 1227 680 1283 sua
709 1204 985 1305 requisitione
1000 1207 1262 1286 satisfacere.

169 1323 253 1402 Sed
281 1324 391 1403 sicut
418 1329 566 1402 notum
594 1331 680 1412 est,
709 1349 850 1436 sumus
877 1329 918 1406 in
948 1330 1139 1429 treuguis
1168 1351 1262 1408 cum

171 1467 393 1522 corona
421 1443 783 1542 Hungoriae‚
821 1456 863 1525 et
891 1446 985 1526 loco
1014 1470 1122 1549 quoe
1149 1451 1263 1530 tenet

168 1563 278 1642 idem
323 1589 520 1642 comes
549 1565 769 1644 Matico
816 1574 910 1644 sunt
938 1590 1125 1645 coronae
1153 1563 1261 1647 Hun-

168 1684 331 1784 gorioe3
358 1683 542 1787 ideoque
569 1687 685 1764 solvo
699 1685 865 1768 honore
889 1694 1051 1780 nostro,
1066 1709 1151 1763 non
1167 1709 1260 1784 pos·

169 1829 309 1882 semus
338 1807 610 1908 complacere
644 1806 759 1885 dicto
797 1805 1018 1905 magnifico
1046 1807 1262 1904 voyvodae

171 1925 412 2026 stephano,
455 1951 580 2029 quem
609 1949 805 2028 rogamus
832 1935 878 2006 ut
904 1953 981 2006 nos
1009 1927 1165 2004 merito
1195 1947 1263 2004 ex·

171 2054 338 2124 casatos
365 2047 523 2124 habere
551 2047 664 2127 velit.

250 2165 336 2252 *Ad
363 2167 686 2268 requisitionem
714 2191 832 2262 vcro,
859 2193 982 2272 quam
1011 2169 1171 2250 fuciunt
1191 2193 1262 2246 no·

171 2287 233 2366 bis
260 2289 311 2366 dc
329 2289 497 2366 civitate
513 2296 659 2368 nostra
689 2288 894 2368 Catari
931 2288 1123 2378 dicimus,
1150 2289 1262 2390 quod

171 2408 298 2486 etiam
326 2407 366 2485 in
395 2405 481 2485 hoc
510 2408 699 2486 contenti
727 2433 917 2488 essemus
936 2431 1065 2510 posse
1082 2407 1263 2510 complo-
1307 2405 1311 2412 ’

172 2553 273 2608 cero
304 2535 347 2608 et
374 2553 465 2608 rem
494 2537 655 2629 gratam
694 2531 870 2610 efficere
906 2531 1019 2608 dicto
1057 2529 1263 2628 magni·

171 2652 296 2732 fico
324 2653 625 2753 vayvodoc
655 2651 975 2755 Stephano,
999 2653 1264 2736 scdattento,

130 2857 136 2874 ⁸
171 2771 284 2878 quod
314 2771 479 2875 quondo
508 2775 732 2852 habuimus
761 2772 988 2851 dominium
1019 2771 1262 2874 ipsiuscivi-

170 2895 279 2980 taus,
307 2893 578 2998 promisimus
604 2894 686 2972 illis
715 2893 873 2974 civibus
901 2901 943 2972 et
965 2891 1141 2972 subditis
1169 2913 1261 2966 nos·

172 3015 259 3102 tris,
288 3014 402 3116 quod
429 3015 545 3092 nullo
573 3040 753 3116 unquam
780 3022 994 3115 tempore,
1024 3013 1141 3114 ipsos
1169 3009 1264 3086 olie-

172 3158 368 3213 naremus
408 3136 459 3212 ab
489 3133 677 3212 dominio
718 3140 762 3212 et
796 3132 1067 3238 protectione
1107 3135 1263 3214 nostra,
1369 3223 1376 3233 ἱ

172 3278 256 3332 non
283 3253 450 3332 videtur
477 3253 599 3333 nobis
626 3277 752 3356 posse
780 3253 1072 3332 contravenire
1101 3257 1144 3328 ct
1165 3271 1262 3328 con·

173 3373 384 3456 trofoc‘ere
411 3372 765 3477 promissionibus
786 3375 966 3464 nostris,
1001 3377 1043 3448 et
1064 3366 1261 3470 justifice-

173 3501 241 3571 tur
266 3494 351 3573 hcc
381 3519 475 3572 cum
511 3493 575 3570 his
603 3501 644 3574 et
670 3494 762 3572 aliis
790 3491 1097 3595 pertinentibus
1123 3487 1262 3566 verbis

173 3623 217 3693 ct
244 3611 487 3707 rationibus,
514 3614 622 3693 sicut
647 3614 796 3692 melius
824 3612 917 3692 fieri
944 3611 1115 3716 poterit.

275 3732 339 3816 Ad
367 3734 535 3812 tertium
563 3735 768 3837 perquod
796 3739 954 3836 petunt,
981 3739 1026 3812 ut
1049 3733 1260 3812 mittamus

131 3955 132 3960 Ν
172 3854 450 3935 omboxiotcm
477 3860 661 3932 nostram
689 3855 740 3933 od
773 3853 1078 3942 Teucrum,
1118 3848 1170 3930 od
1199 3871 1258 3926 ro·

174 3972 507 4057 comendandum
523 3972 659 4076 ipsum
687 3997 727 4050 m
743 3997 766 4050 n
780 3995 806 4072 g
821 3999 847 4051 n
862 3997 888 4049 u
904 3997 945 4050 m
972 3997 997 4047 v
1008 3997 1030 4049 c
1039 3995 1097 4070 yn
1111 3997 1136 4050 o
1149 3970 1259 4049 dom

174 4097 559 4200 Stephanum
599 4093 926 4200 respondemus:
968 4093 1081 4194 quod
1121 4093 1158 4170 si
1188 4116 1256 4170 oc·

175 4225 317 4297 curret
357 4216 469 4320 quod
509 4217 675 4298 mittere
711 4215 940 4294 habeamus
978 4213 1257 4294 embasiotam
