3220 5118
200 493 242 578 ni
268 521 293 580 e
321 497 598 598 uinquezeoto
625 495 677 575 de
706 493 862 584 denari,
890 495 1001 577 chon
1028 497 1041 574 i
1071 499 1166 600 quai
1194 523 1288 602 poa·

164 639 320 721 'samo-
344 617 601 698 contaminar
629 618 666 696 la
695 626 816 696 zente
844 619 896 694 de
937 619 1134 710 Balsa,
1176 645 1199 696 e
1228 645 1289 698 re

199 736 308 816 durii
335 744 448 818 sotto
479 735 718 818 obedientia
747 735 799 813 de
827 737 865 818 la
892 745 1032 816 vostra
1061 739 1184 839 dogoi
1211 740 1288 840 sig·

199 860 330 950 uaria,
354 858 436 940 *obe
464 883 660 962 speremo
690 859 729 936 in
759 858 829 936 dio
858 859 938 936 ein
967 861 1004 938 ia
1034 869 1207 940 ventura
1235 861 1288 938 de

198 977 392 1060 iavostra
418 979 614 1078 signorm,
630 978 711 1057 ohe
726 978 815 1081 plui
842 980 955 1057 uteie
984 979 1146 1058 faremo
1175 981 1287 1060 obon
1411 1055 1412 1064 a

195 1100 333 1200 questi
360 1099 472 1180 mille
500 1098 668 1195 ducati,
697 1098 777 1178 ohe
807 1099 917 1177 obon
947 1108 1036 1178 otto
1078 1101 1205 1180 millia
1245 1100 1290 1180 io

197 1225 320 1297 zente
348 1221 384 1296 d’
412 1217 1040 1323 armelieapondemus:
1084 1221 1196 1323 quod
1223 1246 1285 1304 su·

197 1365 294 1424 mus
323 1341 514 1422 contenti
541 1341 709 1420 mittere
736 1329 873 1420 di'ctos
905 1343 1082 1420 ducatos
1108 1343 1219 1419 mille
1247 1344 1286 1419 in

196 1462 381 1542 donariis
410 1467 454 1540 et
482 1461 626 1564 pannis
653 1469 779 1562 prout
805 1469 971 1564 petunt,
1001 1461 1074 1542 aed
1102 1488 1186 1542 nou
1216 1487 1288 1545 ex·

196 1581 334 1684 pedit,
376 1583 488 1684 quod
518 1584 573 1661 ob
602 1584 712 1667 bano
739 1604 905 1661 oausam
946 1587 1165 1664 morentur
1205 1584 1287 1660 hie,
1444 1689 1450 1698 ¹

193 1701 267 1786 aed
296 1699 551 1802 possuntire
569 1703 610 1778 in
627 1703 737 1780 bona
765 1703 910 1800 gratia,
940 1705 1036 1802 quia
1064 1709 1159 1778 ante
1176 1726 1283 1783 corn·

194 1820 449 1920 plemeutum
479 1829 747 1919 treuguarum
790 1820 1134 1925 providebimus,
1174 1821 1286 1922 quod

193 1940 391 2022 denarios
430 1940 672 2044 praedictos
715 1949 756 2022 et
794 1965 955 2045 pannos
996 1940 1207 2020 habebunt
1233 1942 1284 2018 in

193 2059 441 2157 Cataro,
484 2064 580 2162 quia
606 2061 781 2143 intentio
809 2071 954 2141 nostra
984 2071 1067 2152 est,
1108 2063 1286 2164 quodsi

191 2180 501 2262 remanebimus
527 2181 567 2260 in
590 2207 742 2283 guerra
770 2207 865 2262 oum
894 2181 1013 2262 dictis
1039 2180 1217 2262 Balsa
1244 2191 1287 2260 et
1322 2271 1324 2276 ,

191 2303 291 2381 Sto
307 2302 328 2378 f
337 2327 360 2380 a
374 2329 400 2382 n
417 2327 458 2392 o,
486 2303 712 2408 eompletis
738 2301 925 2401 treuguis
951 2302 1048 2382 dicii
1064 2303 1227 2383 denarii
1244 2293 1289 2380 et

190 2422 313 2526 panni
341 2421 645 2526 expendantur,
674 2431 717 2501 et
744 2422 869 2500 aliter
897 2447 995 2502 nou.

292 2539 353 2621 Ad
383 2569 409 2619 n
430 2567 596 2620 onum
624 2543 745 2620 huius
773 2541 950 2620 tenoris:
981 2541 1284 2646 luppliohemo
1361 2597 1365 2610 ·

190 2663 231 2742 la
253 2671 405 2744 ‘vostra
443 2663 599 2761 gratia,
639 2661 734 2742 obel
761 2685 814 2740 ve
841 2661 959 2764 piaza
997 2666 1163 2740 scriver
1203 2687 1281 2740 una

189 2780 671 2880 letteraavaivoda
711 2780 1046 2860 Radoslavo
1086 2781 1284 2862 Paulo·

186 2927 213 2982 v
230 2903 243 2984 i
260 2901 326 2989 ab
356 2903 617 2991 amioabele,
656 2926 734 3005 per
761 2902 801 2980 lo
829 2901 1006 2988 muodo,
1048 2902 1129 2982 obe
1155 2926 1230 3002 par
1258 2928 1281 2982 a

193 3021 229 3099 ia
255 3026 399 3102 vostra
429 3021 575 3122 gralia,
604 3044 682 3124 per
710 3020 788 3102 ohe
819 3027 976 3100 mostra
1005 3039 1121 3097 esser
1148 3023 1283 3120 amigo
1376 3023 1379 3034 '

193 3167 218 3220 e
245 3141 297 3223 de
325 3141 572 3220 confinador
612 3149 773 3220 nostro.
827 3139 1017 3242 Respo
1035 3163 1059 3216 n
1077 3140 1100 3216 d
1118 3165 1141 3217 e
1158 3163 1197 3220 m
1212 3167 1239 3220 u
1253 3168 1286 3244 a,

193 3263 306 3364 quod
334 3261 448 3344 iuxta
476 3258 790 3360 requisitionem
805 3283 919 3338 suam
948 3260 1185 3341 scribemus
1200 3260 1281 3338 dic·

192 3393 237 3463 to
264 3381 463 3460 vaivodae
492 3379 803 3466 Rodislao.
845 3383 885 3458 in
915 3378 1051 3458 forma
1078 3378 1284 3460 amicabili

192 3508 238 3582 et
261 3502 503 3588 sufficienti.

294 3621 357 3702 Ad
399 3621 682 3703 decimum
721 3622 965 3701 continens:
1009 3618 1283 3724 Supiiohemo

192 3749 231 3828 ia
257 3749 398 3820 vostra
426 3743 570 3840 gratia,
598 3741 678 3819 ohe
705 3741 809 3820 avui
835 3741 954 3844 plaza
983 3738 1279 3834 conciederne,

192 3869 329 3944 atrar
356 3861 409 3941 de
436 3862 476 3938 le
503 3866 647 3938 vostre
674 3859 923 3938 flumere
957 3859 1022 3938 de
1051 3859 1282 3942 Albania

191 3982 339 4082 alguna
367 3980 608 4083 quantitade
638 3982 690 4057 de
732 3980 898 4059 blava
939 3981 976 4055 oi
1005 4004 1135 4070 anuo,
1163 3989 1280 4063 tanto

180 4108 348 4207 ouante
374 4103 494 4207 pime
522 4127 545 4186 a
573 4103 612 4180 ia
637 4109 778 4186 voatra
813 4101 945 4200 gratia
960 4159 977 4190 „
1010 4125 1089 4204 per
1115 4126 1199 4180 uxo
1229 4105 1281 4178 de
