<?xml version="1.0" encoding="UTF-8"?>
<!DOCTYPE html PUBLIC "-//W3C//DTD XHTML 1.0 Transitional//EN"
    "http://www.w3.org/TR/xhtml1/DTD/xhtml1-transitional.dtd">
<html xmlns="http://www.w3.org/1999/xhtml" xml:lang="en" lang="en">
 <head>
  <title>
</title>
<meta http-equiv="Content-Type" content="text/html;charset=utf-8" />
  <meta name='ocr-system' content='tesseract 3.04.00' />
  <meta name='ocr-capabilities' content='ocr_page ocr_carea ocr_par ocr_line ocrx_word'/>
</head>
<body>
  <div class='ocr_page' id='page_1' title='image "./actaarchivivene00sergoog_0286.png"; bbox 0 0 3236 5108; ppageno 0'>
   <div class='ocr_carea' id='block_1_1' title="bbox 295 620 1454 3490">
    <p class='ocr_par' dir='ltr' id='par_1_1' title="bbox 295 620 1454 3490">
     <span class='ocr_line' id='line_1_1' title="bbox 359 620 1448 728; baseline 0.004 -30"><span class='ocrx_word' id='word_1_1' title='bbox 359 629 546 703; x_wconf 75' lang='lat' dir='ltr'><strong>noenum</strong></span> <span class='ocrx_word' id='word_1_2' title='bbox 576 623 785 702; x_wconf 82' lang='lat' dir='ltr'><strong>eumenis</strong></span> <span class='ocrx_word' id='word_1_3' title='bbox 814 620 910 702; x_wconf 89' lang='lat' dir='ltr'><strong>flliis</strong></span> <span class='ocrx_word' id='word_1_4' title='bbox 933 629 978 700; x_wconf 87' lang='lat' dir='ltr'><strong>et</strong></span> <span class='ocrx_word' id='word_1_5' title='bbox 1007 621 1258 720; x_wconf 74' lang='lat' dir='ltr'>heredibus,</span> <span class='ocrx_word' id='word_1_6' title='bbox 1300 647 1448 728; x_wconf 85' lang='lat' dir='ltr'><strong>perpe·</strong></span> 
     </span>
     <span class='ocr_line' id='line_1_2' title="bbox 358 741 1453 850; baseline 0 -26"><span class='ocrx_word' id='word_1_7' title='bbox 358 753 430 824; x_wconf 89' lang='lat' dir='ltr'><strong>tuo</strong></span> <span class='ocrx_word' id='word_1_8' title='bbox 460 745 698 850; x_wconf 78' lang='lat' dir='ltr'><strong>recepimus</strong></span> <span class='ocrx_word' id='word_1_9' title='bbox 732 749 857 846; x_wconf 85' lang='lat' dir='ltr'><strong>atque</strong></span> <span class='ocrx_word' id='word_1_10' title='bbox 900 741 1138 845; x_wconf 81' lang='lat' dir='ltr'><strong>recipimus,</strong></span> <span class='ocrx_word' id='word_1_11' title='bbox 1180 751 1236 822; x_wconf 89' lang='lat' dir='ltr'><strong>et</strong></span> <span class='ocrx_word' id='word_1_12' title='bbox 1276 745 1453 824; x_wconf 87' lang='lat' dir='ltr'><strong>Vene-</strong></span> 
     </span>
     <span class='ocr_line' id='line_1_3' title="bbox 359 863 1452 946; baseline 0 -4"><span class='ocrx_word' id='word_1_13' title='bbox 359 872 468 942; x_wconf 87' lang='lat' dir='ltr'><strong>tum</strong></span> <span class='ocrx_word' id='word_1_14' title='bbox 494 871 540 942; x_wconf 83' lang='lat' dir='ltr'><strong>et</strong></span> <span class='ocrx_word' id='word_1_15' title='bbox 565 867 703 946; x_wconf 78' lang='lat' dir='ltr'><strong>civem</strong></span> <span class='ocrx_word' id='word_1_16' title='bbox 732 869 921 941; x_wconf 85' lang='lat' dir='ltr'><strong>nostrum</strong></span> <span class='ocrx_word' id='word_1_17' title='bbox 951 887 1044 940; x_wconf 87' lang='lat' dir='ltr'><strong>eum</strong></span> <span class='ocrx_word' id='word_1_18' title='bbox 1072 863 1157 940; x_wconf 85' lang='lat' dir='ltr'><strong>suls</strong></span> <span class='ocrx_word' id='word_1_19' title='bbox 1185 863 1286 943; x_wconf 82' lang='lat' dir='ltr'><strong>tiliis</strong></span> <span class='ocrx_word' id='word_1_20' title='bbox 1314 877 1355 945; x_wconf 86' lang='lat' dir='ltr'><strong>et</strong></span> <span class='ocrx_word' id='word_1_21' title='bbox 1382 864 1452 942; x_wconf 91' lang='lat' dir='ltr'><strong>be·</strong></span> 
     </span>
     <span class='ocr_line' id='line_1_4' title="bbox 358 984 1451 1088; baseline 0.004 -26"><span class='ocrx_word' id='word_1_22' title='bbox 358 985 528 1068; x_wconf 83' lang='lat' dir='ltr'><strong>redibas</strong></span> <span class='ocrx_word' id='word_1_23' title='bbox 556 985 733 1066; x_wconf 81' lang='lat' dir='ltr'>fecimus</span> <span class='ocrx_word' id='word_1_24' title='bbox 760 989 802 1064; x_wconf 92' lang='lat' dir='ltr'><strong>et</strong></span> <span class='ocrx_word' id='word_1_25' title='bbox 830 984 1016 1073; x_wconf 83' lang='lat' dir='ltr'><strong>iacimus,</strong></span> <span class='ocrx_word' id='word_1_26' title='bbox 1044 993 1086 1064; x_wconf 89' lang='lat' dir='ltr'><strong>et</strong></span> <span class='ocrx_word' id='word_1_27' title='bbox 1113 1010 1192 1088; x_wconf 93' lang='lat' dir='ltr'><strong>pro</strong></span> <span class='ocrx_word' id='word_1_28' title='bbox 1220 989 1389 1066; x_wconf 89' lang='lat' dir='ltr'><strong>Veneto</strong></span> <span class='ocrx_word' id='word_1_29' title='bbox 1407 993 1451 1066; x_wconf 89' lang='lat' dir='ltr'><strong>et</strong></span> 
     </span>
     <span class='ocr_line' id='line_1_5' title="bbox 360 1105 1447 1188; baseline -0.004 0"><span class='ocrx_word' id='word_1_30' title='bbox 360 1109 452 1188; x_wconf 75' lang='lat' dir='ltr'><strong>eive</strong></span> <span class='ocrx_word' id='word_1_31' title='bbox 492 1113 639 1184; x_wconf 87' lang='lat' dir='ltr'><strong>nostro</strong></span> <span class='ocrx_word' id='word_1_32' title='bbox 695 1129 788 1184; x_wconf 83' lang='lat' dir='ltr'><strong>oum</strong></span> <span class='ocrx_word' id='word_1_33' title='bbox 816 1105 901 1184; x_wconf 88' lang='lat' dir='ltr'><strong>suis</strong></span> <span class='ocrx_word' id='word_1_34' title='bbox 953 1105 1048 1184; x_wconf 87' lang='lat' dir='ltr'><strong>liliis</strong></span> <span class='ocrx_word' id='word_1_35' title='bbox 1074 1111 1118 1182; x_wconf 90' lang='lat' dir='ltr'><strong>et</strong></span> <span class='ocrx_word' id='word_1_36' title='bbox 1143 1107 1375 1184; x_wconf 79' lang='lat' dir='ltr'>heredibus</span> <span class='ocrx_word' id='word_1_37' title='bbox 1405 1110 1447 1186; x_wconf 91' lang='lat' dir='ltr'><strong>in</strong></span> 
     </span>
     <span class='ocr_line' id='line_1_6' title="bbox 358 1222 1449 1328; baseline -0.005 -24"><span class='ocrx_word' id='word_1_38' title='bbox 358 1225 548 1304; x_wconf 89' lang='lat' dir='ltr'><strong>Venetiis</strong></span> <span class='ocrx_word' id='word_1_39' title='bbox 574 1231 619 1302; x_wconf 87' lang='lat' dir='ltr'><strong>et</strong></span> <span class='ocrx_word' id='word_1_40' title='bbox 646 1222 740 1302; x_wconf 86' lang='lat' dir='ltr'><strong>alibi</strong></span> <span class='ocrx_word' id='word_1_41' title='bbox 774 1224 975 1328; x_wconf 82' lang='lat' dir='ltr'>deinceps</span> <span class='ocrx_word' id='word_1_42' title='bbox 1001 1222 1148 1302; x_wconf 87' lang='lat' dir='ltr'><strong>haberi</strong></span> <span class='ocrx_word' id='word_1_43' title='bbox 1177 1231 1219 1302; x_wconf 90' lang='lat' dir='ltr'><strong>et</strong></span> <span class='ocrx_word' id='word_1_44' title='bbox 1245 1249 1449 1325; x_wconf 77' lang='lat' dir='ltr'><strong>procura-</strong></span> 
     </span>
     <span class='ocr_line' id='line_1_7' title="bbox 360 1344 1451 1448; baseline 0.003 -29"><span class='ocrx_word' id='word_1_45' title='bbox 360 1347 395 1426; x_wconf 92' lang='lat' dir='ltr'><strong>ri</strong></span> <span class='ocrx_word' id='word_1_46' title='bbox 423 1347 536 1424; x_wconf 90' lang='lat' dir='ltr'><strong>omni</strong></span> <span class='ocrx_word' id='word_1_47' title='bbox 588 1345 745 1424; x_wconf 76' lang='lat' dir='ltr'><strong>effectu</strong></span> <span class='ocrx_word' id='word_1_48' title='bbox 775 1352 818 1424; x_wconf 91' lang='lat' dir='ltr'><strong>et</strong></span> <span class='ocrx_word' id='word_1_49' title='bbox 868 1344 1131 1448; x_wconf 88' lang='lat' dir='ltr'><strong>plenitudine</strong></span> <span class='ocrx_word' id='word_1_50' title='bbox 1185 1347 1379 1424; x_wconf 87' lang='lat' dir='ltr'><strong>volumus</strong></span> <span class='ocrx_word' id='word_1_51' title='bbox 1407 1352 1451 1426; x_wconf 85' lang='lat' dir='ltr'><strong>et</strong></span> 
     </span>
     <span class='ocr_line' id='line_1_8' title="bbox 360 1461 1449 1568; baseline -0.003 -23"><span class='ocrx_word' id='word_1_52' title='bbox 360 1466 542 1554; x_wconf 82' lang='lat' dir='ltr'><strong>tractari,</strong></span> <span class='ocrx_word' id='word_1_53' title='bbox 570 1466 704 1568; x_wconf 88' lang='lat' dir='ltr'><strong>ipsum</strong></span> <span class='ocrx_word' id='word_1_54' title='bbox 720 1465 887 1543; x_wconf 83' lang='lat' dir='ltr'><strong>sineere</strong></span> <span class='ocrx_word' id='word_1_55' title='bbox 916 1461 1236 1544; x_wconf 86' lang='lat' dir='ltr'><strong>benevolentiae</strong></span> <span class='ocrx_word' id='word_1_56' title='bbox 1261 1465 1449 1546; x_wconf 83' lang='lat' dir='ltr'><strong>brachiis</strong></span> 
     </span>
     <span class='ocr_line' id='line_1_9' title="bbox 359 1585 1454 1706; baseline 0 -42"><span class='ocrx_word' id='word_1_57' title='bbox 359 1587 645 1690; x_wconf 77' lang='lat' dir='ltr'><strong>amplexantes</strong></span> <span class='ocrx_word' id='word_1_58' title='bbox 672 1593 714 1662; x_wconf 93' lang='lat' dir='ltr'><strong>et</strong></span> <span class='ocrx_word' id='word_1_59' title='bbox 741 1585 922 1664; x_wconf 86' lang='lat' dir='ltr'><strong>firmiter</strong></span> <span class='ocrx_word' id='word_1_60' title='bbox 948 1589 1197 1684; x_wconf 81' lang='lat' dir='ltr'><strong>statuentes,</strong></span> <span class='ocrx_word' id='word_1_61' title='bbox 1227 1586 1340 1688; x_wconf 91' lang='lat' dir='ltr'><strong>quod</strong></span> <span class='ocrx_word' id='word_1_62' title='bbox 1368 1587 1454 1706; x_wconf 54' lang='lat' dir='ltr'><strong>sini</strong></span> 
     </span>
     <span class='ocr_line' id='line_1_10' title="bbox 359 1705 1448 1807; baseline 0.001 -23"><span class='ocrx_word' id='word_1_63' title='bbox 359 1707 467 1807; x_wconf 84' lang='lat' dir='ltr'><strong>gulis</strong></span> <span class='ocrx_word' id='word_1_64' title='bbox 494 1705 767 1796; x_wconf 75' lang='lat' dir='ltr'><strong>libertatibus,</strong></span> <span class='ocrx_word' id='word_1_65' title='bbox 796 1705 1020 1785; x_wconf 73' lang='lat' dir='ltr'><strong>benefieiis</strong></span> <span class='ocrx_word' id='word_1_66' title='bbox 1048 1705 1377 1786; x_wconf 85' lang='lat' dir='ltr'><strong>immunitatibus</strong></span> <span class='ocrx_word' id='word_1_67' title='bbox 1406 1715 1448 1786; x_wconf 93' lang='lat' dir='ltr'><strong>et</strong></span> 
     </span>
     <span class='ocr_line' id='line_1_11' title="bbox 358 1825 1446 1930; baseline -0.002 -24"><span class='ocrx_word' id='word_1_68' title='bbox 358 1825 591 1906; x_wconf 87' lang='lat' dir='ltr'><strong>bonoribus</strong></span> <span class='ocrx_word' id='word_1_69' title='bbox 620 1827 963 1930; x_wconf 78' lang='lat' dir='ltr'><strong>quibuscunque,</strong></span> <span class='ocrx_word' id='word_1_70' title='bbox 991 1825 1141 1930; x_wconf 85' lang='lat' dir='ltr'><strong>quibus</strong></span> <span class='ocrx_word' id='word_1_71' title='bbox 1169 1827 1238 1906; x_wconf 90' lang='lat' dir='ltr'><strong>alii</strong></span> <span class='ocrx_word' id='word_1_72' title='bbox 1265 1827 1446 1907; x_wconf 85' lang='lat' dir='ltr'><strong>honora·</strong></span> 
     </span>
     <span class='ocr_line' id='line_1_12' title="bbox 356 1946 1447 2052; baseline 0 -28"><span class='ocrx_word' id='word_1_73' title='bbox 356 1946 462 2028; x_wconf 85' lang='lat' dir='ltr'><strong>biles</strong></span> <span class='ocrx_word' id='word_1_74' title='bbox 488 1949 644 2028; x_wconf 88' lang='lat' dir='ltr'><strong>Veneti</strong></span> <span class='ocrx_word' id='word_1_75' title='bbox 671 1955 714 2026; x_wconf 89' lang='lat' dir='ltr'><strong>et</strong></span> <span class='ocrx_word' id='word_1_76' title='bbox 740 1947 855 2026; x_wconf 84' lang='lat' dir='ltr'><strong>eires</strong></span> <span class='ocrx_word' id='word_1_77' title='bbox 897 1949 1029 2026; x_wconf 87' lang='lat' dir='ltr'><strong>nostri</strong></span> <span class='ocrx_word' id='word_1_78' title='bbox 1071 1950 1257 2048; x_wconf 81' lang='lat' dir='ltr'><strong>gaudent</strong></span> <span class='ocrx_word' id='word_1_79' title='bbox 1282 1957 1328 2028; x_wconf 87' lang='lat' dir='ltr'><strong>et</strong></span> <span class='ocrx_word' id='word_1_80' title='bbox 1353 1971 1447 2052; x_wconf 88' lang='lat' dir='ltr'><strong>per-</strong></span> 
     </span>
     <span class='ocr_line' id='line_1_13' title="bbox 357 2064 1447 2168; baseline 0.002 -26"><span class='ocrx_word' id='word_1_81' title='bbox 357 2066 439 2146; x_wconf 81' lang='lat' dir='ltr'><strong>frui</strong></span> <span class='ocrx_word' id='word_1_82' title='bbox 465 2066 781 2166; x_wconf 77' lang='lat' dir='ltr'><strong>dignoscuntur,</strong></span> <span class='ocrx_word' id='word_1_83' title='bbox 796 2064 981 2168; x_wconf 84' lang='lat' dir='ltr'><strong>prelatus</strong></span> <span class='ocrx_word' id='word_1_84' title='bbox 1008 2067 1252 2168; x_wconf 80' lang='lat' dir='ltr'><strong>magnificus</strong></span> <span class='ocrx_word' id='word_1_85' title='bbox 1279 2071 1307 2146; x_wconf 96' lang='lat' dir='ltr'><strong>d</strong></span> <span class='ocrx_word' id='word_1_86' title='bbox 1322 2093 1348 2146; x_wconf 95' lang='lat' dir='ltr'><strong>o</strong></span> <span class='ocrx_word' id='word_1_87' title='bbox 1364 2093 1405 2146; x_wconf 91' lang='lat' dir='ltr'><strong>m</strong></span> <span class='ocrx_word' id='word_1_88' title='bbox 1420 2067 1447 2144; x_wconf 91' lang='lat' dir='ltr'><strong>i·</strong></span> 
     </span>
     <span class='ocr_line' id='line_1_14' title="bbox 357 2178 1446 2287; baseline -0.001 -22"><span class='ocrx_word' id='word_1_89' title='bbox 357 2213 383 2265; x_wconf 95' lang='lat' dir='ltr'><strong>n</strong></span> <span class='ocrx_word' id='word_1_90' title='bbox 398 2212 459 2264; x_wconf 86' lang='lat' dir='ltr'><strong>us</strong></span> <span class='ocrx_word' id='word_1_91' title='bbox 486 2183 560 2263; x_wconf 80' lang='lat' dir='ltr'><strong>oe</strong></span> <span class='ocrx_word' id='word_1_92' title='bbox 575 2209 601 2262; x_wconf 89' lang='lat' dir='ltr'><strong>o</strong></span> <span class='ocrx_word' id='word_1_93' title='bbox 619 2185 797 2286; x_wconf 85' lang='lat' dir='ltr'><strong>rgias,</strong></span> <span class='ocrx_word' id='word_1_94' title='bbox 825 2187 1005 2287; x_wconf 81' lang='lat' dir='ltr'><strong>ejusque</strong></span> <span class='ocrx_word' id='word_1_95' title='bbox 1032 2183 1104 2264; x_wconf 84' lang='lat' dir='ltr'><strong>tilii</strong></span> <span class='ocrx_word' id='word_1_96' title='bbox 1131 2195 1174 2266; x_wconf 90' lang='lat' dir='ltr'><strong>et</strong></span> <span class='ocrx_word' id='word_1_97' title='bbox 1201 2178 1383 2266; x_wconf 82' lang='lat' dir='ltr'><strong>heredes</strong></span> <span class='ocrx_word' id='word_1_98' title='bbox 1403 2187 1446 2266; x_wconf 92' lang='lat' dir='ltr'><strong>in</strong></span> 
     </span>
     <span class='ocr_line' id='line_1_15' title="bbox 356 2303 1447 2407; baseline 0.002 -25"><span class='ocrx_word' id='word_1_99' title='bbox 356 2303 544 2388; x_wconf 87' lang='lat' dir='ltr'><strong>Venetiis</strong></span> <span class='ocrx_word' id='word_1_100' title='bbox 572 2311 615 2382; x_wconf 89' lang='lat' dir='ltr'><strong>et</strong></span> <span class='ocrx_word' id='word_1_101' title='bbox 626 2313 764 2401; x_wconf 82' lang='lat' dir='ltr'><strong>extra,</strong></span> <span class='ocrx_word' id='word_1_102' title='bbox 793 2311 1001 2407; x_wconf 88' lang='lat' dir='ltr'><strong>perpetuo</strong></span> <span class='ocrx_word' id='word_1_103' title='bbox 1030 2306 1236 2402; x_wconf 76' lang='lat' dir='ltr'><strong>gaudeant</strong></span> <span class='ocrx_word' id='word_1_104' title='bbox 1262 2315 1306 2384; x_wconf 87' lang='lat' dir='ltr'><strong>et</strong></span> <span class='ocrx_word' id='word_1_105' title='bbox 1333 2311 1447 2384; x_wconf 75' lang='lat' dir='ltr'><strong>utan-</strong></span> 
     </span>
     <span class='ocr_line' id='line_1_16' title="bbox 357 2422 1448 2527; baseline 0 -25"><span class='ocrx_word' id='word_1_106' title='bbox 357 2431 449 2516; x_wconf 78' lang='lat' dir='ltr'><strong>tur,</strong></span> <span class='ocrx_word' id='word_1_107' title='bbox 485 2423 682 2526; x_wconf 85' lang='lat' dir='ltr'><strong>idemque</strong></span> <span class='ocrx_word' id='word_1_108' title='bbox 721 2423 992 2502; x_wconf 90' lang='lat' dir='ltr'><strong>dominus</strong></span> <span class='ocrx_word' id='word_1_109' title='bbox 1033 2422 1326 2522; x_wconf 78' lang='lat' dir='ltr'><strong>Georgius</strong></span> <span class='ocrx_word' id='word_1_110' title='bbox 1366 2445 1448 2527; x_wconf 90' lang='lat' dir='ltr'><strong>per</strong></span> 
     </span>
     <span class='ocr_line' id='line_1_17' title="bbox 355 2545 1448 2648; baseline 0.004 -28"><span class='ocrx_word' id='word_1_111' title='bbox 355 2568 476 2624; x_wconf 89' lang='lat' dir='ltr'><strong>suum</strong></span> <span class='ocrx_word' id='word_1_112' title='bbox 515 2552 839 2648; x_wconf 80' lang='lat' dir='ltr'><strong>procuratorem</strong></span> <span class='ocrx_word' id='word_1_113' title='bbox 880 2545 1123 2642; x_wconf 81' lang='lat' dir='ltr'><strong>legitimum,</strong></span> <span class='ocrx_word' id='word_1_114' title='bbox 1162 2547 1288 2624; x_wconf 88' lang='lat' dir='ltr'><strong>nobis</strong></span> <span class='ocrx_word' id='word_1_115' title='bbox 1315 2545 1448 2624; x_wconf 86' lang='lat' dir='ltr'><strong>tideli-</strong></span> 
     </span>
     <span class='ocr_line' id='line_1_18' title="bbox 339 2665 1445 2770; baseline 0 -26"><span class='ocrx_word' id='word_1_116' title='bbox 339 2666 451 2746; x_wconf 80' lang='lat' dir='ltr'><strong>tatis</strong></span> <span class='ocrx_word' id='word_1_117' title='bbox 479 2668 665 2770; x_wconf 80' lang='lat' dir='ltr'><strong>prestitit</strong></span> <span class='ocrx_word' id='word_1_118' title='bbox 693 2665 882 2744; x_wconf 87' lang='lat' dir='ltr'><strong>debitum</strong></span> <span class='ocrx_word' id='word_1_119' title='bbox 917 2667 1201 2764; x_wconf 86' lang='lat' dir='ltr'><strong>juramentum</strong></span> <span class='ocrx_word' id='word_1_120' title='bbox 1217 2694 1228 2755; x_wconf 89' lang='lat'>;</span> <span class='ocrx_word' id='word_1_121' title='bbox 1257 2667 1296 2745; x_wconf 92' lang='lat' dir='ltr'><strong>in</strong></span> <span class='ocrx_word' id='word_1_122' title='bbox 1326 2669 1445 2766; x_wconf 83' lang='lat' dir='ltr'><strong>eujus</strong></span> 
     </span>
     <span class='ocr_line' id='line_1_19' title="bbox 357 2787 1447 2890; baseline 0.003 -26"><span class='ocrx_word' id='word_1_123' title='bbox 357 2788 421 2866; x_wconf 92' lang='lat' dir='ltr'><strong>rei</strong></span> <span class='ocrx_word' id='word_1_124' title='bbox 447 2789 577 2868; x_wconf 87' lang='lat' dir='ltr'><strong>fidem</strong></span> <span class='ocrx_word' id='word_1_125' title='bbox 606 2796 649 2866; x_wconf 90' lang='lat' dir='ltr'><strong>et</strong></span> <span class='ocrx_word' id='word_1_126' title='bbox 676 2787 927 2866; x_wconf 81' lang='lat' dir='ltr'><strong>evidentiam</strong></span> <span class='ocrx_word' id='word_1_127' title='bbox 981 2787 1217 2890; x_wconf 85' lang='lat' dir='ltr'><strong>pleniorem</strong></span> <span class='ocrx_word' id='word_1_128' title='bbox 1271 2811 1447 2890; x_wconf 88' lang='lat' dir='ltr'><strong>presens</strong></span> 
     </span>
     <span class='ocr_line' id='line_1_20' title="bbox 295 2907 1445 3012; baseline 0 -26"><span class='ocrx_word' id='word_1_129' title='bbox 295 2939 299 2956; x_wconf 58' lang='lat'><em>¹</em></span> <span class='ocrx_word' id='word_1_130' title='bbox 355 2908 620 3012; x_wconf 82' lang='lat' dir='ltr'><strong>privilegium</strong></span> <span class='ocrx_word' id='word_1_131' title='bbox 647 2908 746 2986; x_wconf 87' lang='lat' dir='ltr'><strong>iieri</strong></span> <span class='ocrx_word' id='word_1_132' title='bbox 767 2908 966 3006; x_wconf 87' lang='lat' dir='ltr'><strong>jussimus</strong></span> <span class='ocrx_word' id='word_1_133' title='bbox 995 2915 1037 2986; x_wconf 89' lang='lat' dir='ltr'><strong>et</strong></span> <span class='ocrx_word' id='word_1_134' title='bbox 1065 2907 1177 2986; x_wconf 86' lang='lat' dir='ltr'><strong>bulla</strong></span> <span class='ocrx_word' id='word_1_135' title='bbox 1206 2916 1352 2988; x_wconf 84' lang='lat' dir='ltr'><strong>nostra</strong></span> <span class='ocrx_word' id='word_1_136' title='bbox 1380 2933 1445 2988; x_wconf 88' lang='lat' dir='ltr'><strong>au·</strong></span> 
     </span>
     <span class='ocr_line' id='line_1_21' title="bbox 357 3027 1448 3134; baseline 0.004 -31"><span class='ocrx_word' id='word_1_137' title='bbox 357 3033 668 3134; x_wconf 79' lang='lat' dir='ltr'><strong>respondente</strong></span> <span class='ocrx_word' id='word_1_138' title='bbox 696 3028 861 3106; x_wconf 90' lang='lat' dir='ltr'><strong>muniri.</strong></span> <span class='ocrx_word' id='word_1_139' title='bbox 892 3029 1038 3106; x_wconf 82' lang='lat' dir='ltr'><strong>Datum</strong></span> <span class='ocrx_word' id='word_1_140' title='bbox 1066 3029 1107 3104; x_wconf 92' lang='lat' dir='ltr'><strong>in</strong></span> <span class='ocrx_word' id='word_1_141' title='bbox 1136 3035 1281 3107; x_wconf 89' lang='lat' dir='ltr'><strong>nostro</strong></span> <span class='ocrx_word' id='word_1_142' title='bbox 1310 3027 1448 3108; x_wconf 86' lang='lat' dir='ltr'><strong>ducali</strong></span> 
     </span>
     <span class='ocr_line' id='line_1_22' title="bbox 355 3147 1447 3254; baseline 0 -26"><span class='ocrx_word' id='word_1_143' title='bbox 355 3151 527 3254; x_wconf 78' lang='lat' dir='ltr'><strong>palatio.</strong></span> <span class='ocrx_word' id='word_1_144' title='bbox 557 3174 664 3228; x_wconf 82' lang='lat' dir='ltr'><strong>suno</strong></span> <span class='ocrx_word' id='word_1_145' title='bbox 701 3147 914 3228; x_wconf 82' lang='lat' dir='ltr'><strong>dominice</strong></span> <span class='ocrx_word' id='word_1_146' title='bbox 954 3147 1250 3226; x_wconf 86' lang='lat' dir='ltr'><strong>incarnationis</strong></span> <span class='ocrx_word' id='word_1_147' title='bbox 1279 3150 1447 3230; x_wconf 86' lang='lat' dir='ltr'><strong>millesi-</strong></span> 
     </span>
     <span class='ocr_line' id='line_1_23' title="bbox 357 3269 1446 3370; baseline 0 -22"><span class='ocrx_word' id='word_1_148' title='bbox 357 3295 427 3348; x_wconf 91' lang='lat' dir='ltr'><strong>mo</strong></span> <span class='ocrx_word' id='word_1_149' title='bbox 455 3271 755 3350; x_wconf 85' lang='lat' dir='ltr'><strong>trecentesimo</strong></span> <span class='ocrx_word' id='word_1_150' title='bbox 811 3269 1082 3370; x_wconf 85' lang='lat' dir='ltr'><strong>nonagesimo</strong></span> <span class='ocrx_word' id='word_1_151' title='bbox 1136 3271 1350 3359; x_wconf 86' lang='lat' dir='ltr'><strong>secundo,</strong></span> <span class='ocrx_word' id='word_1_152' title='bbox 1377 3269 1446 3348; x_wconf 88' lang='lat' dir='ltr'><strong>die</strong></span> 
     </span>
     <span class='ocr_line' id='line_1_24' title="bbox 356 3387 1444 3490; baseline 0.002 -24"><span class='ocrx_word' id='word_1_153' title='bbox 356 3388 523 3470; x_wconf 78' lang='lat' dir='ltr'><strong>decimo</strong></span> <span class='ocrx_word' id='word_1_154' title='bbox 551 3388 705 3468; x_wconf 88' lang='lat' dir='ltr'><strong>mensis</strong></span> <span class='ocrx_word' id='word_1_155' title='bbox 732 3389 893 3477; x_wconf 87' lang='lat' dir='ltr'><strong>Maroii;</strong></span> <span class='ocrx_word' id='word_1_156' title='bbox 909 3387 1138 3467; x_wconf 87' lang='lat' dir='ltr'><strong>indictione</strong></span> <span class='ocrx_word' id='word_1_157' title='bbox 1166 3387 1444 3490; x_wconf 79' lang='lat' dir='ltr'><strong>quindecima.</strong></span> 
     </span>
    </p>
   </div>
   <div class='ocr_carea' id='block_1_2' title="bbox 766 3786 1401 3876">
    <p class='ocr_par' dir='ltr' id='par_1_2' title="bbox 766 3786 1401 3876">
     <span class='ocr_line' id='line_1_25' title="bbox 766 3786 1401 3876; baseline -0.002 -23"><span class='ocrx_word' id='word_1_158' title='bbox 766 3787 872 3853; x_wconf 81' lang='lat' dir='ltr'><strong>Liber</strong></span> <span class='ocrx_word' id='word_1_159' title='bbox 894 3787 1165 3876; x_wconf 79' lang='lat' dir='ltr'><strong>privilegiorum</strong></span> <span class='ocrx_word' id='word_1_160' title='bbox 1188 3786 1214 3851; x_wconf 92' lang='lat' dir='ltr'><strong>l.</strong></span> <span class='ocrx_word' id='word_1_161' title='bbox 1246 3789 1302 3854; x_wconf 85' lang='lat' dir='ltr'><strong>eb.</strong></span> <span class='ocrx_word' id='word_1_162' title='bbox 1327 3787 1401 3852; x_wconf 86' lang='lat'>100.</span> 
     </span>
    </p>
   </div>
   <div class='ocr_carea' id='block_1_3' title="bbox 0 0 1622 5108">
    <p class='ocr_par' dir='ltr' id='par_1_3' title="bbox 0 0 1622 5108">
     <span class='ocr_line' id='line_1_26' title="bbox 0 0 1622 5108; baseline 0 0"><span class='ocrx_word' id='word_1_163' title='bbox 0 0 1622 5108; x_wconf 95' lang='lat' dir='ltr'><strong> </strong></span> 
     </span>
    </p>
   </div>
  </div>
 </body>
</html>
