3224 5110
1222 373 1285 442 281

189 583 619 683 guilicestiam
651 589 789 658 terras
818 586 861 660 et
888 581 983 660 loca
1012 607 1083 658 sua
1113 604 1288 682 recupe-

188 728 303 785 rasse
332 709 376 780 et
402 705 442 780 in
472 701 660 780 dominio
698 725 776 776 suo
818 701 1051 780 restitutam
1083 723 1204 792 esse,
1229 701 1285 778 de
1360 782 1367 796 ,

189 850 272 927 quo
304 822 500 926 profecto
530 846 584 898 ex
611 819 814 919 singulari
843 829 884 896 et
914 821 1199 921 antiquissima
1231 821 1284 898 al'·

188 942 370 1022 lectione
411 949 556 1020 nostra
593 939 644 1017 ad
672 949 854 1020 vestram
888 941 1200 1032 excellentiam,
1229 941 1282 1017 in·

187 1068 353 1164 gentem
381 1060 504 1138 animi
534 1061 873 1139 consolationem
903 1063 1158 1162 accepimus,
1187 1087 1279 1140 crim

188 1208 356 1263 omnem
385 1181 542 1261 bonnm
571 1189 722 1260 statum
751 1183 938 1260 honores
955 1195 996 1262 et
1012 1185 1194 1261 comoda
1216 1209 1280 1258 ve·

187 1309 272 1382 stra
300 1301 473 1407 propria
503 1308 762 1404 reputemus.
790 1303 1282 1406 Pretereasicutnupcr·

187 1425 291 1502 rime
332 1424 616 1501 intelleximus
643 1447 666 1498 a
695 1433 867 1502 rectore
911 1430 1057 1503 nostro
1087 1427 1282 1504 Scuta-

186 1549 246 1631 ri.
275 1548 440 1623 videtur
469 1550 607 1622 certas
636 1545 930 1626 innovationes
959 1549 1001 1624 in
1029 1549 1185 1624 Ganta
1213 1573 1281 1624 su·
1335 1616 1343 1632 ,

186 1666 356 1770 perio
372 1666 421 1742 ri
450 1665 620 1744 nomine
649 1670 813 1744 vestrae
841 1667 1120 1744 excellentiae
1147 1691 1282 1770 nuper

185 1812 282 1866 esse
325 1792 518 1875 secutas,
559 1786 611 1862 de
653 1787 803 1888 quibus
847 1795 979 1879 certe,
1009 1787 1280 1867 considerato

186 1917 382 2013 quantum
420 1909 557 1986 affecti
604 1933 747 1986 sumus
788 1909 940 1986 illustri
979 1932 1163 2012 persone
1190 1935 1280 1988 vas·

185 2038 274 2108 trae
317 2039 360 2110 et
388 2053 512 2132 quam
554 2028 738 2108 fraterne
780 2029 914 2132 ipsam
957 2027 1201 2128 diligamus,
1240 2031 1280 2106 in

184 2150 368 2251 aliquam
393 2147 712 2228 admirationem
753 2147 913 2227 inducti
956 2173 1122 2238 sumus,
1150 2134 1283 2228 consi·

184 2269 381 2348 derantes
411 2269 642 2372 precipue,
684 2272 799 2370 quod
826 2269 861 2346 si
888 2271 940 2348 de
972 2269 1160 2350 manibus
1202 2294 1301 2374 cog

183 2390 341 2470 mitis
379 2391 616 2470 Stefani
651 2389 907 2468 vaivode
950 2390 1108 2493 publici
1143 2391 1280 2470 hostis

183 2518 325 2590 vestre
353 2511 525 2592 illustris
554 2511 889 2612 magnificentiae
918 2515 1121 2598 etnostri,
1150 2514 1189 2590 in
1211 2537 1279 2612 gu·

183 2655 291 2728 erra,
322 2656 448 2733 quam
476 2655 621 2710 secum
643 2632 865 2710 habuimus
896 2641 937 2711 et
965 2633 1184 2723 babemus,
1213 2637 1278 2712 ali-

184 2751 281 2853 quid
324 2751 405 2831 sibi
442 2752 713 2852 accepimus,
756 2753 870 2852 quod
913 2757 1100 2828 vestrum
1138 2753 1278 2852 fuerit,

182 2871 469 2950 existimamus
500 2895 552 2950 ex
581 2871 665 2948 hoc
694 2895 783 2950 rem
811 2877 972 2970 gratam
1002 2879 1279 2976 etacceptam

182 2992 335 3072 iecisse
364 2992 644 3072 excellentiae
672 2997 859 3082 vestram
901 3017 982 3072 nec
1012 3001 1128 3072 certe
1154 3019 1278 3098 prop-

181 3121 298 3194 terea
327 3139 434 3215 opus
462 3113 619 3194 eratad
635 3114 815 3216 aliquam
840 3115 1159 3194 innovationem
1178 3140 1278 3220 pro·

182 3232 289 3326 cedi,
319 3234 517 3336 quioniam
545 3235 581 3312 si
607 3234 763 3314 ilustris
791 3243 933 3316 vestra
954 3235 1278 3335 magnificentia,

179 3354 287 3434 sicut
314 3365 458 3435 nostre
499 3356 810 3436 benivolentiae
838 3357 1052 3444 convenit,
1094 3356 1278 3435 misisset

182 3476 233 3552 ad
260 3500 349 3561 nos.
390 3477 612 3558 fuissemus
653 3499 823 3578 semper
863 3479 972 3556 bene
1002 3476 1197 3580 dispositi
1226 3477 1277 3554 ad

182 3594 479 3677 convenientia
508 3601 551 3674 ct
577 3595 770 3676 honesta.
811 3593 1040 3676 statuimus
1068 3595 1207 3696 itaque
1236 3601 1277 3677 iu

182 3716 399 3817 premissis
441 3721 623 3794 mentem
664 3725 851 3796 nostram
887 3721 1030 3794 vestre
1064 3718 1277 3798 excellen-

182 3834 266 3913 tiae
293 3835 526 3924 declarare,
555 3845 752 3936 rogantes
781 3839 958 3916 eaodem
997 3835 1276 3917 amicabiliter

183 3964 226 4032 et
253 3955 449 4042 fraterne,
478 3964 523 4034 ut
549 3955 777 4057 providere
804 3956 993 4057 placeat,
1021 3958 1133 4058 quiid
1163 3959 1274 4035 novi·

185 4081 290 4154 tates
320 4076 537 4178 praedicte
566 4078 764 4156 tollantur
790 4079 832 4154 in
861 4079 1020 4166 totum,
1056 4077 1163 4158 sicut
1191 4104 1274 4156 mu·

184 4203 253 4274 tuo
284 4197 591 4303 benivolentiae
632 4201 776 4276 nostre
815 4198 1026 4276 convenit.
1067 4197 1119 4277 Et
1145 4199 1182 4276 si
1206 4223 1274 4278 ve*
