<?xml version="1.0" encoding="UTF-8"?>
<!DOCTYPE html PUBLIC "-//W3C//DTD XHTML 1.0 Transitional//EN"
    "http://www.w3.org/TR/xhtml1/DTD/xhtml1-transitional.dtd">
<html xmlns="http://www.w3.org/1999/xhtml" xml:lang="en" lang="en">
 <head>
  <title>
</title>
<meta http-equiv="Content-Type" content="text/html;charset=utf-8" />
  <meta name='ocr-system' content='tesseract 3.04.00' />
  <meta name='ocr-capabilities' content='ocr_page ocr_carea ocr_par ocr_line ocrx_word'/>
</head>
<body>
  <div class='ocr_page' id='page_1' title='image "./actaarchivivene00sergoog_1028.png"; bbox 0 0 3230 5104; ppageno 0'>
   <div class='ocr_carea' id='block_1_1' title="bbox 315 301 523 370">
    <p class='ocr_par' dir='ltr' id='par_1_1' title="bbox 315 301 523 370">
     <span class='ocr_line' id='line_1_1' title="bbox 315 301 523 370; baseline -0.01 0"><span class='ocrx_word' id='word_1_1' title='bbox 315 301 381 370; x_wconf 67' lang='lat' dir='ltr'><strong>bn</strong></span> <span class='ocrx_word' id='word_1_2' title='bbox 520 352 523 368; x_wconf 46' lang='grc' dir='ltr'>ι</span> 
     </span>
    </p>
   </div>
   <div class='ocr_carea' id='block_1_2' title="bbox 215 508 1409 1337">
    <p class='ocr_par' dir='ltr' id='par_1_2' title="bbox 315 508 1407 741">
     <span class='ocr_line' id='line_1_2' title="bbox 316 508 1407 614; baseline 0.007 -28"><span class='ocrx_word' id='word_1_3' title='bbox 316 511 633 613; x_wconf 74' lang='lat' dir='ltr'>explicaverunt</span> <span class='ocrx_word' id='word_1_4' title='bbox 679 508 801 588; x_wconf 85' lang='lat' dir='ltr'><strong>nobis</strong></span> <span class='ocrx_word' id='word_1_5' title='bbox 842 518 1038 614; x_wconf 87' lang='lat' dir='ltr'><strong>quantum</strong></span> <span class='ocrx_word' id='word_1_6' title='bbox 1079 511 1179 591; x_wconf 91' lang='lat' dir='ltr'><strong>huic</strong></span> <span class='ocrx_word' id='word_1_7' title='bbox 1223 515 1407 594; x_wconf 91' lang='lat' dir='ltr'><strong>consilio</strong></span> 
     </span>
     <span class='ocr_line' id='line_1_3' title="bbox 315 632 922 741; baseline -0.003 -32"><span class='ocrx_word' id='word_1_8' title='bbox 315 640 471 741; x_wconf 91' lang='lat' dir='ltr'><strong>notum</strong></span> <span class='ocrx_word' id='word_1_9' title='bbox 489 639 563 724; x_wconf 88' lang='lat' dir='ltr'><strong>est,</strong></span> <span class='ocrx_word' id='word_1_10' title='bbox 591 632 922 736; x_wconf 84' lang='lat' dir='ltr'><strong>respondentur:</strong></span> 
     </span>
    </p>

    <p class='ocr_par' dir='ltr' id='par_1_3' title="bbox 215 750 1409 1337">
     <span class='ocr_line' id='line_1_4' title="bbox 386 750 1409 857; baseline 0.004 -27"><span class='ocrx_word' id='word_1_11' title='bbox 386 750 537 851; x_wconf 80' lang='lat' dir='ltr'><strong>-Quod</strong></span> <span class='ocrx_word' id='word_1_12' title='bbox 566 754 721 857; x_wconf 81' lang='lat' dir='ltr'><strong>quippe</strong></span> <span class='ocrx_word' id='word_1_13' title='bbox 762 751 905 830; x_wconf 88' lang='lat' dir='ltr'><strong>dicere</strong></span> <span class='ocrx_word' id='word_1_14' title='bbox 942 777 1028 831; x_wconf 90' lang='lat' dir='ltr'><strong>non</strong></span> <span class='ocrx_word' id='word_1_15' title='bbox 1056 780 1279 857; x_wconf 77' lang='lat' dir='ltr'><strong>possemus</strong></span> <span class='ocrx_word' id='word_1_16' title='bbox 1322 759 1409 836; x_wconf 88' lang='lat' dir='ltr'><strong>leti-</strong></span> 
     </span>
     <span class='ocr_line' id='line_1_5' title="bbox 315 874 1407 984; baseline 0.003 -29"><span class='ocrx_word' id='word_1_17' title='bbox 315 877 412 956; x_wconf 81' lang='lat' dir='ltr'><strong>tiam</strong></span> <span class='ocrx_word' id='word_1_18' title='bbox 450 880 492 953; x_wconf 91' lang='lat' dir='ltr'><strong>et</strong></span> <span class='ocrx_word' id='word_1_19' title='bbox 519 874 742 976; x_wconf 85' lang='lat' dir='ltr'><strong>gaudium,</strong></span> <span class='ocrx_word' id='word_1_20' title='bbox 770 875 882 976; x_wconf 90' lang='lat' dir='ltr'><strong>quod</strong></span> <span class='ocrx_word' id='word_1_21' title='bbox 923 875 1183 980; x_wconf 79' lang='lat' dir='ltr'><strong>suscepimus</strong></span> <span class='ocrx_word' id='word_1_22' title='bbox 1204 903 1300 956; x_wconf 88' lang='lat' dir='ltr'><strong>cum</strong></span> <span class='ocrx_word' id='word_1_23' title='bbox 1325 883 1407 984; x_wconf 85' lang='lat' dir='ltr'><strong>pri·</strong></span> 
     </span>
     <span class='ocr_line' id='line_1_6' title="bbox 315 993 1406 1078; baseline 0.006 -7"><span class='ocrx_word' id='word_1_24' title='bbox 315 1019 426 1072; x_wconf 89' lang='lat' dir='ltr'><strong>mum</strong></span> <span class='ocrx_word' id='word_1_25' title='bbox 455 995 579 1073; x_wconf 89' lang='lat' dir='ltr'><strong>nobis</strong></span> <span class='ocrx_word' id='word_1_26' title='bbox 609 993 794 1072; x_wconf 90' lang='lat' dir='ltr'><strong>innotuit</strong></span> <span class='ocrx_word' id='word_1_27' title='bbox 819 995 1118 1074; x_wconf 81' lang='lat' dir='ltr'><strong>excellentiam</strong></span> <span class='ocrx_word' id='word_1_28' title='bbox 1155 999 1314 1076; x_wconf 86' lang='lat' dir='ltr'><strong>domini</strong></span> <span class='ocrx_word' id='word_1_29' title='bbox 1340 1002 1406 1078; x_wconf 89' lang='lat' dir='ltr'><strong>sui</strong></span> 
     </span>
     <span class='ocr_line' id='line_1_7' title="bbox 315 1114 1406 1214; baseline 0.005 -22"><span class='ocrx_word' id='word_1_30' title='bbox 315 1139 410 1192; x_wconf 89' lang='lat' dir='ltr'><strong>cum</strong></span> <span class='ocrx_word' id='word_1_31' title='bbox 446 1114 838 1193; x_wconf 89' lang='lat' dir='ltr'><strong>serenissimo</strong></span> <span class='ocrx_word' id='word_1_32' title='bbox 879 1137 1020 1214; x_wconf 90' lang='lat' dir='ltr'><strong>rege</strong></span> <span class='ocrx_word' id='word_1_33' title='bbox 1061 1115 1312 1198; x_wconf 85' lang='lat' dir='ltr'><strong>Bossinc</strong></span> <span class='ocrx_word' id='word_1_34' title='bbox 1353 1122 1406 1197; x_wconf 90' lang='lat' dir='ltr'><strong>ad</strong></span> 
     </span>
     <span class='ocr_line' id='line_1_8' title="bbox 215 1233 1404 1337; baseline 0.006 -30"><span class='ocrx_word' id='word_1_35' title='bbox 215 1283 218 1290; x_wconf 89' lang='lat'>-</span> <span class='ocrx_word' id='word_1_36' title='bbox 314 1233 466 1313; x_wconf 88' lang='lat' dir='ltr'><strong>bonam</strong></span> <span class='ocrx_word' id='word_1_37' title='bbox 494 1258 644 1337; x_wconf 77' lang='lat' dir='ltr'><strong>pacem</strong></span> <span class='ocrx_word' id='word_1_38' title='bbox 682 1239 725 1310; x_wconf 91' lang='lat' dir='ltr'><strong>et</strong></span> <span class='ocrx_word' id='word_1_39' title='bbox 765 1235 991 1314; x_wconf 78' lang='lat' dir='ltr'><strong>amicitiam</strong></span> <span class='ocrx_word' id='word_1_40' title='bbox 1031 1235 1264 1315; x_wconf 82' lang='lat' dir='ltr'><strong>devenisse.</strong></span> <span class='ocrx_word' id='word_1_41' title='bbox 1303 1237 1404 1314; x_wconf 78' lang='lat' dir='ltr'><strong>llam</strong></span> 
     </span>
    </p>
   </div>
   <div class='ocr_carea' id='block_1_3' title="bbox 182 1352 1404 1458">
    <p class='ocr_par' dir='ltr' id='par_1_4' title="bbox 182 1352 1404 1458">
     <span class='ocr_line' id='line_1_9' title="bbox 182 1352 1404 1458; baseline 0.008 -34"><span class='ocrx_word' id='word_1_42' title='bbox 182 1413 187 1424; x_wconf 92' lang='lat'><em>.</em></span> <span class='ocrx_word' id='word_1_43' title='bbox 314 1352 531 1432; x_wconf 76' lang='lat' dir='ltr'><strong>habuimus</strong></span> <span class='ocrx_word' id='word_1_44' title='bbox 560 1377 730 1458; x_wconf 88' lang='lat' dir='ltr'><strong>semper</strong></span> <span class='ocrx_word' id='word_1_45' title='bbox 757 1353 808 1431; x_wconf 74' lang='lat' dir='ltr'><strong>all</strong></span> <span class='ocrx_word' id='word_1_46' title='bbox 837 1354 952 1458; x_wconf 89' lang='lat' dir='ltr'><strong>ipsos</strong></span> <span class='ocrx_word' id='word_1_47' title='bbox 979 1357 1173 1434; x_wconf 90' lang='lat' dir='ltr'><strong>dominos</strong></span> <span class='ocrx_word' id='word_1_48' title='bbox 1213 1379 1404 1456; x_wconf 79' lang='lat' dir='ltr'><strong>magnum</strong></span> 
     </span>
    </p>
   </div>
   <div class='ocr_carea' id='block_1_4' title="bbox 303 1475 1408 4214">
    <p class='ocr_par' dir='ltr' id='par_1_5' title="bbox 305 1475 1408 3488">
     <span class='ocr_line' id='line_1_10' title="bbox 315 1475 1406 1579; baseline 0.005 -27"><span class='ocrx_word' id='word_1_49' title='bbox 315 1475 641 1555; x_wconf 80' lang='lat' dir='ltr'><strong>benivolentiam</strong></span> <span class='ocrx_word' id='word_1_50' title='bbox 670 1483 713 1554; x_wconf 91' lang='lat' dir='ltr'><strong>et</strong></span> <span class='ocrx_word' id='word_1_51' title='bbox 739 1475 1016 1568; x_wconf 76' lang='lat' dir='ltr'><strong>ellectionem,</strong></span> <span class='ocrx_word' id='word_1_52' title='bbox 1046 1500 1298 1579; x_wconf 87' lang='lat' dir='ltr'><strong>omnemque</strong></span> <span class='ocrx_word' id='word_1_53' title='bbox 1330 1477 1406 1557; x_wconf 90' lang='lat' dir='ltr'><strong>bo-</strong></span> 
     </span>
     <span class='ocr_line' id='line_1_11' title="bbox 315 1597 1408 1702; baseline 0.004 -30"><span class='ocrx_word' id='word_1_54' title='bbox 315 1619 460 1674; x_wconf 89' lang='lat' dir='ltr'><strong>norem</strong></span> <span class='ocrx_word' id='word_1_55' title='bbox 490 1601 532 1675; x_wconf 90' lang='lat' dir='ltr'><strong>et</strong></span> <span class='ocrx_word' id='word_1_56' title='bbox 560 1597 828 1678; x_wconf 88' lang='lat' dir='ltr'><strong>commmoda</strong></span> <span class='ocrx_word' id='word_1_57' title='bbox 867 1623 965 1689; x_wconf 88' lang='lat' dir='ltr'><strong>sua,</strong></span> <span class='ocrx_word' id='word_1_58' title='bbox 1004 1603 1272 1702; x_wconf 86' lang='lat' dir='ltr'><strong>statuumque</strong></span> <span class='ocrx_word' id='word_1_59' title='bbox 1312 1624 1408 1676; x_wconf 92' lang='lat' dir='ltr'><strong>suo-</strong></span> 
     </span>
     <span class='ocr_line' id='line_1_12' title="bbox 312 1717 1405 1820; baseline 0.004 -28"><span class='ocrx_word' id='word_1_60' title='bbox 312 1739 405 1793; x_wconf 90' lang='lat' dir='ltr'><strong>rum</strong></span> <span class='ocrx_word' id='word_1_61' title='bbox 433 1739 603 1820; x_wconf 87' lang='lat' dir='ltr'><strong>semper</strong></span> <span class='ocrx_word' id='word_1_62' title='bbox 631 1717 842 1798; x_wconf 87' lang='lat' dir='ltr'><strong>carissima</strong></span> <span class='ocrx_word' id='word_1_63' title='bbox 869 1717 1098 1797; x_wconf 74' lang='lat' dir='ltr'><strong>habuimus.</strong></span> <span class='ocrx_word' id='word_1_64' title='bbox 1155 1719 1208 1797; x_wconf 74' lang='lat' dir='ltr'><strong>lit</strong></span> <span class='ocrx_word' id='word_1_65' title='bbox 1232 1721 1405 1820; x_wconf 88' lang='lat' dir='ltr'><strong>quando</strong></span> 
     </span>
     <span class='ocr_line' id='line_1_13' title="bbox 313 1838 1406 1940; baseline -0.002 -24"><span class='ocrx_word' id='word_1_66' title='bbox 313 1841 460 1916; x_wconf 89' lang='lat' dir='ltr'><strong>contra</strong></span> <span class='ocrx_word' id='word_1_67' title='bbox 477 1839 518 1916; x_wconf 94' lang='lat' dir='ltr'><strong>id</strong></span> <span class='ocrx_word' id='word_1_68' title='bbox 535 1839 777 1940; x_wconf 83' lang='lat' dir='ltr'><strong>quicunque</strong></span> <span class='ocrx_word' id='word_1_69' title='bbox 805 1838 1160 1939; x_wconf 74' lang='lat' dir='ltr'><strong>intelligebamus,</strong></span> <span class='ocrx_word' id='word_1_70' title='bbox 1176 1844 1268 1918; x_wconf 84' lang='lat' dir='ltr'><strong>erat</strong></span> <span class='ocrx_word' id='word_1_71' title='bbox 1293 1861 1406 1915; x_wconf 92' lang='lat' dir='ltr'><strong>nem-</strong></span> 
     </span>
     <span class='ocr_line' id='line_1_14' title="bbox 311 1958 1406 2063; baseline 0 -27"><span class='ocrx_word' id='word_1_72' title='bbox 311 1983 365 2063; x_wconf 86' lang='lat' dir='ltr'><strong>pe</strong></span> <span class='ocrx_word' id='word_1_73' title='bbox 393 1958 512 2036; x_wconf 87' lang='lat' dir='ltr'><strong>nobis</strong></span> <span class='ocrx_word' id='word_1_74' title='bbox 553 1959 673 2037; x_wconf 86' lang='lat' dir='ltr'><strong>valde</strong></span> <span class='ocrx_word' id='word_1_75' title='bbox 715 1960 964 2051; x_wconf 87' lang='lat' dir='ltr'><strong>molestum,</strong></span> <span class='ocrx_word' id='word_1_76' title='bbox 1017 1959 1070 2036; x_wconf 79' lang='lat' dir='ltr'><strong>lit</strong></span> <span class='ocrx_word' id='word_1_77' title='bbox 1105 1961 1204 2038; x_wconf 89' lang='lat' dir='ltr'><strong>binc</strong></span> <span class='ocrx_word' id='word_1_78' title='bbox 1229 1983 1406 2062; x_wconf 88' lang='lat' dir='ltr'><strong>proces·</strong></span> 
     </span>
     <span class='ocr_line' id='line_1_15' title="bbox 309 2079 1406 2184; baseline 0 -26"><span class='ocrx_word' id='word_1_79' title='bbox 309 2083 363 2160; x_wconf 89' lang='lat' dir='ltr'><strong>sit</strong></span> <span class='ocrx_word' id='word_1_80' title='bbox 397 2081 510 2184; x_wconf 90' lang='lat' dir='ltr'><strong>quod</strong></span> <span class='ocrx_word' id='word_1_81' title='bbox 552 2089 646 2160; x_wconf 85' lang='lat' dir='ltr'><strong>autc</strong></span> <span class='ocrx_word' id='word_1_82' title='bbox 687 2079 960 2159; x_wconf 88' lang='lat' dir='ltr'><strong>concordiam</strong></span> <span class='ocrx_word' id='word_1_83' title='bbox 1002 2079 1124 2159; x_wconf 82' lang='lat' dir='ltr'><strong>istam</strong></span> <span class='ocrx_word' id='word_1_84' title='bbox 1163 2105 1293 2172; x_wconf 84' lang='lat' dir='ltr'><strong>suom,</strong></span> <span class='ocrx_word' id='word_1_85' title='bbox 1321 2081 1406 2158; x_wconf 88' lang='lat' dir='ltr'><strong>ele·</strong></span> 
     </span>
     <span class='ocr_line' id='line_1_16' title="bbox 310 2201 1405 2304; baseline 0 -26"><span class='ocrx_word' id='word_1_86' title='bbox 310 2225 505 2302; x_wconf 83' lang='lat' dir='ltr'><strong>geramus</strong></span> <span class='ocrx_word' id='word_1_87' title='bbox 558 2201 810 2302; x_wconf 79' lang='lat' dir='ltr'><strong>legationem</strong></span> <span class='ocrx_word' id='word_1_88' title='bbox 866 2206 1052 2280; x_wconf 77' lang='lat' dir='ltr'><strong>nostrum</strong></span> <span class='ocrx_word' id='word_1_89' title='bbox 1117 2201 1405 2304; x_wconf 85' lang='lat' dir='ltr'><strong>profecturam</strong></span> 
     </span>
     <span class='ocr_line' id='line_1_17' title="bbox 309 2319 1400 2424; baseline -0.003 -23"><span class='ocrx_word' id='word_1_90' title='bbox 309 2321 360 2401; x_wconf 87' lang='lat' dir='ltr'><strong>ad</strong></span> <span class='ocrx_word' id='word_1_91' title='bbox 388 2324 503 2424; x_wconf 90' lang='lat' dir='ltr'><strong>ipsos</strong></span> <span class='ocrx_word' id='word_1_92' title='bbox 531 2320 965 2409; x_wconf 69' lang='lat' dir='ltr'><strong>dominos,‘utnil1il</strong></span> <span class='ocrx_word' id='word_1_93' title='bbox 993 2322 1120 2400; x_wconf 89' lang='lat' dir='ltr'><strong>studii</strong></span> <span class='ocrx_word' id='word_1_94' title='bbox 1154 2327 1198 2398; x_wconf 91' lang='lat' dir='ltr'><strong>et</strong></span> <span class='ocrx_word' id='word_1_95' title='bbox 1224 2319 1400 2420; x_wconf 85' lang='lat' dir='ltr'><strong>diligen·</strong></span> 
     </span>
     <span class='ocr_line' id='line_1_18' title="bbox 312 2441 1404 2546; baseline -0.002 -26"><span class='ocrx_word' id='word_1_96' title='bbox 312 2450 379 2520; x_wconf 84' lang='lat' dir='ltr'><strong>lae</strong></span> <span class='ocrx_word' id='word_1_97' title='bbox 409 2465 463 2518; x_wconf 81' lang='lat' dir='ltr'><strong>ex</strong></span> <span class='ocrx_word' id='word_1_98' title='bbox 490 2451 611 2544; x_wconf 87' lang='lat' dir='ltr'><strong>parto</strong></span> <span class='ocrx_word' id='word_1_99' title='bbox 626 2450 771 2521; x_wconf 88' lang='lat' dir='ltr'><strong>nostra</strong></span> <span class='ocrx_word' id='word_1_100' title='bbox 798 2441 1208 2546; x_wconf 82' lang='lat' dir='ltr'><strong>pretermittercmus</strong></span> <span class='ocrx_word' id='word_1_101' title='bbox 1235 2463 1316 2543; x_wconf 91' lang='lat' dir='ltr'><strong>pro</strong></span> <span class='ocrx_word' id='word_1_102' title='bbox 1332 2467 1404 2544; x_wconf 91' lang='lat' dir='ltr'><strong>pa·</strong></span> 
     </span>
     <span class='ocr_line' id='line_1_19' title="bbox 313 2561 1403 2667; baseline -0.004 -26"><span class='ocrx_word' id='word_1_103' title='bbox 313 2589 363 2641; x_wconf 87' lang='lat' dir='ltr'><strong>ce</strong></span> <span class='ocrx_word' id='word_1_104' title='bbox 392 2563 608 2664; x_wconf 80' lang='lat' dir='ltr'><strong>predicta3</strong></span> <span class='ocrx_word' id='word_1_105' title='bbox 648 2587 727 2667; x_wconf 91' lang='lat' dir='ltr'><strong>pro</strong></span> <span class='ocrx_word' id='word_1_106' title='bbox 769 2589 850 2664; x_wconf 86' lang='lat' dir='ltr'><strong>qua</strong></span> <span class='ocrx_word' id='word_1_107' title='bbox 889 2561 1072 2642; x_wconf 86' lang='lat' dir='ltr'><strong>reddere</strong></span> <span class='ocrx_word' id='word_1_108' title='bbox 1098 2561 1177 2638; x_wconf 92' lang='lat' dir='ltr'><strong>sibi</strong></span> <span class='ocrx_word' id='word_1_109' title='bbox 1202 2561 1403 2638; x_wconf 79' lang='lat' dir='ltr'><strong>volumus</strong></span> 
     </span>
     <span class='ocr_line' id='line_1_20' title="bbox 309 2683 1401 2785; baseline -0.002 -23"><span class='ocrx_word' id='word_1_110' title='bbox 309 2709 481 2784; x_wconf 86' lang='lat' dir='ltr'><strong>magnas</strong></span> <span class='ocrx_word' id='word_1_111' title='bbox 508 2685 664 2785; x_wconf 82' lang='lat' dir='ltr'><strong>gratias</strong></span> <span class='ocrx_word' id='word_1_112' title='bbox 692 2693 734 2764; x_wconf 87' lang='lat' dir='ltr'><strong>et</strong></span> <span class='ocrx_word' id='word_1_113' title='bbox 761 2711 847 2765; x_wconf 90' lang='lat' dir='ltr'><strong>non</strong></span> <span class='ocrx_word' id='word_1_114' title='bbox 875 2683 1109 2764; x_wconf 87' lang='lat' dir='ltr'><strong>dubitamus</strong></span> <span class='ocrx_word' id='word_1_115' title='bbox 1124 2709 1178 2760; x_wconf 83' lang='lat' dir='ltr'><strong>ex</strong></span> <span class='ocrx_word' id='word_1_116' title='bbox 1206 2684 1287 2762; x_wconf 85' lang='lat' dir='ltr'><strong>bac</strong></span> <span class='ocrx_word' id='word_1_117' title='bbox 1315 2685 1401 2760; x_wconf 91' lang='lat' dir='ltr'><strong>uni·</strong></span> 
     </span>
     <span class='ocr_line' id='line_1_21' title="bbox 311 2802 1408 2909; baseline -0.005 -24"><span class='ocrx_word' id='word_1_118' title='bbox 311 2811 393 2885; x_wconf 87' lang='lat' dir='ltr'><strong>o&#39;ne</strong></span> <span class='ocrx_word' id='word_1_119' title='bbox 423 2831 496 2885; x_wconf 90' lang='lat' dir='ltr'><strong>sua</strong></span> <span class='ocrx_word' id='word_1_120' title='bbox 523 2806 651 2884; x_wconf 90' lang='lat' dir='ltr'><strong>multa</strong></span> <span class='ocrx_word' id='word_1_121' title='bbox 689 2805 801 2886; x_wconf 88' lang='lat' dir='ltr'><strong>bons</strong></span> <span class='ocrx_word' id='word_1_122' title='bbox 842 2807 1042 2908; x_wconf 85' lang='lat' dir='ltr'><strong>subsequi</strong></span> <span class='ocrx_word' id='word_1_123' title='bbox 1077 2829 1219 2909; x_wconf 88' lang='lat' dir='ltr'><strong>posse.</strong></span> <span class='ocrx_word' id='word_1_124' title='bbox 1274 2802 1408 2882; x_wconf 84' lang='lat' dir='ltr'><strong>bicel-</strong></span> 
     </span>
     <span class='ocr_line' id='line_1_22' title="bbox 311 2925 1403 3030; baseline -0.002 -28"><span class='ocrx_word' id='word_1_125' title='bbox 311 2949 394 3027; x_wconf 88' lang='lat' dir='ltr'><strong>que</strong></span> <span class='ocrx_word' id='word_1_126' title='bbox 424 2926 463 3005; x_wconf 91' lang='lat' dir='ltr'><strong>id</strong></span> <span class='ocrx_word' id='word_1_127' title='bbox 491 2951 575 3005; x_wconf 92' lang='lat' dir='ltr'><strong>non</strong></span> <span class='ocrx_word' id='word_1_128' title='bbox 604 2934 835 3029; x_wconf 75' lang='lat' dir='ltr'><strong>opportere</strong></span> <span class='ocrx_word' id='word_1_129' title='bbox 863 2932 1070 3030; x_wconf 89' lang='lat' dir='ltr'><strong>putemus,</strong></span> <span class='ocrx_word' id='word_1_130' title='bbox 1097 2925 1320 3002; x_wconf 85' lang='lat' dir='ltr'><strong>hortamur</strong></span> <span class='ocrx_word' id='word_1_131' title='bbox 1346 2925 1403 3000; x_wconf 89' lang='lat' dir='ltr'><strong>ta·</strong></span> 
     </span>
     <span class='ocr_line' id='line_1_23' title="bbox 307 3043 1400 3150; baseline -0.005 -26"><span class='ocrx_word' id='word_1_132' title='bbox 307 3071 400 3127; x_wconf 87' lang='lat' dir='ltr'><strong>meu</strong></span> <span class='ocrx_word' id='word_1_133' title='bbox 430 3047 724 3128; x_wconf 85' lang='lat' dir='ltr'><strong>excellentiam</strong></span> <span class='ocrx_word' id='word_1_134' title='bbox 754 3069 975 3150; x_wconf 81' lang='lat' dir='ltr'><strong>scampno</strong></span> <span class='ocrx_word' id='word_1_135' title='bbox 1005 3047 1133 3123; x_wconf 86' lang='lat' dir='ltr'><strong>multa</strong></span> <span class='ocrx_word' id='word_1_136' title='bbox 1173 3043 1400 3122; x_wconf 73' lang='lat' dir='ltr'><strong>allectione</strong></span> 
     </span>
     <span class='ocr_line' id='line_1_24' title="bbox 308 3166 1401 3254; baseline -0.005 -9"><span class='ocrx_word' id='word_1_137' title='bbox 308 3176 349 3247; x_wconf 89' lang='lat' dir='ltr'><strong>et</strong></span> <span class='ocrx_word' id='word_1_138' title='bbox 378 3169 565 3247; x_wconf 82' lang='lat' dir='ltr'><strong>fraterno</strong></span> <span class='ocrx_word' id='word_1_139' title='bbox 595 3191 740 3246; x_wconf 86' lang='lat' dir='ltr'><strong>amore</strong></span> <span class='ocrx_word' id='word_1_140' title='bbox 769 3177 933 3254; x_wconf 88' lang='lat' dir='ltr'><strong>nostro,</strong></span> <span class='ocrx_word' id='word_1_141' title='bbox 962 3173 1007 3244; x_wconf 88' lang='lat' dir='ltr'><strong>ut</strong></span> <span class='ocrx_word' id='word_1_142' title='bbox 1033 3167 1074 3244; x_wconf 91' lang='lat' dir='ltr'><strong>in</strong></span> <span class='ocrx_word' id='word_1_143' title='bbox 1096 3166 1182 3242; x_wconf 90' lang='lat' dir='ltr'><strong>boc</strong></span> <span class='ocrx_word' id='word_1_144' title='bbox 1209 3188 1285 3241; x_wconf 91' lang='lat' dir='ltr'><strong>suo</strong></span> <span class='ocrx_word' id='word_1_145' title='bbox 1312 3171 1401 3242; x_wconf 87' lang='lat' dir='ltr'><strong>tam</strong></span> 
     </span>
     <span class='ocr_line' id='line_1_25' title="bbox 307 3281 1401 3392; baseline -0.005 -28"><span class='ocrx_word' id='word_1_146' title='bbox 307 3287 500 3366; x_wconf 76' lang='lat' dir='ltr'><strong>laudabili</strong></span> <span class='ocrx_word' id='word_1_147' title='bbox 539 3289 760 3392; x_wconf 87' lang='lat' dir='ltr'><strong>proposito</strong></span> <span class='ocrx_word' id='word_1_148' title='bbox 802 3286 1001 3366; x_wconf 90' lang='lat' dir='ltr'><strong>debono</strong></span> <span class='ocrx_word' id='word_1_149' title='bbox 1049 3285 1090 3362; x_wconf 95' lang='lat' dir='ltr'><strong>in</strong></span> <span class='ocrx_word' id='word_1_150' title='bbox 1129 3281 1278 3360; x_wconf 83' lang='lat' dir='ltr'><strong>melius</strong></span> <span class='ocrx_word' id='word_1_151' title='bbox 1307 3305 1401 3384; x_wconf 88' lang='lat' dir='ltr'><strong>per·</strong></span> 
     </span>
     <span class='ocr_line' id='line_1_26' title="bbox 305 3416 487 3488; baseline 0.022 -4"><span class='ocrx_word' id='word_1_152' title='bbox 305 3416 487 3488; x_wconf 87' lang='lat' dir='ltr'><strong>severet.</strong></span> 
     </span>
    </p>

    <p class='ocr_par' dir='ltr' id='par_1_6' title="bbox 303 3523 1399 4214">
     <span class='ocr_line' id='line_1_27' title="bbox 407 3523 1397 3634; baseline -0.009 -24"><span class='ocrx_word' id='word_1_153' title='bbox 407 3531 471 3610; x_wconf 71' lang='lat' dir='ltr'><strong>Ad</strong></span> <span class='ocrx_word' id='word_1_154' title='bbox 499 3537 660 3634; x_wconf 88' lang='lat' dir='ltr'><strong>partem</strong></span> <span class='ocrx_word' id='word_1_155' title='bbox 690 3527 1145 3620; x_wconf 76' lang='lat' dir='ltr'><strong>balistariorum</strong></span> <span class='ocrx_word' id='word_1_156' title='bbox 1185 3532 1227 3603; x_wconf 91' lang='lat' dir='ltr'><strong>et</strong></span> <span class='ocrx_word' id='word_1_157' title='bbox 1262 3523 1397 3601; x_wconf 87' lang='lat' dir='ltr'><strong>sclo-</strong></span> 
     </span>
     <span class='ocr_line' id='line_1_28' title="bbox 308 3645 1399 3761; baseline -0.01 -28"><span class='ocrx_word' id='word_1_158' title='bbox 308 3655 662 3761; x_wconf 87' lang='lat' dir='ltr'><strong>peteriorum‚</strong></span> <span class='ocrx_word' id='word_1_159' title='bbox 691 3655 760 3754; x_wconf 90' lang='lat' dir='ltr'><strong>qui</strong></span> <span class='ocrx_word' id='word_1_160' title='bbox 774 3655 972 3755; x_wconf 88' lang='lat' dir='ltr'><strong>petuntur</strong></span> <span class='ocrx_word' id='word_1_161' title='bbox 999 3655 1199 3752; x_wconf 88' lang='lat' dir='ltr'><strong>respectu</strong></span> <span class='ocrx_word' id='word_1_162' title='bbox 1226 3645 1399 3736; x_wconf 74' lang='lat' dir='ltr'><strong>&#39;l&#39;urci</strong></span> 
     </span>
     <span class='ocr_line' id='line_1_29' title="bbox 305 3767 1398 3878; baseline -0.009 -27"><span class='ocrx_word' id='word_1_163' title='bbox 305 3775 630 3878; x_wconf 88' lang='lat' dir='ltr'><strong>respondemus,</strong></span> <span class='ocrx_word' id='word_1_164' title='bbox 658 3773 768 3875; x_wconf 92' lang='lat' dir='ltr'><strong>quod</strong></span> <span class='ocrx_word' id='word_1_165' title='bbox 812 3772 913 3852; x_wconf 87' lang='lat' dir='ltr'><strong>lieet</strong></span> <span class='ocrx_word' id='word_1_166' title='bbox 939 3794 1018 3876; x_wconf 93' lang='lat' dir='ltr'><strong>pro</strong></span> <span class='ocrx_word' id='word_1_167' title='bbox 1046 3767 1201 3847; x_wconf 82' lang='lat' dir='ltr'><strong>virtute</strong></span> <span class='ocrx_word' id='word_1_168' title='bbox 1230 3775 1272 3846; x_wconf 89' lang='lat' dir='ltr'><strong>et</strong></span> <span class='ocrx_word' id='word_1_169' title='bbox 1300 3767 1398 3845; x_wconf 88' lang='lat' dir='ltr'><strong>soli-</strong></span> 
     </span>
     <span class='ocr_line' id='line_1_30' title="bbox 303 3885 1396 3996; baseline -0.014 -19"><span class='ocrx_word' id='word_1_170' title='bbox 303 3907 343 3977; x_wconf 88' lang='lat' dir='ltr'><strong>ta</strong></span> <span class='ocrx_word' id='word_1_171' title='bbox 380 3897 714 3996; x_wconf 82' lang='lat' dir='ltr'><strong>magnanimitate</strong></span> <span class='ocrx_word' id='word_1_172' title='bbox 755 3891 927 3969; x_wconf 91' lang='lat' dir='ltr'><strong>illustris</strong></span> <span class='ocrx_word' id='word_1_173' title='bbox 968 3885 1265 3967; x_wconf 88' lang='lat' dir='ltr'><strong>dominationis</strong></span> <span class='ocrx_word' id='word_1_174' title='bbox 1306 3911 1396 3971; x_wconf 89' lang='lat' dir='ltr'><strong>sue,</strong></span> 
     </span>
     <span class='ocr_line' id='line_1_31' title="bbox 303 4006 1393 4120; baseline -0.014 -26"><span class='ocrx_word' id='word_1_175' title='bbox 303 4043 353 4096; x_wconf 87' lang='lat' dir='ltr'><strong>ac</strong></span> <span class='ocrx_word' id='word_1_176' title='bbox 380 4039 459 4120; x_wconf 91' lang='lat' dir='ltr'><strong>pro</strong></span> <span class='ocrx_word' id='word_1_177' title='bbox 487 4015 567 4094; x_wconf 89' lang='lat' dir='ltr'><strong>situ</strong></span> <span class='ocrx_word' id='word_1_178' title='bbox 595 4012 784 4118; x_wconf 88' lang='lat' dir='ltr'><strong>passibus</strong></span> <span class='ocrx_word' id='word_1_179' title='bbox 799 4018 843 4089; x_wconf 90' lang='lat' dir='ltr'><strong>et</strong></span> <span class='ocrx_word' id='word_1_180' title='bbox 856 4008 1167 4090; x_wconf 86' lang='lat' dir='ltr'><strong>conditionibus</strong></span> <span class='ocrx_word' id='word_1_181' title='bbox 1196 4006 1393 4085; x_wconf 86' lang='lat' dir='ltr'><strong>locorum</strong></span> 
     </span>
     <span class='ocr_line' id='line_1_32' title="bbox 305 4125 1391 4214; baseline -0.011 0"><span class='ocrx_word' id='word_1_182' title='bbox 305 4143 346 4214; x_wconf 89' lang='lat' dir='ltr'><strong>et</strong></span> <span class='ocrx_word' id='word_1_183' title='bbox 372 4135 686 4214; x_wconf 87' lang='lat' dir='ltr'><strong>territoriorum</strong></span> <span class='ocrx_word' id='word_1_184' title='bbox 713 4155 889 4212; x_wconf 90' lang='lat' dir='ltr'><strong>suorum</strong></span> <span class='ocrx_word' id='word_1_185' title='bbox 916 4153 1001 4210; x_wconf 88' lang='lat' dir='ltr'><strong>non</strong></span> <span class='ocrx_word' id='word_1_186' title='bbox 1041 4125 1309 4212; x_wconf 85' lang='lat' dir='ltr'><strong>dubitemus,</strong></span> <span class='ocrx_word' id='word_1_187' title='bbox 1337 4131 1391 4202; x_wconf 86' lang='lat' dir='ltr'><strong>at·</strong></span> 
     </span>
    </p>
   </div>
   <div class='ocr_carea' id='block_1_5' title="bbox 0 0 1620 5104">
    <p class='ocr_par' dir='ltr' id='par_1_7' title="bbox 0 0 1620 5104">
     <span class='ocr_line' id='line_1_33' title="bbox 0 0 1620 5104; baseline 0 3"><span class='ocrx_word' id='word_1_188' title='bbox 0 0 1620 5104; x_wconf 95' lang='lat' dir='ltr'><strong> </strong></span> 
     </span>
    </p>
   </div>
  </div>
 </body>
</html>
