3236 5108
216 567 364 644 gamus
420 541 718 621 exuet-lentium
747 561 890 628 sunm,
933 540 1110 642 quodsi
1150 541 1194 618 in
1224 537 1310 618 boe

215 691 299 742 non
342 663 721 744 condescendimus
749 663 856 740 votis
885 663 994 759 suis,
1038 661 1196 740 habere
1233 683 1311 740 nos

215 788 378 887 placeat
406 785 558 864 merito
596 793 836 864 excusatus.

317 907 382 984 Ad
410 906 558 986 terti
576 931 599 984 u
614 931 655 982 m
682 915 859 1007 portem,
885 929 966 1008 per
981 927 1105 1006 quam
1121 928 1169 980 se
1186 899 1311 982 offert
1443 907 1445 910 ’

213 1027 324 1104 veile
361 1049 409 1102 se
437 1026 709 1128 interponere
754 1024 805 1104 ud
835 1023 1099 1104 tractandum
1129 1047 1308 1101 eoncor-

213 1147 330 1226 dium
355 1156 399 1224 et.
424 1171 574 1250 paoem
603 1159 644 1226 et
674 1151 831 1228 bonum
877 1169 1069 1223 amorem
1098 1145 1209 1222 inter
1236 1143 1307 1222 do·

213 1270 370 1346 minum
398 1290 595 1365 regem
623 1267 954 1354 Ludislaum,
982 1263 1308 1344 titiumcondum

214 1388 372 1467 domini
403 1390 567 1487 regis
608 1388 826 1476 liaroti
856 1399 898 1465 et
926 1387 1135 1465 dominam
1177 1385 1308 1465 Mur·

214 1511 463 1610 goritom
494 1505 893 1608 ej'usmutrem
922 1531 976 1586 ex
1005 1513 1235 1611 unaparte,
1264 1512 1307 1584 et

214 1655 294 1709 nos
322 1654 376 1707 ex
406 1632 536 1708 altera
565 1636 606 1707 et
629 1641 713 1708 eet.
742 1630 1068 1735 Respondentur
1094 1629 1197 1730 ipsis
1227 1649 1306 1704 om·

217 1751 518 1843 busindoribus
546 1750 659 1852 quod
687 1759 794 1830 teste
816 1753 898 1830 deo
926 1775 1004 1827 nos
1032 1773 1203 1851 semper
1230 1749 1307 1826 sin·

217 1895 317 1952 eoru
345 1881 485 1950 mente
514 1873 736 1950 dileximus
762 1874 1074 1950 serenissimum
1096 1869 1307 1973 quondum

215 1991 434 2071 dominnm
461 2015 608 2092 regem
650 1993 866 2088 Horetum,
909 2016 989 2070 nec
1030 2013 1211 2092 unquam
1238 2015 1307 2068 vo·

215 2114 365 2190 luimus
392 2117 591 2216 potentes
618 2113 776 2192 habere
803 2114 953 2190 multus
991 2110 1308 2211 praerogativas

213 2241 258 2310 et
285 2234 522 2333 suaningun,
579 2233 734 2334 aliquid
789 2232 1029 2311 facereret
1071 2251 1307 2331 procurare

215 2377 313 2433 eum
340 2353 590 2432 adversariis
619 2355 703 2430 suis
728 2359 874 2432 eontra
903 2359 1051 2430 statum
1081 2349 1309 2440 suumnec

214 2475 410 2552 similiter
437 2482 584 2552 contra
607 2481 761 2552 statum
791 2474 1004 2553 dictorum
1032 2495 1209 2548 suorum
1235 2468 1308 2546 filii

215 2603 258 2672 et
298 2595 470 2681 uxoris,
499 2619 605 2696 quoe
648 2596 869 2698 dispositio
914 2599 1084 2681 nostro,
1123 2599 1329 2693 excepto

215 2718 330 2818 qnod
354 2718 634 2794 intervenerit
659 2724 810 2820 posteo
839 2717 974 2818 atiquo
1002 2715 1175 2792 materia
1197 2735 1308 2788 sesn-

214 2836 295 2913 dati
324 2843 367 2914 et
395 2838 570 2928 erroris,
599 2859 769 2938 semper
809 2837 887 2914 fuit
929 2839 1040 2914 bona
1068 2841 1112 2910 et
1139 2835 1307 2911 sincero

214 2980 363 3036 versus
394 2981 480 3047 eos,
522 2960 686 3058 eritque
716 2959 756 3034 in
785 2958 997 3049 futurum,
1026 2979 1158 3058 quare
1187 2977 1307 3054 quon-

155 3079 161 3091 '
215 3087 302 3156 tum
330 3077 411 3156 erit
436 3079 481 3154 in
506 3079 647 3170 nobis,
679 3077 1033 3180 quandocumque
1061 3077 1143 3154 sibi
1169 3075 1307 3176 plaee-

216 3197 278 3277 bit
304 3222 382 3275 nos
415 3198 642 3302 dispositos
682 3200 867 3278 inveniet
896 3207 938 3278 et
964 3205 1137 3303 paratos
1164 3197 1214 3271 ad
1241 3219 1308 3269 vo·
1361 3181 1365 3189 ’

215 3317 384 3394 lendum
413 3341 507 3396 oum
537 3321 598 3395 eis
622 3319 764 3398 vivere
792 3319 972 3423 pacifice
1003 3325 1045 3394 et
1072 3318 1230 3416 quiete,
1259 3335 1307 3388 ac

214 3435 260 3513 in
284 3435 393 3513 hona
430 3437 726 3527 benivolentia,
759 3441 819 3516 uti
850 3437 1026 3514 viximus
1056 3455 1151 3513 eum
1180 3433 1307 3508 domi-

214 3581 269 3635 no
300 3579 402 3657 rege
428 3558 583 3636 liureio
613 3559 869 3662 supradicto.

317 3678 381 3757 Ad
410 3704 434 3778 q
451 3705 476 3754 u
494 3703 516 3754 a
533 3687 619 3756 rto
636 3703 673 3761 m
703 3687 879 3783 purtem,
896 3702 973 3781 per
989 3699 1113 3778 quam
1132 3675 1211 3777 ipsi
1227 3697 1305 3750 nm·

215 3797 454 3876 nonistores
470 3799 591 3876 nobis
607 3801 853 3900 significant,
871 3798 984 3900 quod
1006 3794 1199 3872 dominus
1227 3817 1304 3871 rex

215 3920 457 4023 praedieius
488 3928 552 3997 est
598 3927 892 3998 contracturus
927 3945 955 4022 p
970 3943 993 3996 u
1009 3945 1030 3996 r
1046 3945 1068 3996 e
1085 3946 1110 3997 n
1127 3926 1142 3996 t
1157 3941 1180 3992 e
1196 3918 1208 3992 1
1224 3939 1249 3991 a
1263 3939 1303 3992 m

216 4065 312 4120 eum
341 4041 511 4119 domino
540 4045 687 4120 duce
715 4041 1011 4126 Austriae,
1045 4041 1203 4118 etticet
1229 4037 1306 4116 sei-

216 4172 277 4251 ut,
321 4163 432 4264 quod
472 4165 581 4256 inter
632 4165 766 4266 ipsum
809 4171 851 4240 et
891 4189 969 4241 nos
1009 4163 1062 4240 sit
1115 4161 1304 4238 sincerus
