3228 5108
351 375 416 453 ω,

190 555 208 700 ¹,
354 571 623 674 COXXE·
654 591 764 668 14⁰5.
792 589 985 702 ludiot.
1013 587 1123 670 xm.
1151 593 1214 672 td
1242 532 1470 674 blaseii!
1606 653 1608 664 ,

349 837 529 910 Oprosopa
553 850 784 907 ooosassuoua
806 837 965 909 xepaoe‚
1003 835 1172 894 aoaeben
1194 829 1375 895 siresa-ua
1399 853 1444 896 aa

404 933 407 940 ’
514 955 576 1012 pue
600 937 696 1010 ruis,
720 957 759 1012 μ
779 955 824 1014 up
846 936 1023 1012 insensa
1046 953 1170 1015 aetery
1192 952 1287 1013 pura.

454 1175 596 1279 Capta.
625 1174 748 1274 Quod
775 1175 1085 1279 respondeatur
1112 1163 1446 1258 oratoribus

352 1295 628 1382 Groneia,
656 1295 708 1372 ad
735 1294 1059 1397 requisitionem
1088 1317 1212 1398 quam
1239 1297 1364 1377 nobis
1391 1298 1448 1376 le·

352 1423 516 1508 uerunt,
544 1415 657 1516 quod
685 1415 864 1492 velimus
891 1415 972 1495 sibi
991 1417 1273 1520 eomplaoere
1300 1419 1354 1498 de
1378 1417 1448 1496 du·

351 1531 458 1612 obus
485 1531 738 1633 corporibus
764 1535 1067 1634 galearum
1097 1555 1193 1615 eum
1220 1538 1306 1615 suis
1331 1536 1447 1616 lutei·

353 1652 505 1732 mentis
531 1653 814 1740 necessariis,
842 1677 923 1757 pro
963 1655 1049 1732 suis
1077 1655 1268 1758 peeunlis
1296 1665 1340 1734 et
1367 1665 1448 1738 oet.

355 1773 475 1874 Quod
507 1772 753 1876 magmlieus
782 1775 1049 1852 dominus
1078 1773 1340 1856 Creuoia
1380 1777 1448 1856 de·

353 1895 425 1973 bet
452 1917 547 1972 esse
575 1893 860 2000 certissimus,
902 1897 1017 1998 quod
1043 1903 1225 2000 propter
1250 1895 1448 2000 optimam

352 2015 700 2117 dispositionem,
740 2037 866 2117 quam
894 2031 1073 2118 semper·
1093 2013 1272 2094 vidimus
1311 2017 1449 2120 ipsum

353 2137 515 2214 babere
543 2133 594 2214 ad
623 2136 859 2238 beuplaoita
885 2144 929 2216 et
957 2133 1183 2244 commoda
1208 2139 1346 2217 nostri
1372 2147 1450 2218 sta·
1488 2127 1493 2132 ’

357 2265 447 2347 tus,
487 2279 565 2336 nos
593 2255 837 2336 cordialiter
872 2255 1082 2358 diligimus
1123 2257 1448 2359 magnitudinem

354 2401 486 2464 suam,
514 2385 558 2456 et
585 2379 952 2480 eomplaoeremus
978 2379 1059 2457 sibi
1073 2378 1114 2456 in
1130 2379 1323 2456 omuibus
1349 2404 1447 2482 pos·

239 2581 247 2596 ,
354 2499 564 2592 sibilibus‚
593 2505 804 2602 tamquam
832 2500 971 2578 amieo
1000 2498 1239 2588 oadmlmm
1279 2500 1355 2577 sed
1381 2525 1449 2578 ve

353 2623 453 2700 ritus
481 2627 568 2710 est,
605 2623 719 2723 quod
747 2645 825 2700 nos
851 2620 1163 2722 presentialiter
1189 2643 1275 2699 non
1303 2643 1447 2700 sumtus

354 2741 410 2819 ita
439 2737 613 2842 copiosi
634 2739 778 2839 galeis,
805 2739 916 2818 siout
942 2741 1171 2829 vellemus;
1198 2762 1298 2842 ymo
1325 2723 1462 2846 prop?

356 2871 421 2955 ter
448 2883 638 2958 guerras,
659 2881 763 2961 quas
776 2860 1092 2962 presentialiter
1117 2859 1333 2949 habemus,
1349 2861 1449 2939 mul·
1480 2927 1483 2938 .
1562 2883 1567 2894 ·

354 2989 422 3060 tae
449 2985 546 3056 sunt
572 2971 695 3059 nobis
722 2981 1010 3067 necessariae,
1042 2981 1133 3059 sine
1161 2979 1312 3084 quibus
1339 2981 1450 3061 laeta

354 3105 499 3178 nostra
526 3098 669 3180 iacere
709 3123 794 3179 non
838 3123 1071 3204 possemus.
1122 3099 1276 3176 Sumus
1323 3101 1448 3178 etiam

354 3229 534 3326 propter
561 3237 736 3322 guerras
762 3221 1067 3318 lombardiae,
1096 3223 1153 3300 ite
1178 3222 1287 3299 male
1316 3221 1450 3302 lulolti

354 3339 645 3442 lignaminibus
671 3341 777 3443 aptis
807 3341 858 3418 ad
874 3340 1074 3420 lubricum
1104 3349 1148 3419 et
1175 3343 1452 3420 construetio-

317 3549 318 3555 Ν
355 3483 449 3539 uem
477 3461 711 3562 galearum,
754 3459 867 3562 quod
895 3461 1003 3539 male
1029 3461 1220 3540 videmus
1245 3485 1325 3562 pro
1357 3481 1450 3562 pre·

354 3583 462 3661 senti
490 3605 618 3686 posse
646 3582 699 3662 de
728 3582 806 3660 illis
833 3605 913 3659 nos
944 3580 1122 3661 fulcire..
1143 3579 1329 3660 Ordines
1357 3603 1450 3658 uos·

354 3703 407 3784 tri
436 3727 642 3806 expresse
674 3701 930 3808 probibent,
967 3701 1080 3803 quod
1110 3703 1276 3804 quando
1307 3699 1464 3782 civitas·

355 3829 498 3902 nostra
527 3823 658 3902 estin
688 3846 843 3923 guerra
871 3831 912 3901 et
939 3822 1138 3910 novitate,
1169 3829 1370 3900 utsumus
1400 3819 1451 3900 ad

355 3967 585 4048 praesens,
614 3943 718 4023 tales
748 3945 869 4046 galee
899 3941 1065 4022 extrahi
1093 3965 1177 4020 non
1208 3941 1372 4044 possint
1398 3941 1450 4018 de

356 4079 472 4144 terra
498 4071 656 4158 nostra,
680 4072 913 4167 etpropter
939 4063 1038 4142 istas
1065 4062 1257 4141 rationes
1285 4069 1328 4138 et
1356 4085 1450 4140 oau-

357 4211 424 4264 sas
476 4208 669 4286 rogamus
712 4183 847 4288 ipsum
875 4181 1165 4284 'magnifieum
1220 4179 1450 4269 dominum,

360 4307 509 4388 Creu
526 4307 696 4392 oium,
734 4309 925 4382 nostrum
960 4303 1139 4382 amioum
1176 4301 1451 4402 carissimum,
