<?xml version="1.0" encoding="UTF-8"?>
<!DOCTYPE html PUBLIC "-//W3C//DTD XHTML 1.0 Transitional//EN"
    "http://www.w3.org/TR/xhtml1/DTD/xhtml1-transitional.dtd">
<html xmlns="http://www.w3.org/1999/xhtml" xml:lang="en" lang="en">
 <head>
  <title>
</title>
<meta http-equiv="Content-Type" content="text/html;charset=utf-8" />
  <meta name='ocr-system' content='tesseract 3.04.00' />
  <meta name='ocr-capabilities' content='ocr_page ocr_carea ocr_par ocr_line ocrx_word'/>
</head>
<body>
  <div class='ocr_page' id='page_1' title='image "./actaarchivivene00sergoog_0459.png"; bbox 0 0 3186 5112; ppageno 0'>
   <div class='ocr_carea' id='block_1_1' title="bbox 1196 403 1261 472">
    <p class='ocr_par' dir='ltr' id='par_1_1' title="bbox 1196 403 1261 472">
     <span class='ocr_line' id='line_1_1' title="bbox 1196 403 1261 472; baseline 0 0"><span class='ocrx_word' id='word_1_1' title='bbox 1196 403 1261 472; x_wconf 73' lang='lat' dir='ltr'><strong>tus</strong></span> 
     </span>
    </p>
   </div>
   <div class='ocr_carea' id='block_1_2' title="bbox 168 607 1259 1294">
    <p class='ocr_par' dir='ltr' id='par_1_2' title="bbox 168 607 1259 1294">
     <span class='ocr_line' id='line_1_2' title="bbox 169 607 1258 714; baseline 0.003 -25"><span class='ocrx_word' id='word_1_2' title='bbox 169 613 255 691; x_wconf 83' lang='lat' dir='ltr'><strong>sius</strong></span> <span class='ocrx_word' id='word_1_3' title='bbox 294 616 525 699; x_wconf 86' lang='lat' dir='ltr'><strong>anuentes,</strong></span> <span class='ocrx_word' id='word_1_4' title='bbox 564 607 798 713; x_wconf 83' lang='lat' dir='ltr'><strong>praefatum</strong></span> <span class='ocrx_word' id='word_1_5' title='bbox 825 608 1090 708; x_wconf 76' lang='lat' dir='ltr'><strong>magnificum</strong></span> <span class='ocrx_word' id='word_1_6' title='bbox 1118 618 1160 688; x_wconf 92' lang='lat' dir='ltr'><strong>et</strong></span> <span class='ocrx_word' id='word_1_7' title='bbox 1186 639 1258 714; x_wconf 92' lang='lat' dir='ltr'><strong>po·</strong></span> 
     </span>
     <span class='ocr_line' id='line_1_3' title="bbox 169 727 1258 828; baseline -0.001 -17"><span class='ocrx_word' id='word_1_8' title='bbox 169 739 309 812; x_wconf 88' lang='lat' dir='ltr'><strong>entem</strong></span> <span class='ocrx_word' id='word_1_9' title='bbox 349 734 566 813; x_wconf 90' lang='lat' dir='ltr'><strong>dominum</strong></span> <span class='ocrx_word' id='word_1_10' title='bbox 608 727 874 828; x_wconf 71' lang='lat' dir='ltr'><strong>Sandalium,</strong></span> <span class='ocrx_word' id='word_1_11' title='bbox 915 755 1009 808; x_wconf 92' lang='lat' dir='ltr'><strong>cum</strong></span> <span class='ocrx_word' id='word_1_12' title='bbox 1048 733 1137 811; x_wconf 88' lang='lat' dir='ltr'><strong>eius</strong></span> <span class='ocrx_word' id='word_1_13' title='bbox 1166 731 1258 812; x_wconf 84' lang='lat' dir='ltr'><strong>litiis</strong></span> 
     </span>
     <span class='ocr_line' id='line_1_4' title="bbox 170 850 1258 939; baseline -0.002 -7"><span class='ocrx_word' id='word_1_14' title='bbox 170 861 213 932; x_wconf 90' lang='lat' dir='ltr'><strong>et</strong></span> <span class='ocrx_word' id='word_1_15' title='bbox 252 850 503 939; x_wconf 85' lang='lat' dir='ltr'>heredibus,</span> <span class='ocrx_word' id='word_1_16' title='bbox 553 851 604 930; x_wconf 89' lang='lat' dir='ltr'><strong>ad</strong></span> <span class='ocrx_word' id='word_1_17' title='bbox 646 872 864 926; x_wconf 89' lang='lat' dir='ltr'><strong>numerum</strong></span> <span class='ocrx_word' id='word_1_18' title='bbox 907 857 949 928; x_wconf 87' lang='lat' dir='ltr'><strong>et</strong></span> <span class='ocrx_word' id='word_1_19' title='bbox 988 851 1041 928; x_wconf 91' lang='lat' dir='ltr'><strong>de</strong></span> <span class='ocrx_word' id='word_1_20' title='bbox 1081 876 1258 930; x_wconf 88' lang='lat' dir='ltr'><strong>numero</strong></span> 
     </span>
     <span class='ocr_line' id='line_1_5' title="bbox 168 969 1259 1083; baseline -0.001 -32"><span class='ocrx_word' id='word_1_21' title='bbox 168 973 371 1052; x_wconf 86' lang='lat' dir='ltr'>nobilium</span> <span class='ocrx_word' id='word_1_22' title='bbox 412 971 547 1083; x_wconf 86' lang='lat' dir='ltr'><strong>nostri</strong></span> <span class='ocrx_word' id='word_1_23' title='bbox 587 969 757 1048; x_wconf 88' lang='lat' dir='ltr'><strong>maioris</strong></span> <span class='ocrx_word' id='word_1_24' title='bbox 810 969 977 1049; x_wconf 91' lang='lat' dir='ltr'><strong>consilii</strong></span> <span class='ocrx_word' id='word_1_25' title='bbox 1018 971 1259 1077; x_wconf 81' lang='lat' dir='ltr'><strong>recepimus</strong></span> 
     </span>
     <span class='ocr_line' id='line_1_6' title="bbox 169 1091 1258 1210; baseline -0.002 -38"><span class='ocrx_word' id='word_1_26' title='bbox 169 1103 295 1198; x_wconf 87' lang='lat' dir='ltr'><strong>atque</strong></span> <span class='ocrx_word' id='word_1_27' title='bbox 324 1091 581 1210; x_wconf 79' lang='lat' dir='ltr'><strong>recipimus,</strong></span> <span class='ocrx_word' id='word_1_28' title='bbox 616 1100 658 1171; x_wconf 92' lang='lat' dir='ltr'><strong>et</strong></span> <span class='ocrx_word' id='word_1_29' title='bbox 683 1094 892 1196; x_wconf 87' lang='lat' dir='ltr'><strong>Venetum</strong></span> <span class='ocrx_word' id='word_1_30' title='bbox 920 1099 963 1169; x_wconf 90' lang='lat' dir='ltr'><strong>et</strong></span> <span class='ocrx_word' id='word_1_31' title='bbox 990 1093 1125 1172; x_wconf 85' lang='lat' dir='ltr'><strong>civem</strong></span> <span class='ocrx_word' id='word_1_32' title='bbox 1165 1119 1258 1173; x_wconf 92' lang='lat' dir='ltr'><strong>nos-</strong></span> 
     </span>
     <span class='ocr_line' id='line_1_7' title="bbox 168 1187 1258 1294; baseline -0.002 0"><span class='ocrx_word' id='word_1_33' title='bbox 168 1225 278 1294; x_wconf 89' lang='lat' dir='ltr'><strong>trum</strong></span> <span class='ocrx_word' id='word_1_34' title='bbox 307 1241 402 1294; x_wconf 90' lang='lat' dir='ltr'><strong>cum</strong></span> <span class='ocrx_word' id='word_1_35' title='bbox 443 1217 530 1292; x_wconf 90' lang='lat' dir='ltr'><strong>suis</strong></span> <span class='ocrx_word' id='word_1_36' title='bbox 570 1211 664 1291; x_wconf 89' lang='lat' dir='ltr'><strong>liliis</strong></span> <span class='ocrx_word' id='word_1_37' title='bbox 706 1222 747 1293; x_wconf 86' lang='lat' dir='ltr'><strong>et</strong></span> <span class='ocrx_word' id='word_1_38' title='bbox 787 1187 1040 1292; x_wconf 78' lang='lat' dir='ltr'><strong>haeredibus</strong></span> <span class='ocrx_word' id='word_1_39' title='bbox 1081 1213 1258 1293; x_wconf 83' lang='lat' dir='ltr'><strong>fecimus</strong></span> 
     </span>
    </p>
   </div>
   <div class='ocr_carea' id='block_1_3' title="bbox 170 1333 1393 1477">
    <p class='ocr_par' dir='ltr' id='par_1_3' title="bbox 170 1333 1393 1477">
     <span class='ocr_line' id='line_1_8' title="bbox 170 1333 1393 1477; baseline 0.002 -65"><span class='ocrx_word' id='word_1_40' title='bbox 170 1337 215 1412; x_wconf 92' lang='lat' dir='ltr'><strong>et</strong></span> <span class='ocrx_word' id='word_1_41' title='bbox 241 1335 445 1422; x_wconf 85' lang='lat' dir='ltr'><strong>facimus,</strong></span> <span class='ocrx_word' id='word_1_42' title='bbox 486 1341 610 1436; x_wconf 88' lang='lat' dir='ltr'><strong>atque</strong></span> <span class='ocrx_word' id='word_1_43' title='bbox 653 1358 732 1477; x_wconf 78' lang='lat' dir='ltr'><strong>pro</strong></span> <span class='ocrx_word' id='word_1_44' title='bbox 759 1334 901 1411; x_wconf 90' lang='lat' dir='ltr'><strong>nobile</strong></span> <span class='ocrx_word' id='word_1_45' title='bbox 931 1341 973 1412; x_wconf 88' lang='lat' dir='ltr'><strong>et</strong></span> <span class='ocrx_word' id='word_1_46' title='bbox 1001 1333 1053 1411; x_wconf 90' lang='lat' dir='ltr'><strong>de</strong></span> <span class='ocrx_word' id='word_1_47' title='bbox 1081 1360 1257 1414; x_wconf 89' lang='lat' dir='ltr'><strong>numero</strong></span> <span class='ocrx_word' id='word_1_48' title='bbox 1391 1437 1393 1444; x_wconf 15' lang='lat' dir='ltr'>y</span> 
     </span>
    </p>
   </div>
   <div class='ocr_carea' id='block_1_4' title="bbox 169 1454 1261 2518">
    <p class='ocr_par' dir='ltr' id='par_1_4' title="bbox 169 1454 1261 2518">
     <span class='ocr_line' id='line_1_9' title="bbox 169 1454 1259 1538; baseline 0 -2"><span class='ocrx_word' id='word_1_49' title='bbox 169 1457 373 1536; x_wconf 90' lang='lat' dir='ltr'><strong>nobilium</strong></span> <span class='ocrx_word' id='word_1_50' title='bbox 415 1457 548 1533; x_wconf 84' lang='lat' dir='ltr'><strong>nostri</strong></span> <span class='ocrx_word' id='word_1_51' title='bbox 585 1455 754 1534; x_wconf 90' lang='lat' dir='ltr'><strong>maioris</strong></span> <span class='ocrx_word' id='word_1_52' title='bbox 794 1454 1011 1535; x_wconf 89' lang='lat' dir='ltr'><strong>consilii</strong></span> <span class='ocrx_word' id='word_1_53' title='bbox 1000 1480 1039 1532; x_wconf 79' lang='lat' dir='ltr'><strong>tn</strong></span> <span class='ocrx_word' id='word_1_54' title='bbox 1067 1457 1259 1538; x_wconf 87' lang='lat' dir='ltr'><strong>Venetiis</strong></span> 
     </span>
     <span class='ocr_line' id='line_1_10' title="bbox 171 1573 1258 1679; baseline 0.001 -25"><span class='ocrx_word' id='word_1_55' title='bbox 171 1585 215 1656; x_wconf 89' lang='lat' dir='ltr'><strong>et</strong></span> <span class='ocrx_word' id='word_1_56' title='bbox 257 1587 377 1658; x_wconf 88' lang='lat' dir='ltr'><strong>extra</strong></span> <span class='ocrx_word' id='word_1_57' title='bbox 416 1573 592 1662; x_wconf 86' lang='lat' dir='ltr'><strong>ubilibet</strong></span> <span class='ocrx_word' id='word_1_58' title='bbox 632 1576 970 1666; x_wconf 83' lang='lat' dir='ltr'><strong>essevolumus,</strong></span> <span class='ocrx_word' id='word_1_59' title='bbox 1012 1579 1146 1679; x_wconf 90' lang='lat' dir='ltr'><strong>ipsum</strong></span> <span class='ocrx_word' id='word_1_60' title='bbox 1181 1578 1258 1656; x_wconf 89' lang='lat' dir='ltr'><strong>sin·</strong></span> 
     </span>
     <span class='ocr_line' id='line_1_11' title="bbox 171 1689 1259 1798; baseline -0.001 -19"><span class='ocrx_word' id='word_1_61' title='bbox 171 1721 272 1779; x_wconf 87' lang='lat' dir='ltr'><strong>cere</strong></span> <span class='ocrx_word' id='word_1_62' title='bbox 313 1695 632 1776; x_wconf 87' lang='lat' dir='ltr'><strong>benevolentiae</strong></span> <span class='ocrx_word' id='word_1_63' title='bbox 672 1693 856 1774; x_wconf 87' lang='lat' dir='ltr'><strong>brachiis</strong></span> <span class='ocrx_word' id='word_1_64' title='bbox 895 1689 1180 1798; x_wconf 79' lang='lat' dir='ltr'><strong>amplexantes</strong></span> <span class='ocrx_word' id='word_1_65' title='bbox 1217 1707 1259 1778; x_wconf 90' lang='lat' dir='ltr'><strong>et</strong></span> 
     </span>
     <span class='ocr_line' id='line_1_12' title="bbox 170 1814 1260 1918; baseline 0 -22"><span class='ocrx_word' id='word_1_66' title='bbox 170 1817 346 1897; x_wconf 86' lang='lat' dir='ltr'><strong>tirmiter</strong></span> <span class='ocrx_word' id='word_1_67' title='bbox 386 1823 642 1912; x_wconf 87' lang='lat' dir='ltr'><strong>statuentes,</strong></span> <span class='ocrx_word' id='word_1_68' title='bbox 687 1814 800 1918; x_wconf 89' lang='lat' dir='ltr'><strong>quod</strong></span> <span class='ocrx_word' id='word_1_69' title='bbox 841 1815 1016 1916; x_wconf 85' lang='lat' dir='ltr'><strong>singulis</strong></span> <span class='ocrx_word' id='word_1_70' title='bbox 1064 1818 1260 1898; x_wconf 85' lang='lat' dir='ltr'><strong>libertati-</strong></span> 
     </span>
     <span class='ocr_line' id='line_1_13' title="bbox 170 1937 1258 2043; baseline 0 -25"><span class='ocrx_word' id='word_1_71' title='bbox 170 1941 247 2018; x_wconf 87' lang='lat' dir='ltr'><strong>bus</strong></span> <span class='ocrx_word' id='word_1_72' title='bbox 275 1939 494 2019; x_wconf 85' lang='lat' dir='ltr'><strong>beneflciis</strong></span> <span class='ocrx_word' id='word_1_73' title='bbox 527 1937 811 2018; x_wconf 85' lang='lat' dir='ltr'><strong>imunitatibus</strong></span> <span class='ocrx_word' id='word_1_74' title='bbox 840 1943 882 2014; x_wconf 89' lang='lat' dir='ltr'><strong>et</strong></span> <span class='ocrx_word' id='word_1_75' title='bbox 897 1937 1146 2031; x_wconf 86' lang='lat' dir='ltr'><strong>honoribus,</strong></span> <span class='ocrx_word' id='word_1_76' title='bbox 1175 1941 1258 2043; x_wconf 91' lang='lat' dir='ltr'><strong>qui·</strong></span> 
     </span>
     <span class='ocr_line' id='line_1_14' title="bbox 169 2059 1257 2164; baseline 0 -26"><span class='ocrx_word' id='word_1_77' title='bbox 169 2061 428 2164; x_wconf 87' lang='lat' dir='ltr'><strong>buscunque,</strong></span> <span class='ocrx_word' id='word_1_78' title='bbox 458 2061 604 2162; x_wconf 91' lang='lat' dir='ltr'><strong>quibus</strong></span> <span class='ocrx_word' id='word_1_79' title='bbox 630 2059 701 2138; x_wconf 88' lang='lat' dir='ltr'><strong>alii</strong></span> <span class='ocrx_word' id='word_1_80' title='bbox 730 2059 1006 2139; x_wconf 87' lang='lat' dir='ltr'><strong>honorabiles</strong></span> <span class='ocrx_word' id='word_1_81' title='bbox 1030 2059 1187 2138; x_wconf 87' lang='lat' dir='ltr'><strong>Veneti</strong></span> <span class='ocrx_word' id='word_1_82' title='bbox 1214 2067 1257 2140; x_wconf 91' lang='lat' dir='ltr'><strong>et</strong></span> 
     </span>
     <span class='ocr_line' id='line_1_15' title="bbox 171 2179 1261 2285; baseline -0.004 -23"><span class='ocrx_word' id='word_1_83' title='bbox 171 2185 287 2262; x_wconf 86' lang='lat' dir='ltr'><strong>cives</strong></span> <span class='ocrx_word' id='word_1_84' title='bbox 326 2179 461 2260; x_wconf 87' lang='lat' dir='ltr'><strong>nostri</strong></span> <span class='ocrx_word' id='word_1_85' title='bbox 503 2181 685 2282; x_wconf 83' lang='lat' dir='ltr'><strong>gaudent</strong></span> <span class='ocrx_word' id='word_1_86' title='bbox 725 2188 768 2259; x_wconf 91' lang='lat' dir='ltr'><strong>et</strong></span> <span class='ocrx_word' id='word_1_87' title='bbox 806 2180 970 2285; x_wconf 81' lang='lat' dir='ltr'><strong>pertrui</strong></span> <span class='ocrx_word' id='word_1_88' title='bbox 1011 2181 1261 2282; x_wconf 83' lang='lat' dir='ltr'><strong>dignoscun-</strong></span> 
     </span>
     <span class='ocr_line' id='line_1_16' title="bbox 169 2300 1258 2408; baseline 0 -29"><span class='ocrx_word' id='word_1_89' title='bbox 169 2309 263 2392; x_wconf 90' lang='lat' dir='ltr'><strong>tur,</strong></span> <span class='ocrx_word' id='word_1_90' title='bbox 302 2303 491 2408; x_wconf 83' lang='lat' dir='ltr'><strong>pret&#39;atus</strong></span> <span class='ocrx_word' id='word_1_91' title='bbox 531 2300 772 2401; x_wconf 82' lang='lat' dir='ltr'><strong>magnificus</strong></span> <span class='ocrx_word' id='word_1_92' title='bbox 811 2309 853 2380; x_wconf 91' lang='lat' dir='ltr'><strong>et</strong></span> <span class='ocrx_word' id='word_1_93' title='bbox 879 2307 1031 2406; x_wconf 89' lang='lat' dir='ltr'><strong>potens</strong></span> <span class='ocrx_word' id='word_1_94' title='bbox 1069 2301 1258 2380; x_wconf 88' lang='lat' dir='ltr'><strong>dominus</strong></span> 
     </span>
     <span class='ocr_line' id='line_1_17' title="bbox 171 2421 1259 2518; baseline 0.003 -20"><span class='ocrx_word' id='word_1_95' title='bbox 171 2423 491 2502; x_wconf 87' lang='lat' dir='ltr'><strong>Sandallus</strong></span> <span class='ocrx_word' id='word_1_96' title='bbox 519 2447 570 2504; x_wconf 86' lang='lat' dir='ltr'><strong>ac</strong></span> <span class='ocrx_word' id='word_1_97' title='bbox 597 2423 661 2501; x_wconf 88' lang='lat' dir='ltr'><strong>sui</strong></span> <span class='ocrx_word' id='word_1_98' title='bbox 700 2421 768 2501; x_wconf 89' lang='lat' dir='ltr'><strong>lilii</strong></span> <span class='ocrx_word' id='word_1_99' title='bbox 796 2430 839 2501; x_wconf 93' lang='lat' dir='ltr'><strong>et</strong></span> <span class='ocrx_word' id='word_1_100' title='bbox 865 2423 1075 2518; x_wconf 88' lang='lat' dir='ltr'><strong>heredes,</strong></span> <span class='ocrx_word' id='word_1_101' title='bbox 1110 2426 1150 2502; x_wconf 90' lang='lat' dir='ltr'><strong>in</strong></span> <span class='ocrx_word' id='word_1_102' title='bbox 1179 2425 1259 2503; x_wconf 87' lang='lat' dir='ltr'><strong>Ve-</strong></span> 
     </span>
    </p>
   </div>
   <div class='ocr_carea' id='block_1_5' title="bbox 27 2543 1295 2646">
    <p class='ocr_par' dir='ltr' id='par_1_5' title="bbox 27 2533 1295 2646">
     <span class='ocr_line' id='line_1_18' title="bbox 27 2543 1295 2646; baseline 0 -24"><span class='ocrx_word' id='word_1_103' title='bbox 27 2569 29 2572; x_wconf 86' lang='lat'>·</span> <span class='ocrx_word' id='word_1_104' title='bbox 170 2545 292 2624; x_wconf 89' lang='lat' dir='ltr'><strong>netiis</strong></span> <span class='ocrx_word' id='word_1_105' title='bbox 333 2553 375 2624; x_wconf 91' lang='lat' dir='ltr'><strong>et</strong></span> <span class='ocrx_word' id='word_1_106' title='bbox 417 2553 536 2624; x_wconf 88' lang='lat' dir='ltr'><strong>extra</strong></span> <span class='ocrx_word' id='word_1_107' title='bbox 577 2544 733 2645; x_wconf 90' lang='lat' dir='ltr'><strong>ubique</strong></span> <span class='ocrx_word' id='word_1_108' title='bbox 775 2543 970 2630; x_wconf 87' lang='lat' dir='ltr'><strong>locorum</strong></span> <span class='ocrx_word' id='word_1_109' title='bbox 1016 2545 1259 2646; x_wconf 85' lang='lat' dir='ltr'><strong>plenissime</strong></span> <span class='ocrx_word' id='word_1_110' title='bbox 1292 2572 1295 2580; x_wconf 57' lang='lat'><strong><em>¹</em></strong></span> 
     </span>
    </p>
   </div>
   <div class='ocr_carea' id='block_1_6' title="bbox 170 2662 1259 3377">
    <p class='ocr_par' dir='ltr' id='par_1_6' title="bbox 170 2662 1259 3377">
     <span class='ocr_line' id='line_1_19' title="bbox 171 2662 1258 2771; baseline -0.001 -29"><span class='ocrx_word' id='word_1_111' title='bbox 171 2667 380 2766; x_wconf 84' lang='lat' dir='ltr'><strong>gaudeant</strong></span> <span class='ocrx_word' id='word_1_112' title='bbox 405 2669 615 2771; x_wconf 89' lang='lat' dir='ltr'><strong>perpetuo</strong></span> <span class='ocrx_word' id='word_1_113' title='bbox 645 2675 687 2742; x_wconf 89' lang='lat' dir='ltr'><strong>et</strong></span> <span class='ocrx_word' id='word_1_114' title='bbox 713 2669 893 2742; x_wconf 88' lang='lat' dir='ltr'><strong>utantur.</strong></span> <span class='ocrx_word' id='word_1_115' title='bbox 931 2662 1057 2742; x_wconf 88' lang='lat' dir='ltr'><strong>Nobis</strong></span> <span class='ocrx_word' id='word_1_116' title='bbox 1085 2689 1258 2767; x_wconf 89' lang='lat' dir='ltr'><strong>quoque</strong></span> 
     </span>
     <span class='ocr_line' id='line_1_20' title="bbox 170 2783 1259 2891; baseline 0.001 -29"><span class='ocrx_word' id='word_1_117' title='bbox 170 2784 282 2864; x_wconf 90' lang='lat' dir='ltr'><strong>idem</strong></span> <span class='ocrx_word' id='word_1_118' title='bbox 310 2786 554 2888; x_wconf 84' lang='lat' dir='ltr'><strong>magnificus</strong></span> <span class='ocrx_word' id='word_1_119' title='bbox 585 2793 626 2864; x_wconf 88' lang='lat' dir='ltr'><strong>et</strong></span> <span class='ocrx_word' id='word_1_120' title='bbox 652 2793 802 2891; x_wconf 91' lang='lat' dir='ltr'><strong>potens</strong></span> <span class='ocrx_word' id='word_1_121' title='bbox 830 2785 1021 2864; x_wconf 90' lang='lat' dir='ltr'><strong>dominus</strong></span> <span class='ocrx_word' id='word_1_122' title='bbox 1050 2783 1259 2864; x_wconf 81' lang='lat' dir='ltr'><strong>Sandal·</strong></span> 
     </span>
     <span class='ocr_line' id='line_1_21' title="bbox 171 2907 1259 3012; baseline 0.001 -28"><span class='ocrx_word' id='word_1_123' title='bbox 171 2907 263 2984; x_wconf 91' lang='lat' dir='ltr'><strong>lus</strong></span> <span class='ocrx_word' id='word_1_124' title='bbox 301 2932 380 3012; x_wconf 90' lang='lat' dir='ltr'><strong>per</strong></span> <span class='ocrx_word' id='word_1_125' title='bbox 407 2933 526 2986; x_wconf 90' lang='lat' dir='ltr'><strong>suum</strong></span> <span class='ocrx_word' id='word_1_126' title='bbox 553 2913 877 3010; x_wconf 83' lang='lat' dir='ltr'><strong>procuratorem</strong></span> <span class='ocrx_word' id='word_1_127' title='bbox 906 2907 1165 3006; x_wconf 85' lang='lat' dir='ltr'><strong>legitimum,</strong></span> <span class='ocrx_word' id='word_1_128' title='bbox 1208 2907 1259 2985; x_wconf 86' lang='lat' dir='ltr'><strong>ad</strong></span> 
     </span>
     <span class='ocr_line' id='line_1_22' title="bbox 172 3016 1258 3130; baseline -0.001 -24"><span class='ocrx_word' id='word_1_129' title='bbox 172 3016 390 3130; x_wconf 80' lang='lat' dir='ltr'><strong>evangelia</strong></span> <span class='ocrx_word' id='word_1_130' title='bbox 413 3038 555 3108; x_wconf 89' lang='lat' dir='ltr'><strong>sancta</strong></span> <span class='ocrx_word' id='word_1_131' title='bbox 571 3031 652 3126; x_wconf 91' lang='lat' dir='ltr'><strong>dei,</strong></span> <span class='ocrx_word' id='word_1_132' title='bbox 682 3029 885 3107; x_wconf 87' lang='lat' dir='ltr'><strong>soleniter</strong></span> <span class='ocrx_word' id='word_1_133' title='bbox 912 3027 1120 3108; x_wconf 81' lang='lat' dir='ltr'><strong>fidelitatis</strong></span> <span class='ocrx_word' id='word_1_134' title='bbox 1147 3027 1258 3106; x_wconf 90' lang='lat' dir='ltr'><strong>debi-</strong></span> 
     </span>
     <span class='ocr_line' id='line_1_23' title="bbox 171 3148 1256 3257; baseline 0.001 -31"><span class='ocrx_word' id='word_1_135' title='bbox 171 3156 257 3227; x_wconf 93' lang='lat' dir='ltr'><strong>tum</strong></span> <span class='ocrx_word' id='word_1_136' title='bbox 284 3151 466 3257; x_wconf 89' lang='lat' dir='ltr'><strong>prestitit</strong></span> <span class='ocrx_word' id='word_1_137' title='bbox 487 3155 784 3254; x_wconf 87' lang='lat' dir='ltr'><strong>juramentum.</strong></span> <span class='ocrx_word' id='word_1_138' title='bbox 812 3149 859 3227; x_wconf 89' lang='lat' dir='ltr'><strong>ln</strong></span> <span class='ocrx_word' id='word_1_139' title='bbox 875 3174 1055 3251; x_wconf 89' lang='lat' dir='ltr'><strong>quorum</strong></span> <span class='ocrx_word' id='word_1_140' title='bbox 1071 3148 1256 3227; x_wconf 90' lang='lat' dir='ltr'><strong>omnium</strong></span> 
     </span>
     <span class='ocr_line' id='line_1_24' title="bbox 172 3265 1256 3377; baseline 0 -29"><span class='ocrx_word' id='word_1_141' title='bbox 172 3265 298 3351; x_wconf 88' lang='lat' dir='ltr'><strong>tidem</strong></span> <span class='ocrx_word' id='word_1_142' title='bbox 327 3281 371 3350; x_wconf 90' lang='lat' dir='ltr'><strong>et</strong></span> <span class='ocrx_word' id='word_1_143' title='bbox 398 3271 647 3352; x_wconf 90' lang='lat' dir='ltr'><strong>evidentiam</strong></span> <span class='ocrx_word' id='word_1_144' title='bbox 674 3273 947 3377; x_wconf 69' lang='lat' dir='ltr'><strong>pleniorem,</strong></span> <span class='ocrx_word' id='word_1_145' title='bbox 972 3295 1148 3374; x_wconf 88' lang='lat' dir='ltr'><strong>presens</strong></span> <span class='ocrx_word' id='word_1_146' title='bbox 1175 3271 1256 3374; x_wconf 92' lang='lat' dir='ltr'><strong>pri·</strong></span> 
     </span>
    </p>
   </div>
   <div class='ocr_carea' id='block_1_7' title="bbox 28 3391 1377 3618">
    <p class='ocr_par' dir='ltr' id='par_1_7' title="bbox 28 3391 1377 3618">
     <span class='ocr_line' id='line_1_25' title="bbox 172 3391 1377 3494; baseline -0.002 -22"><span class='ocrx_word' id='word_1_147' title='bbox 172 3392 369 3494; x_wconf 86' lang='lat' dir='ltr'><strong>vilegium</strong></span> <span class='ocrx_word' id='word_1_148' title='bbox 397 3393 488 3473; x_wconf 83' lang='lat' dir='ltr'><strong>fieri</strong></span> <span class='ocrx_word' id='word_1_149' title='bbox 522 3394 718 3493; x_wconf 82' lang='lat' dir='ltr'><strong>Jussimus</strong></span> <span class='ocrx_word' id='word_1_150' title='bbox 748 3398 791 3472; x_wconf 89' lang='lat' dir='ltr'><strong>et</strong></span> <span class='ocrx_word' id='word_1_151' title='bbox 818 3391 933 3471; x_wconf 88' lang='lat' dir='ltr'><strong>bulla</strong></span> <span class='ocrx_word' id='word_1_152' title='bbox 960 3399 1104 3471; x_wconf 89' lang='lat' dir='ltr'><strong>nostra</strong></span> <span class='ocrx_word' id='word_1_153' title='bbox 1130 3414 1256 3470; x_wconf 89' lang='lat' dir='ltr'><strong>aurea</strong></span> <span class='ocrx_word' id='word_1_154' title='bbox 1373 3442 1377 3451; x_wconf 79' lang='lat'><strong>,</strong></span> 
     </span>
     <span class='ocr_line' id='line_1_26' title="bbox 28 3511 1256 3618; baseline -0.007 -22"><span class='ocrx_word' id='word_1_155' title='bbox 28 3584 32 3596; x_wconf 90' lang='lat'><em>.</em></span> <span class='ocrx_word' id='word_1_156' title='bbox 173 3515 383 3618; x_wconf 88' lang='lat' dir='ltr'><strong>pendente</strong></span> <span class='ocrx_word' id='word_1_157' title='bbox 410 3516 572 3592; x_wconf 90' lang='lat' dir='ltr'><strong>muniri.</strong></span> <span class='ocrx_word' id='word_1_158' title='bbox 608 3513 755 3592; x_wconf 89' lang='lat' dir='ltr'><strong>Datum</strong></span> <span class='ocrx_word' id='word_1_159' title='bbox 785 3513 825 3592; x_wconf 91' lang='lat' dir='ltr'><strong>in</strong></span> <span class='ocrx_word' id='word_1_160' title='bbox 854 3520 998 3591; x_wconf 86' lang='lat' dir='ltr'><strong>nostro</strong></span> <span class='ocrx_word' id='word_1_161' title='bbox 1027 3511 1165 3591; x_wconf 86' lang='lat' dir='ltr'><strong>ducali</strong></span> <span class='ocrx_word' id='word_1_162' title='bbox 1191 3536 1256 3613; x_wconf 90' lang='lat' dir='ltr'><strong>pa·</strong></span> 
     </span>
    </p>
   </div>
   <div class='ocr_carea' id='block_1_8' title="bbox 174 3633 1258 3993">
    <p class='ocr_par' dir='ltr' id='par_1_8' title="bbox 174 3633 1258 3993">
     <span class='ocr_line' id='line_1_27' title="bbox 174 3633 1258 3736; baseline -0.001 -24"><span class='ocrx_word' id='word_1_163' title='bbox 174 3637 290 3736; x_wconf 90' lang='lat' dir='ltr'><strong>latio,</strong></span> <span class='ocrx_word' id='word_1_164' title='bbox 320 3661 429 3716; x_wconf 91' lang='lat' dir='ltr'><strong>auno</strong></span> <span class='ocrx_word' id='word_1_165' title='bbox 447 3634 684 3715; x_wconf 90' lang='lat' dir='ltr'><strong>dominicae</strong></span> <span class='ocrx_word' id='word_1_166' title='bbox 712 3635 1008 3715; x_wconf 87' lang='lat' dir='ltr'><strong>iucarnationis</strong></span> <span class='ocrx_word' id='word_1_167' title='bbox 1034 3633 1258 3714; x_wconf 87' lang='lat' dir='ltr'><strong>millesimo</strong></span> 
     </span>
     <span class='ocr_line' id='line_1_28' title="bbox 175 3751 1258 3862; baseline -0.001 -29"><span class='ocrx_word' id='word_1_168' title='bbox 175 3757 584 3858; x_wconf 85' lang='lat' dir='ltr'><strong>quadringentesimo</strong></span> <span class='ocrx_word' id='word_1_169' title='bbox 613 3757 793 3862; x_wconf 84' lang='lat' dir='ltr'><strong>decimo,</strong></span> <span class='ocrx_word' id='word_1_170' title='bbox 820 3755 975 3834; x_wconf 84' lang='lat' dir='ltr'><strong>mensis</strong></span> <span class='ocrx_word' id='word_1_171' title='bbox 989 3753 1176 3832; x_wconf 83' lang='lat' dir='ltr'><strong>Januarii</strong></span> <span class='ocrx_word' id='word_1_172' title='bbox 1191 3751 1258 3832; x_wconf 86' lang='lat' dir='ltr'><strong>die</strong></span> 
     </span>
     <span class='ocr_line' id='line_1_29' title="bbox 175 3877 778 3993; baseline 0.003 -39"><span class='ocrx_word' id='word_1_173' title='bbox 175 3880 335 3981; x_wconf 90' lang='lat' dir='ltr'><strong>quinto,</strong></span> <span class='ocrx_word' id='word_1_174' title='bbox 363 3877 778 3993; x_wconf 30' lang='lat' dir='ltr'><strong>indictione&#39;quarta.</strong></span> 
     </span>
    </p>
   </div>
   <div class='ocr_carea' id='block_1_9' title="bbox 521 4063 1213 4174">
    <p class='ocr_par' dir='ltr' id='par_1_9' title="bbox 521 4063 1213 4174">
     <span class='ocr_line' id='line_1_30' title="bbox 521 4063 1213 4174; baseline -0.012 -40"><span class='ocrx_word' id='word_1_175' title='bbox 521 4066 633 4134; x_wconf 85' lang='lat' dir='ltr'><strong>Liber</strong></span> <span class='ocrx_word' id='word_1_176' title='bbox 655 4067 815 4174; x_wconf 70' lang='lat' dir='ltr'><strong>privileg.</strong></span> <span class='ocrx_word' id='word_1_177' title='bbox 839 4067 963 4146; x_wconf 81' lang='lat' dir='ltr'><strong>imus,</strong></span> <span class='ocrx_word' id='word_1_178' title='bbox 987 4063 1117 4130; x_wconf 86' lang='lat' dir='ltr'><strong>charta</strong></span> <span class='ocrx_word' id='word_1_179' title='bbox 1141 4063 1213 4130; x_wconf 82' lang='grc'><strong>168.</strong></span> 
     </span>
    </p>
   </div>
   <div class='ocr_carea' id='block_1_10' title="bbox 0 0 1603 5112">
    <p class='ocr_par' dir='ltr' id='par_1_10' title="bbox 0 0 1603 5112">
     <span class='ocr_line' id='line_1_31' title="bbox 0 0 1603 5112; baseline 0 0"><span class='ocrx_word' id='word_1_180' title='bbox 0 0 1603 5112; x_wconf 95' lang='lat' dir='ltr'><strong> </strong></span> 
     </span>
    </p>
   </div>
  </div>
 </body>
</html>
