3226 5112
355 595 465 682 sunt,
491 611 543 667 ne
570 611 650 690 pro
691 587 773 666 tide
802 603 877 663 suo
903 585 956 667 od
983 589 1170 666 nostrum
1212 587 1443 668 dominium

354 710 655 810 relinquuntur.
683 708 736 786 tit
762 709 877 809 quod
892 731 1040 786 omues
1063 707 1443 797 bostite,t'ebricute

355 831 408 908 de
435 852 546 906 novo
574 853 654 932 per
681 829 957 905 comitem
985 827 1264 906 stefanum
1289 829 1333 906 iu
1361 829 1443 905 iilis

353 947 555 1054 pertibus,
585 947 836 1024 dirrusutur.
862 945 915 1025 Et
929 949 964 1024 si
979 969 1055 1048 per
1084 946 1285 1026 comitem
1300 945 1444 1027 Ceteri

355 1065 491 1144 dictus
519 1089 664 1143 comes
692 1063 858 1142 Scutori
886 1065 1012 1144 fuerit
1034 1065 1281 1142 informatus
1296 1066 1348 1143 de
1363 1091 1445 1145 me·

358 1185 532 1264 iioribus
573 1183 881 1264 conditionibus
908 1185 1184 1287 requirendis,
1221 1211 1300 1288 pro
1330 1193 1443 1266 bono

357 1304 534 1386 civitatis
570 1313 613 1381 et
639 1303 850 1382 districtus
890 1301 1057 1400 Ceteri,
1097 1315 1301 1406 procuret
1327 1309 1443 1386 iuxta

356 1450 484 1530 posse
511 1423 739 1502 secuudum
780 1423 892 1501 iilum
931 1422 1271 1504 informationem
1298 1428 1441 1506 fecere

357 1547 616 1652 praedictam
642 1567 803 1646 pacem.
830 1543 884 1620 lit
898 1541 954 1621 its
968 1543 1175 1621 scribatur
1201 1547 1345 1625 comiti
1370 1545 1444 1626 Ca·

360 1659 461 1754 tori,
499 1674 545 1743 ut
583 1663 737 1742 debeat
775 1665 1004 1742 informare
1042 1665 1239 1746 comitem
1280 1665 1445 1746 Scuturi

356 1787 632 1890 praedictum.
669 1783 714 1861 Si
741 1808 846 1864 vero
876 1809 1020 1863 comes
1049 1785 1215 1864 Souteri
1242 1809 1324 1864 uou
1351 1811 1446 1888 pos·

358 1914 426 1987 set
453 1907 595 1984 facere
623 1927 783 2006 pacem,
815 1907 1072 1984 remanendo
1106 1905 1252 1984 comiti
1274 1903 1445 1984 stefano

358 2023 669 2106 Antibarum
704 2023 855 2110 solum,
884 2023 1116 2102 strideret
1144 2025 1257 2126 quod
1285 2025 1445 2104 distric-

359 2153 427 2224 tus
467 2143 656 2222 Autibsri
691 2144 916 2248 impediret
956 2146 1273 2224 conclusionem
1313 2149 1446 2249 pacis,

359 2269 495 2371 possit
521 2268 658 2346 dictus
686 2291 833 2346 comos
861 2264 1028 2343 Scuturi
1054 2265 1268 2344 dimittere
1288 2265 1447 2345 distric-

360 2397 448 2467 tum
473 2387 692 2476 Antibsri,
733 2387 804 2487 qui
831 2391 897 2464 eet
924 2386 965 2463 iu
993 2387 1182 2466 menibus
1209 2386 1378 2474 uostris,
1405 2395 1449 2464 et

358 2507 471 2585 iilum
498 2508 600 2585 dore
626 2530 705 2608 pro
735 2506 929 2584 hobeudo
956 2530 1105 2610 pacem
1135 2508 1383 2610 predictum.

461 2626 567 2706 Item
603 2626 814 2704 scribatur
847 2633 889 2704 et
914 2629 1134 2703 mundetur
1173 2625 1320 2706 comiti
1361 2625 1448 2704 Cs-

361 2747 498 2838 turi,
536 2747 647 2848 quod
689 2745 944 2825 Coiciuo
979 2745 1377 2826 durassevteh
1405 2752 1449 2824 et

362 2869 543 2948 tratri
570 2893 663 2960 suo,
690 2869 802 2946 iuxto
829 2869 1158 2972 promissionem
1191 2866 1270 2944 sibi
1297 2864 1447 2946 fuctum

361 2989 463 3068 dure
499 2987 651 3067 debeat
684 2988 868 3076 victum,
895 2995 941 3066 ut
966 2991 1216 3091 perseveret
1242 2987 1283 3063 in
1312 2983 1449 3064 obedi·

363 3109 489 3208 entis,
518 3115 561 3185 et
588 3105 701 3210 quod
728 3109 806 3184 sub
835 3106 1196 3197 comestabilibus,
1223 3104 1447 3207 quosiliuc

323 3219 328 3228 ’
362 3227 560 3313 misimus,
589 3249 671 3304 uon
700 3229 880 3328 reponat
907 3249 987 3304 uec
1014 3223 1170 3304 scribet
1197 3225 1379 3328 ediquem
1393 3224 1449 3300 ul·

358 3351 403 3426 -Ιο
432 3346 574 3436 modo,
601 3349 710 3426 sicut
736 3345 861 3423 ettam
889 3345 989 3424 otios
1014 3343 1093 3424 sibi
1107 3346 1343 3445 mapdstum
1360 3345 1447 3432 tuit·

363 3479 406 3550 et
432 3468 467 3546 si
494 3493 517 3547 o
545 3469 702 3545 comite
729 3465 894 3544 Scuturi
923 3464 1048 3544 tuerit
1075 3465 1315 3568 requisitus,
1335 3465 1447 3569 quod

356 3591 417 3668 -de
444 3587 524 3666 iilis
551 3585 759 3690 peditibus
794 3585 928 3664 mittet
952 3579 1071 3666 XXV
1098 3593 1170 3666 sut
1197 3586 1346 3666 saitem
1372 3581 1446 3662 XX

359 3735 442 3813 pro
472 3709 649 3790 castello
678 3706 884 3786 Drivss
901 3707 970 3796 tt,
993 3705 1145 3784 debeat
1171 3707 1281 3785 idem
1304 3727 1445 3784 comes

364 3833 531 3909 mittere
557 3829 651 3907 ilios
677 3828 933 3914 Devotum,
970 3827 1079 3905 sicut
1103 3853 1129 3905 u
1156 3828 1315 3906 comite
1350 3824 1443 3904 Scu-

358 3951 439 4030 tsri
467 3949 593 4027 fuerit
617 3945 852 4049 requisitus.
878 3944 932 4024 iit
953 3945 1007 4022 de
1037 3944 1123 4024 boc
1148 3947 1272 4024 detur
1300 3946 1444 4028 notitia

363 4069 505 4151 comiti
534 4067 701 4148 Scuteri
727 4089 807 4170 pro
834 4088 908 4144 sue
934 4064 1245 4146 iniormstioue.
1303 4102 1305 4106 ¹

699 4223 802 4288 Beer.
827 4240 929 4288 cons.
952 4237 1031 4305 rog.
1054 4219 1128 4286 Lib.
1152 4216 1230 4286 XV.
1248 4221 1311 4288 cit.
1333 4219 1403 4286 ibt.
