3192 5112
189 602 222 678 si
248 595 370 680 nobis
395 601 545 706 piacet,
571 607 616 680 ut
642 621 688 677 se
714 599 950 704 interponet
972 601 1025 680 de
1041 603 1276 684 concordie

188 725 299 801 inter
311 731 451 827 partes
466 729 508 800 et
524 729 602 801 eet.
630 717 948 824 Respondentur
964 721 1078 822 qued
1093 723 1134 800 in
1151 722 1278 802 omni·

190 845 266 920 bus
293 843 413 924 tectis
441 842 619 926 nostris,
661 840 722 919 sie
749 841 873 944 plene
902 839 1211 920 confideremus
1236 841 1277 920 in

191 987 267 1056 eo,
308 964 415 1042 sieut
451 961 492 1039 in
529 959 676 1050 nobis,
714 971 756 1040 et
784 962 895 1063 quod
936 962 1027 1051 scit,
1055 987 1163 1065 quse
1204 957 1279 1042 iuit

189 1083 362 1161 intentio
392 1081 754 1165 nostre,rideiicet
781 1083 1013 1186 reeipiendi
1040 1081 1279 1162 Jedretinns

190 1201 239 1280 nd
266 1204 438 1302 gretiam
467 1213 666 1294 nostram,
694 1200 883 1280 dentibus
911 1203 972 1282 eis
999 1201 1138 1284 nobis.
1179 1203 1278 1282 iibe-

191 1345 280 1400 rum
309 1320 539 1400 dominium
570 1322 745 1402 civitatis
771 1321 948 1415 Jedree,
988 1322 1110 1400 salvis
1136 1339 1279 1424 persu-

189 1445 251 1520 nis
292 1451 335 1522 et
376 1442 550 1523 habere.
603 1443 655 1522 Et
693 1443 860 1522 novitus
900 1441 1088 1521 videntes
1129 1465 1278 1522 eorum

190 1563 400 1662 duritiem,
430 1566 607 1644 fecimus
634 1566 727 1644 fieri
756 1587 876 1643 unum
907 1565 1076 1656 endam,
1106 1562 1278 1666 quodsi

189 1685 294 1762 intre
323 1693 424 1764 octo
453 1685 544 1762 dies
570 1687 724 1765 velient
765 1686 865 1764 dare
906 1685 1029 1763 nobis
1070 1683 1278 1764 civitatem

191 1805 354 1892 iibere,
384 1815 428 1885 ut
457 1815 520 1885 est
561 1807 739 1898 dietum,
782 1807 1072 1912 reciperemus
1113 1831 1189 1884 eos
1229 1807 1278 1884 nd

191 1929 366 2028 gretiam
408 1927 531 2006 salvis
569 1929 764 2032 personis
801 1935 842 2006 et
870 1926 1053 2017 hevere;
1093 1929 1277 2030 alioquin

193 2051 336 2152 elapso
376 2051 555 2127 termino
591 2051 742 2127 nulium
781 2049 1068 2127 remissionem
1096 2051 1162 2128 vei
1189 2075 1278 2151 gre·

192 2169 287 2246 tiam
328 2167 561 2247 invenirent
589 2169 786 2266 anobis,
828 2177 893 2248 set
920 2169 972 2244 de
1001 2191 1147 2248 eorum
1187 2193 1279 2275 per·

190 2291 303 2368 sonis
332 2287 520 2368 ethonis
547 2291 668 2370 tieret
695 2291 924 2372 secundum
953 2291 1095 2394 culpes
1117 2315 1277 2372 eorum.

292 2481 357 2562 Ad
384 2481 646 2560 ultimum
677 2483 915 2588 capitulum,
935 2479 986 2557 de
1015 2479 1164 2564 fecto
1192 2451 1280 2562 Te·

192 2600 335 2687 nini,
377 2627 472 2681 cum
512 2603 645 2708 ipsum
688 2605 913 2706 capitulum
950 2603 1000 2680 eb
1028 2605 1184 2685 unione
1212 2606 1279 2684 de·

190 2721 396 2822 pendeat,
424 2747 507 2804 nun
535 2726 704 2826 expedit
731 2725 1067 2826 praesentialiter
1107 2747 1279 2830 respon·

193 2843 309 2920 dere.
609 2917 612 2922 .

677 2946 783 3014 Serr.
805 2947 934 3034 Roget.
956 2945 1030 3014 Lib.
1054 2945 1079 3011 1.
1104 2948 1162 3014 etr.
1183 2947 1238 3014 ss.

325 3150 524 3254 LXIV·
555 3175 666 3252 1346.
697 3176 723 3250 lt
760 3169 1150 3278 Septembris.

71 3377 75 3386 ·
158 3331 162 3343 1
189 3361 394 3421 enmono
418 3381 631 3439 oproeopsrs
657 3381 758 3441 ηοω]
790 3365 956 3440 l'psrnpttt
980 3365 1150 3444 upplun,
1174 3385 1279 3430 noso·

190 3467 279 3526 sen
303 3483 340 3526 n
363 3485 542 3538 serpen,
575 3487 613 3541 ns
647 3471 686 3530 ie
717 3489 751 3526 rs
778 3485 931 3543 npsuurs
966 3487 1005 3528 se
1040 3488 1195 3532 suuper·-
1220 3490 1279 3532 ιιο

192 3585 273 3642 ιαμ
284 3587 323 3644 Α·
337 3587 377 3632 ee
392 3589 533 3652 nostro,
546 3573 707 3632 suintune
721 3573 804 3648 desp
829 3575 1055 3634 sosannim
1075 3591 1114 3630 ss
1126 3573 1281 3638 amdan.

295 3737 438 3845 Cepta:
467 3739 572 3820 Cum
601 3765 747 3821 eomes
782 3741 1112 3842 Gregorius
1149 3741 1280 3821 Chu-

194 3857 399 3953 riustri,
426 3886 504 3964 per
530 3887 648 3940 suum
676 3864 991 3941 embuxntorem
1017 3859 1140 3940 nobis
1169 3863 1279 3942 iece-

193 3979 247 4056 rit
274 3979 492 4082 suplicnri‚
529 3989 574 4060 ut
601 4007 696 4063 eum
725 3980 776 4060 ed
805 3981 979 4082 gratiam
1006 3989 1190 4062 nostrum
1217 4007 1279 4062 re·

182 4097 338 4202 ·cipere
367 4099 653 4200 dignaremus,
681 4101 791 4180 redit
817 4123 939 4206 pars:
967 4103 1080 4204 quod
1108 4129 1280 4210 respon·

194 4219 343 4296 dentur
369 4218 420 4307 ei,
448 4223 562 4324 quod
584 4223 686 4302 satis
717 4231 780 4302 est
805 4225 960 4304 mundo
1000 4227 1166 4306 notorie
1192 4249 1278 4329 grs-
