3212 5116
1211 399 1273 477 2⁰1

184 617 254 688 tur
282 619 327 690 et
355 611 598 692 comittatur
639 607 857 714 capitaneo
894 615 1040 688 nostro
1096 591 1273 719 Culpny‚

185 733 301 835 quod
328 732 562 811 efficaciter
587 737 792 832 procuret
820 729 984 808 habere
1007 732 1056 809 ab
1085 733 1176 838 ipso
1199 735 1269 812 Ju-

186 875 232 928 ra
266 853 546 937 solutionem,
603 850 822 927 emendem
864 857 906 929 ct
946 851 1274 932 satisfactionem

182 975 410 1076 plenariam
438 971 491 1050 de
520 969 713 1049 omnibus
740 971 890 1047 debitis
914 979 956 1048 et
984 971 1140 1052 damnis
1156 1000 1274 1078 prae·

6 1079 7 1142 i
75 1175 86 1202 ο
183 1095 317 1182 dictis,
346 1117 527 1197 quorum
558 1092 684 1195 copia
712 1090 791 1169 sibi
814 1092 1000 1170 mittatur
1013 1116 1091 1198 pro
1116 1122 1190 1175 sua
1218 1097 1274 1177 in·

185 1215 454 1294 formatione.
507 1212 629 1312 Quod
656 1213 690 1288 si
716 1213 873 1314 poterit
907 1215 1098 1294 obtinere
1152 1221 1276 1296 bene·

185 1337 368 1439 quidem.
421 1336 617 1438 Alioquin
659 1335 844 1434 assignet
895 1335 1012 1414 ilium
1052 1341 1276 1418 terminum
1423 1341 1426 1345 ’

186 1459 258 1560 qui
285 1458 363 1534 sibi
392 1455 612 1544 videbitur,
642 1453 800 1532 civibus
829 1461 871 1532 et
897 1455 1090 1536 fidelibus
1118 1463 1273 1540 nostris

183 1582 224 1656 in
254 1579 361 1659 locis
390 1585 432 1656 et
459 1577 646 1681 partibus
675 1576 803 1678 ipsius
831 1577 963 1655 Jurae
997 1585 1276 1661 conversanti·

184 1701 276 1788 bus,
303 1699 409 1775 infra
438 1721 561 1800 quem
590 1697 771 1794 debeant
797 1723 892 1775 cum
919 1702 1109 1800 personis
1146 1701 1273 1780 rebus

183 1827 227 1900 et
267 1823 391 1902 bonis
446 1821 532 1897 suis
562 1819 613 1896 de
668 1818 790 1896 dictis
845 1821 950 1899 focis
1003 1830 1045 1900 et
1084 1823 1274 1927 partibus

185 1945 420 2028 recedere,
448 1965 531 2043 quo
561 1940 743 2020 termino
799 1942 944 2040 elapso
974 1943 1010 2019 si
1037 1968 1121 2024 non
1152 1945 1279 2024 fuerit

96 2087 100 2092 ·
183 2063 456 2165 adimpletum
498 2067 541 2148 ut
568 2070 633 2140 est
659 2061 846 2150 dictum,
889 2061 997 2139 idem
1038 2065 1279 2168 capitaneus

183 2185 467 2262 intromittere
522 2181 696 2268 debeat,
751 2209 846 2262 cum
874 2183 1103 2263 securitate
1141 2192 1277 2263 tamen

183 2305 396 2404 galearum
426 2311 468 2381 et
483 2302 617 2403 gentis
644 2301 723 2380 sibi
751 2304 969 2395 comissas,
1001 2307 1111 2384 bona
1140 2309 1279 2385 omnia

184 2433 229 2504 et
253 2425 411 2502 havere
438 2424 567 2533 ipsins
608 2423 739 2502 surae
770 2431 812 2502 et
840 2426 992 2504 civium
1023 2435 1066 2506 et
1093 2427 1277 2507 subdito·

183 2569 479 2642 romanorum,
509 2543 750 2646 ubicunque
776 2553 975 2648 poterunt
1001 2547 1188 2634 inveniri,
1215 2575 1278 2626 us·

185 2689 267 2766 qne
307 2666 509 2763 integram
538 2665 815 2750 solutionem,
845 2666 1063 2744 emendam
1092 2675 1135 2746 et
1162 2669 1274 2745 satis·

132 2833 136 2840 -
185 2785 411 2862 factionem
464 2785 709 2862 damnorum
764 2795 806 2864 et
860 2784 1097 2863 debitorum
1159 2811 1278 2891 prae·

186 2905 409 2984 dictorum.

573 3046 669 3112 Misti
693 3045 751 3111 del
775 3047 916 3113 senato
941 3047 1101 3114 XXXIV.
1125 3045 1180 3114 chss
1204 3051 1236 3112 2.
1303 3045 1311 3056 '

345 3269 618 3368 cxxxii.
674 3291 1122 3370 1373.15.Martii.

198 3524 293 3578 itanc
318 3521 457 3597 hypate
480 3521 652 3578 Baarnnin
678 3521 760 3576 reite
784 3536 908 3578 necaro
931 3537 966 3590 aa
993 3535 1135 3588 cannara
1166 3533 1282 3576 mrere

190 3627 377 3693 narrasse,
399 3641 474 3682 rnna
500 3639 599 3682 omne
624 3621 740 3682 iomrn
766 3641 784 3680 n
810 3639 896 3681 nore
920 3639 1037 3680 rnrerc
1062 3641 1145 3681 rans
1170 3625 1282 3681 Maer-

194 3729 333 3796 mrhmra,
358 3745 400 3785 ro
426 3745 466 3788 ce
489 3745 619 3785 sarano
645 3743 812 3802 nancrany
837 3729 962 3803 ityaoa,
985 3745 1023 3797 aa
1048 3743 1188 3785 sexreea
1214 3744 1279 3796 oar,

189 3834 302 3904 bypba
329 3849 486 3916 noruysy
504 3849 647 3907 πωπω]
663 3848 734 3892 oen
758 3847 886 3903 macra,
911 3847 1015 3889 unare
1037 3849 1074 3903 aa
1096 3849 1136 3890 ce
1158 3849 1281 3890 nanta·

191 3953 232 3992 τι
260 3952 326 4004 oar»
354 3951 488 3994 carons
513 3953 661 4011 asyseru
685 3937 813 4011 rotiapa
832 3938 946 4012 hypio
962 3953 981 3992 n
1006 3938 1143 3994 enroesr
1165 3935 1281 4006 sinnii.

296 4121 452 4226 Capta:
481 4080 752 4222 QuiaJura
787 4121 1107 4212 deBalsae‚
1150 4122 1279 4203 domi·

191 4269 269 4322 nus
309 4242 845 4336 Avatonae,Bndae
887 4251 929 4322 et
955 4245 1132 4324 aliorum
1161 4243 1276 4323 ioco·
