3230 5104
1218 357 1289 435 ,52³

182 572 455 656 ventionibus
488 567 845 674 promissionibus
880 569 923 650 et
951 560 1292 664 obligationibus,

182 721 264 802 pro
293 690 619 773 conservatione
648 696 690 766 et
727 686 979 766 defensione
1019 683 1290 773 sanctissime

186 815 423 895 Christiane
440 809 662 910 religionis
679 816 721 886 et
744 805 1071 909 ampiificatione
1105 803 1286 882 nominis

186 934 344 1014 Christi
384 933 669 1037 redemptoris
705 931 866 1029 nostri,
907 926 968 1006 uti
1003 927 1074 1006 bic
1103 926 1284 1010 inferius

181 1055 438 1134 continetur.
464 1053 497 1132 P
514 1053 617 1130 rim
635 1078 672 1130 o.

282 1173 595 1253 illustrissimus
636 1170 829 1249 dominus
872 1170 956 1248 du'x
989 1173 1031 1246 et
1058 1131 1287 1244 dominium
1432 1171 1439 1191 ¹

180 1295 471 1382 Venetiarum,
500 1293 619 1388 cujus
643 1289 736 1367 vice
759 1297 801 1366 et
825 1289 996 1367 nominc
1017 1285 1203 1390 prefatus
1232 1285 1286 1362 M·
1363 1289 1392 1364 I

180 1413 395 1491 lohannes
422 1413 558 1513 Aymo
588 1408 707 1486 mites
726 1410 820 1506 ejus
845 1413 1199 1510 oratorpresens,
1215 1403 1286 1505 qui

184 1533 300 1612 circa
328 1532 416 1612 hoc
442 1530 655 1632 publicam
684 1531 954 1610 autoritatem
976 1529 1215 1606 libertatem
1244 1528 1288 1600 et

183 1659 438 1758 potestatem
466 1652 610 1750 habet,
640 1651 749 1730 sicut
777 1651 893 1728 clere
907 1657 1024 1752 patet
1049 1669 1136 1748 per¹
1155 1639 1285 1748 pubii-

180 1799 276 1853 cum
302 1774 620 1853 instrumentum
650 1795 794 1850 coram
822 1769 944 1848 nobis
973 1794 1023 1846 ac
1049 1764 1223 1868 pretatis
1243 1769 1286 1840 et

181 1893 411 1974 baronibus
448 1891 608 1970 nostris
637 1891 770 1968 visum
799 1891 1047 1979 otrentum,
1076 1911 1122 1964 se
1160 1883 1285 1964 offert

180 2021 223 2091 et
248 2011 455 2116 promittit
494 2012 592 2087 ilios
629 2009 814 2114 perfidos
856 2008 1090 2088 'furcos
1130 2004 1172 2087 in
1213 2027 1283 2092 co·

179 2157 327 2210 munes
354 2131 502 2210 hostes
529 2127 689 2208 babere
717 2133 1018 2207 ettenereuna
1046 2125 1283 2216 nobiscum,

179 2259 226 2331 et
261 2251 462 2330 devenire
506 2253 557 2330 ad
598 2259 790 2354 apertum
828 2249 985 2328 betium
1012 2271 1110 2326 oum
1137 2243 1282 2322 Turoo

178 2381 222 2452 et
262 2377 413 2453 contra
453 2395 549 2450 eum
591 2369 750 2450 viribus
789 2369 874 2447 suis
904 2388 1100 2469 guerram
1128 2385 1282 2463 gerere

176 2491 316 2571 donec
343 2518 421 2571 uns
461 2494 500 2571 in
529 2517 682 2591 guerra
718 2493 904 2583 erimus,
946 2499 990 2566 ot
1024 2491 1110 2568 boc
1139 2487 1282 2567 tacere

177 2635 258 2714 pro
286 2611 458 2691 comuni
484 2614 714 2690 securitate
740 2613 945 2690 etfavore
961 2608 1177 2694 ambarum
1192 2639 1282 2717 par·
1319 2619 1325 2628 '

179 2733 327 2812 tium.'
364 2732 658 2812 Preterea
715 2732 827 2810 idem
868 2731 1062 2812 dominus
1115 2735 1199 2812 dux
1240 2744 1283 2816 et

87 2949 95 2954 -
175 2851 406 2930 dominium
433 2851 707 2932 Venetiarum
735 2876 786 2928 ac
815 2849 905 2928 eius
923 2852 1024 2944 vice¹
1040 2860 1083 2932 et
1110 2853 1281 2934 nomine

174 2975 395 3050 annotatus
422 2971 635 3050 lohannes
665 2974 800 3074 Aymo
831 2975 980 3050 orator
1007 2995 1053 3049 se
1083 2973 1210 3051 offert
1238 2980 1282 3058 et

174 3095 382 3196 promittit
433 3092 636 3171 devenire
678 3095 726 3171 ad
770 3091 857 3172 boc
891 3095 1082 3197 apertum
1125 3087 1279 3172 betium

175 3216 325 3291 contra
351 3213 539 3291 Tarsum
569 3237 624 3290 ex
650 3219 771 3318 parte
800 3213 925 3290 maris
955 3240 1023 3295 ou
1039 3239 1079 3291 m
1110 3215 1280 3292 trire-

135 3331 360 3410 ,mibus
408 3333 808 3434 quadraginta
857 3334 1017 3437 optime
1066 3331 1279 3412 instructis

174 3450 413 3529 hominibus
456 3451 583 3529 armis
622 3457 664 3530 et
697 3453 987 3538 instrumentis
1016 3453 1182 3532 beiiicis
1211 3473 1280 3529 nc·

175 3571 397 3658 cessariis,
438 3577 481 3648 et
509 3571 595 3651 boc
623 3595 703 3674 pro
737 3571 908 3650 comuni
946 3575 1059 3651 bono
1089 3580 1132 3652 et
1158 3597 1277 3651 secu·
1374 3575 1381 3586 “

174 3693 300 3772 ritate
338 3693 738 3797 utriusquepartis.
767 3691 914 3770 item
943 3695 1052 3771 idem
1082 3694 1278 3774 dominus
1357 3753 1363 3768 t

176 3813 258 3890 dux
287 3817 329 3890 et
368 3813 600 3891 dominium
629 3815 907 3892 Venetiarum
926 3822 967 3892 et
992 3815 1082 3892 eius
1109 3815 1278 3893 nomine

176 3943 218 4009 et
245 3933 340 4010 rice
369 3931 590 4012 iamdictus
618 3933 830 4013 lohannes
859 3933 994 4032 Aymo
1040 3942 1190 4017 orator
1230 3965 1276 4018 se

177 4051 302 4132 offert
315 4059 358 4130 et
385 4055 808 4156 promittitdevenire
832 4055 984 4136 adhoc
1001 4057 1153 4135 beilum
1180 4082 1276 4137 con·

176 4180 241 4255 tra
257 4174 367 4262 ioca,
383 4181 425 4252 et
447 4179 600 4253 statum
628 4173 752 4272 hujus
767 4173 901 4256 Turci
917 4177 1111 4256 comunis
1138 4176 1276 4257 hostis
1423 4181 1425 4189 ‘
