3224 5110
194 585 369 686 insuper
395 583 486 685 ipse
513 582 657 684 partes
683 578 924 658 nominibus
958 575 1105 679 quibus
1147 600 1285 680 supra,

192 731 273 810 pro
301 705 453 802 majori
481 699 640 780 robore
669 705 712 777 et
741 700 946 788 firmitate,
968 703 1220 798 juraverunt
1235 699 1283 777 ad

193 826 337 907 sancta
352 824 420 904 dei
434 821 672 922 Evangelia,
687 820 876 902 manibus
903 821 1188 922 corporaliter
1203 826 1283 898 tac·

194 943 515 1047 descriptoris,
556 940 844 1045 suprascripta
884 941 1020 1018 omnia
1058 946 1101 1017 et
1127 939 1284 1038 singula

195 1064 437 1168 adimplere,
465 1069 509 1141 et
535 1061 815 1142 effectualiter
844 1060 1098 1148 observare,
1135 1059 1285 1160 simpli·

196 1186 302 1266 citer
330 1189 373 1263 et
401 1183 619 1261 bonafide
656 1180 1133 1267 executioni-mandare,
1174 1179 1288 1260 omui

195 1305 458 1393 oscitatione,
474 1303 776 1382 reclamatione
804 1310 848 1380 et
875 1300 1123 1402 exceptione
1151 1317 1284 1378 remc-

195 1429 258 1518 tis,
285 1435 327 1506 ct
353 1432 482 1532 prout
496 1451 622 1527 supra
649 1428 948 1530 promiserunt,
980 1421 1220 1502 continetur
1244 1432 1286 1502 et

197 1549 397 1652 scriptum
427 1553 502 1628 est.
543 1547 637 1628 Hoc
674 1553 812 1626 autem
854 1551 1174 1630 instrumentum
1211 1545 1289 1624 tuit

195 1672 235 1749 in
263 1669 419 1747 idioma
445 1666 705 1748 sclavonico
745 1671 798 1746 de
838 1665 971 1746 verbo
1011 1667 1061 1743 ad
1100 1669 1289 1755 verbum,

194 1815 275 1895 per
302 1789 552 1892 prudentem
580 1789 968 1868 virum-Iohannem
995 1791 1048 1866 dc
1067 1787 1178 1866 Pace
1201 1790 1289 1867 bar·

196 1910 481 2000 bitonsorem,
510 1909 786 2012 interpretem
816 1903 1033 1986 oratorum
1061 1909 1191 2011 ipsius
1219 1909 1289 1987 do·

196 2029 296 2108 mini
324 2026 496 2113 Staieni,
525 2027 628 2127 ipsis
655 2026 923 2106 deciaratum.

298 2149 452 2227 Actum
466 2147 656 2226 Venetiis
683 2145 724 2224 in
752 2149 1008 2226 monasterio
1036 2155 1181 2228 sancte
1206 2149 1289 2226 itta·

197 2270 258 2349 rie
288 2270 448 2349 ordinis
469 2265 807 2356 carmelitarum,
836 2267 1099 2371 presentibus
1126 2277 1289 2369 specta·

197 2391 269 2468 biii
295 2397 339 2466 et
363 2387 504 2474 nobiti¹
517 2391 625 2476 viro,
642 2391 810 2470 domino
827 2391 998 2471 Matheo
1027 2391 1146 2472 Balbi
1161 2403 1289 2495 quon·

197 2509 288 2588 dam
316 2510 473 2588 domini
499 2507 732 2603 «Iohannis,
760 2517 802 2588 et
828 2509 1066 2616 spectabitis
1095 2516 1138 2588 et
1173 2533 1290 2611 egre·

75 2738 78 2742 ἠ
196 2631 273 2730 giis
299 2632 399 2710 viris
426 2631 599 2709 dominc
616 2633 863 2712 Desiderato
880 2631 1289 2732 dei’edemontibus‚

198 2757 373 2832 oratore
401 2751 620 2850 magnifice
650 2754 916 2832 comunitatis
937 2754 1122 2838 Veroue.
1150 2759 1193 2833 et
1219 2775 1291 2831 ser

197 2877 326 2954 Petro
354 2873 486 2955 lincio
515 2875 752 2955 secretario
783 2873 942 2953 ducatis
971 2875 1067 2952 aute
1097 2872 1289 2980 Venetia·
1419 2919 1422 2927 ·

197 3019 302 3084 rum,
331 3003 373 3074 et
401 2993 595 3097 prudenti
623 2995 716 3074 viro
745 2995 979 3074 Pretusano
1008 2994 1061 3073 de
1079 2995 1289 3081 Vuchota,

198 3123 241 3192 at
267 3113 358 3192 aliis
386 3111 562 3193 testibus
591 3117 642 3193 ad
670 3115 753 3195 hec
779 3113 941 3194 vocatis
979 3113 1217 3215 specialiter
1247 3125 1289 3194 et

194 3239 366 3335 rogatis.

293 3355 384 3456 Ego
423 3355 633 3435 Dionisius
663 3357 715 3432 de
741 3355 952 3436 Fieriauis
989 3355 1183 3459 publicus
1218 3355 1290 3432 im·

192 3474 344 3578 periali
384 3474 664 3566 auctoritate,
701 3481 744 3554 et
776 3475 933 3554 ducalis
974 3476 1067 3553 carte
1094 3475 1287 3552 Venetia·

192 3618 285 3670 rum
301 3594 501 3680 notarius.
516 3596 569 3673 de
584 3596 780 3675 mandato
802 3595 1101 3698 circumspecti
1129 3593 1205 3675 viri
1221 3583 1291 3671 [ser

196 3712 327 3792 David
355 3713 408 3792 de
437 3713 703 3801 Tedatdinis,
733 3713 803 3816 qui
830 3737 1004 3817 presens
1044 3713 1290 3792 instrumen-

194 3843 307 3928 tum,
336 3834 389 3912 de
420 3847 507 3938 quo
535 3843 710 3934 rogatus
746 3836 894 3924 tuerat,
929 3839 1162 3938 occupatus
1190 3833 1291 3912 ittad

193 3953 477 4036 transcrivene
506 3981 590 4033 uon
619 3957 765 4059 potuit,
790 3955 1291 4060 exemplaviettroneum·

193 4079 258 4177 psi
286 4075 338 4152 de
366 4075 475 4155 actis
502 4077 605 4173 eius,
636 4077 680 4152 et
707 4097 774 4152 me
800 4071 1033 4176 subscripsi
1047 4075 1290 4176 wumquc

191 4219 328 4274 mcum
356 4194 540 4298 opposui
569 4201 835 4274 consuetum.
