3192 5112
1221 379 1281 445 151

142 649 147 658 -
189 591 280 698 puti
321 615 421 670 avec
460 591 553 669 altri
595 590 645 667 da
685 589 756 678 ini,
781 589 817 666 si
851 591 930 668 che
957 591 1149 692 vegando
1178 615 1282 669 zoe

189 711 313 790 eheie
339 733 469 814 spexe
496 711 510 787 i
538 733 610 788 era
637 709 792 808 grande
822 735 845 792 e
875 707 955 788 che
984 709 1124 787 niente
1165 715 1281 811 pote·

191 856 242 908 va
269 854 382 918 avec,
411 854 488 906 son
515 828 706 932 vegnndo
735 831 947 908 anemosia
976 830 1076 907 adar
1101 853 1153 908 ve
1183 855 1283 908 asa·

188 975 265 1029 vec
292 977 355 1042 ze,
384 953 420 1030 si
450 951 530 1029 che
560 952 597 1028 ia
623 957 766 1028 vostra
793 947 991 1046 Signonia
1017 973 1062 1028 se
1091 949 1268 1050 sovigns

189 1095 236 1148 ra
266 1073 292 1148 ii
320 1097 394 1174 sey
423 1070 698 1158 mercadanti,
726 1093 853 1150 como
883 1071 910 1147 ii
936 1071 1117 1174 plaseio.

710 1203 1019 1273 commemoriaie
1043 1207 1083 1271 V.
1112 1213 1164 1272 cii.
1186 1207 1239 1272 27.

293 1377 440 1480 Ovi.
470 1401 579 1478 nso.
608 1395 1182 1476 indicivnosunn.

186 1609 412 1676 annaneane,
445 1625 484 1678 μ
518 1621 558 1666 oe
582 1623 601 1664 o
625 1622 767 1682 cpomsy
802 1621 885 1664 aesc
921 1607 1101 1666 Masonsa
1137 1623 1279 1676 maneas.

185 1713 323 1770 anamim
355 1708 518 1783 npiiium
553 1727 663 1782 nonne
688 1727 752 1778 can
777 1709 891 1783 θρόει,
929 1712 1055 1768 naumis
1090 1727 1195 1782 esaon
1222 1727 1276 1768 no·

389 1831 569 1889 csaaaasy
584 1811 712 1892 Optimo,
736 1830 817 1886 pann
841 1829 927 1870 noca
952 1828 1070 1870 occsa.

287 1945 409 2046 Quod
436 1949 478 2026 in
495 1946 719 2026 servicium
733 1947 1099 2050 infrascriptocum
1113 1955 1276 2027 nostro·

184 2093 278 2145 cum
319 2065 522 2146 nobilium
564 2075 606 2146 et
634 2069 814 2145 aliorum
855 2075 1138 2146 mercatorum
1181 2092 1276 2148 con·

181 2187 436 2266 versantium
477 2191 530 2266 in
572 2189 849 2292 partibus
890 2186 1109 2268 Rosiae
1139 2191 1276 2268 etde·

183 2307 370 2386 nentium
408 2309 605 2412 recipere
634 2330 656 2383 a
684 2331 787 2408 nege
815 2309 880 2384 vei
914 2307 965 2385 de
994 2308 1115 2388 dictis
1156 2313 1277 2411 parti-

180 2429 260 2506 bus
289 2453 481 2530 magnam
509 2453 710 2508 summam
738 2429 964 2534 pecuniae,
992 2454 1070 2534 pro
1099 2453 1276 2534 quarum

179 2551 469 2630 satisfactione
506 2555 672 2656 saepius
712 2550 915 2654 scriptum
958 2559 1023 2629 est
1063 2559 1104 2629 et
1144 2573 1275 2654 usqne

180 2697 295 2750 nunc
311 2679 447 2748 tomen
463 2697 550 2750 non
572 2673 787 2776 potuerint
802 2672 973 2759 habere,
1002 2673 1136 2774 possit
1170 2672 1275 2752 mitti

184 2789 333 2891 aliquis
362 2791 538 2868 nuncius
560 2791 611 2868 ad
639 2816 846 2895 expensas
875 2815 1035 2878 eorum,
1064 2793 1164 2894 quin
1191 2793 1274 2896 pia·

182 2917 280 2988 ceat
307 2908 495 2989 dominio
524 2910 574 2988 ad
601 2913 916 3016 procurandum
945 2911 1274 2991 satisfactionem

179 3053 343 3122 eorum,
355 3055 451 3110 cum
465 3029 605 3110 verbis
623 3045 663 3112 et
677 3031 826 3110 mediis
846 3035 1036 3112 honestis
1054 3041 1096 3110 et
1123 3035 1273 3110 decen·

179 3149 304 3241 tibus,
346 3153 454 3232 sicut
482 3155 676 3233 convenit
715 3155 840 3236 statui
882 3162 924 3234 et
965 3151 1274 3235 conditionibus

180 3273 339 3352 nostris
367 3298 460 3351 cum
490 3273 560 3350 iiia
589 3274 779 3355 comissis
810 3278 923 3377 quod
952 3275 1161 3354 videbitur
1201 3273 1271 3349 do·

179 3392 411 3475 minationi.
465 3420 545 3496 pro
578 3395 713 3474 Nicoi.
743 3395 910 3474 Faletco

477 3559 523 3572 -
576 3513 708 3596 Paulo
737 3515 855 3592 Zeno

480 3681 522 3691 -
576 3633 826 3714 Franciscus
854 3633 997 3712 Ruzini

477 3799 521 3809 -
576 3755 769 3834 'Padaeus
792 3756 966 3834 Zantani

479 3921 520 3932 -
577 3875 733 3954 Zanius
762 3877 941 3956 Gontier
982 3949 987 3968 ,

480 4043 524 4054 -
578 3993 772 4074 Nicotaus
799 3997 1040 4096 Mighocati.

589 4215 684 4287 Misit
709 4217 768 4288 dei
790 4218 928 4293 sanato
952 4219 1094 4292 xxvit.
1119 4227 1173 4294 eh.
1195 4227 1225 4298 ᾖ.
