3154 5102
149 551 334 654 prino
371 552 423 630 od
459 551 612 630 fectum
642 549 849 630 civilitatis
874 559 1069 638 nostrae,
1112 571 1236 655 quom
1393 617 1397 635 .

147 671 252 772 petit
277 673 605 776 respondeatur,
632 672 745 772 quod
772 691 942 774 semper
968 671 1019 751 ed
1047 693 1142 750 eum
1171 672 1236 748 de·

147 789 364 868 sotionem
391 792 620 895 specialem
660 787 902 880 habuimus,
938 801 980 870 ct
1008 801 1237 894 propterea

148 918 266 1009 grato
307 911 447 988 animo
468 911 624 1014 ,ipsum
652 910 689 986 in
733 911 866 988 civem
909 921 1100 992 nostrum
1137 913 1238 990 reci·

147 1026 321 1140 piemus3
349 1031 483 1134 parati
511 1038 556 1107 ut
582 1025 687 1106 hoec
716 1029 931 1133 dispositio
961 1041 1102 1112 nostro
1130 1033 1238 1112 inter

148 1147 278 1252 ipsum
317 1157 359 1228 et
396 1173 473 1226 nos
507 1147 723 1242 evidenter
764 1156 964 1252 appareat
991 1159 1032 1228 et
1059 1149 1239 1252 pleniter

149 1267 432 1347 confirmetur.

247 1441 312 1520 Ad
342 1467 400 1518 se
417 1440 656 1520 cundum
685 1442 799 1542 quod
828 1445 942 1545 petit,
969 1443 1081 1544 quod
1108 1443 1239 1546 possit

146 1563 178 1639 si
193 1585 319 1640 casus
340 1563 529 1642 eveniret
542 1562 830 1668 peccessonius
848 1559 936 1650 sibi,
951 1571 1039 1641 tute
1066 1563 1117 1642 od
1145 1561 1238 1642 civi·

147 1689 274 1761 tatem
314 1683 588 1762 venetiorum
618 1689 660 1758 et
688 1681 787 1756 oties
814 1690 948 1760 tennes
983 1691 1145 1762 nostres
1171 1704 1238 1760 vc·

147 1801 423 1887 niremonari
438 1809 479 1878 et
494 1799 547 1876 de
562 1801 663 1903 ipsis
688 1801 851 1878 exitum
867 1802 1045 1880 liberum
1070 1803 1240 1893 hebere,

149 1947 242 2002 cum
284 1923 368 2000 suis
396 1923 553 2008 tiberis,
593 1921 791 1999 thesauro
820 1933 862 2001 et
889 1923 1121 2020 domestica
1149 1945 1239 2028 sup·

21 2055 23 2096 t
147 2041 348 2144 pelectiii;
374 2041 694 2146 respondentur:
710 2045 823 2144 quod
853 2043 1042 2145 dispositi
1069 2061 1240 2146 semper

147 2162 186 2237 in
214 2161 331 2238 omni
357 2184 470 2246 essu,
497 2162 537 2238 in
566 2170 763 2264 quantum
785 2163 962 2242 honeste
989 2186 1069 2267 pen
1094 2187 1171 2241 nos
1197 2169 1241 2240 et

146 2294 315 2359 nostros
341 2277 433 2358 fleri
460 2288 616 2384 potest.
644 2283 722 2360 sibi
751 2285 939 2386 plenarie
957 2287 1239 2387 complacere.

147 2409 444 2484 contentomui·
471 2409 514 2480 et
539 2405 756 2495 volumus,
797 2406 911 2507 quod
952 2406 1003 2482 ad
1032 2405 1239 2485 civitatem

147 2524 420 2604 venetiorum
460 2531 502 2600 et
541 2525 642 2602 otios
681 2535 817 2603 terras
866 2534 1033 2604 nostres
1083 2527 1240 2616 venire,

148 2643 308 2720 morani
337 2651 378 2722 et
404 2651 515 2722 stone
547 2645 692 2746 possit,
723 2647 845 2723 etde
873 2643 974 2744 ipsis
1001 2644 1051 2721 od
1081 2645 1240 2722 libitum
1283 2639 1285 2646 ’

148 2766 210 2841 sui
252 2765 397 2846 exire,
439 2787 534 2843 cum
560 2765 647 2842 suis
682 2765 838 2854 tiberis,
872 2764 1072 2842 thesauro
1102 2775 1144 2844 et
1171 2766 1240 2844 do·

148 2885 323 2964 mestice
361 2885 654 2988 suppelectiii‚
694 2885 802 2964 sicut
841 2887 969 2986 petit,
1010 2885 1237 2964 dummodo
1269 2981 1274 2996 ι
1324 2885 1334 2910 ”

148 3005 298 3094 veniat,
312 3013 505 3083 moretur
520 3013 563 3084 et
576 3013 668 3092 stet,
685 3031 780 3086 cum
807 3008 878 3084 iila
901 3007 1116 3096 decencia,
1133 3031 1241 3110 quae

146 3125 390 3206 neccssaria
417 3125 545 3204 fuerit
570 3149 651 3228 pro
680 3129 909 3206 securitate
937 3135 1147 3205 terrenum
1169 3151 1240 3204 no·

21 3287 22 3322 t
150 3257 343 3324 stratum.

21 3521 22 3546 Ν
251 3437 317 3516 Ad
354 3435 570 3516 factum
608 3445 747 3516 autem
785 3437 927 3530 auxilii
968 3438 1081 3540 quod
1121 3435 1243 3517 nobis

21 3621 23 3634 ,
151 3557 379 3660 promittit,
406 3563 449 3634 et
476 3582 498 3634 a
525 3557 649 3637 nobis
677 3555 805 3661 petit,
847 3556 1153 3660 respondeatur
1181 3579 1241 3634 re-

153 3677 377 3778 grecinndo
407 3678 459 3754 de
488 3679 703 3757 oblatione
731 3703 816 3766 sue,
845 3671 959 3778 quod
987 3677 1027 3753 in
1057 3697 1109 3756 eo
1137 3699 1241 3756 sem·

152 3821 230 3902 per
257 3799 462 3900 gessimus
490 3797 784 3878 confidentiam
800 3793 1040 3901 specioiem,
1063 3807 1242 3902 etpnop·

153 3925 268 3996 terea
293 3917 337 3996 in
365 3919 479 3998 omni
508 3943 606 3998 casu
634 3918 1050 4004 nobisneccessario,
1075 3917 1125 3995 ed
1155 3917 1243 3995 eins
1324 4011 1332 4030 .

157 4041 414 4120 medestotem
442 4039 697 4120 haberemus
712 4037 992 4120 confidentem
1008 4035 1242 4136 recursum,

156 4169 197 4240 et
221 4179 439 4266 speremus
467 4162 581 4262 quod
611 4183 707 4240 eum
735 4157 1016 4238 inveniremus
1035 4161 1242 4240 odoostro
