3212 5116
335 397 398 462 19ss

335 587 458 706 quam
488 601 609 681 citius
635 602 794 704 poterit
821 591 967 680 redeat
1001 603 1212 692 Venetiae,
1240 599 1424 682 seriben·

333 726 388 802 do
432 725 652 826 capitaneo
696 721 802 802 Culli
841 729 883 799 et
923 723 1060 799 dando
1091 722 1129 798 ei
1171 721 1458 801 informatio·'

334 871 444 943 nem,
476 844 656 946 qualiter
682 867 764 944 pax
792 843 1044 919 remanserit
1070 843 1203 920 solum
1232 867 1312 947 per
1337 843 1419 920 dic·

334 971 421 1042 tum
461 963 637 1053 iuram,
672 971 716 1040 ut
744 961 854 1038 idem
895 963 1152 1066 ·capitaneus
1208 963 1353 1041 faeere
1383 969 1426 1039 et

335 1085 566 1189 adimplere
593 1085 725 1187 possit
748 1083 986 1160 mandatum
1001 1093 1205 1163 nostrum.

438 1206 759 1308 Cuieapitaneo
790 1203 894 1280 Culli
922 1207 1144 1282 mandetur
1172 1205 1424 1284 auctoritate

333 1328 452 1404 istius
481 1326 649 1404 consilii
663 1330 920 1424 rogatorum,
939 1327 1053 1426 quod
1070 1351 1193 1427 quam
1217 1325 1425 1425 ciliuspo·

304 1457 306 1461 ’
336 1450 433 1526 terIt
449 1446 590 1525 habita
619 1445 731 1525 dieta
757 1444 1057 1525 informatione
1072 1446 1122 1522 ab
1151 1448 1425 1523 ambaxatore

333 1575 507 1655 nostro,
537 1591 631 1646 cum
660 1567 790 1666 galeis
846 1591 940 1644 cum
969 1565 1119 1667 quibus
1147 1591 1193 1643 se
1221 1565 1420 1668 reperiet,

331 1693 455 1768 vadat
483 1690 533 1766 ad
561 1695 702 1791 partes
731 1688 833 1766 dicti
858 1687 928 1763 «lu
944 1713 965 1764 r
981 1711 1053 1772 ae,
1084 1695 1127 1766 et
1152 1691 1193 1766 in
1224 1711 1322 1763 casu
1338 1707 1423 1785 quo

331 1809 442 1886 idem
463 1809 567 1886 lura
595 1833 677 1886 non
707 1809 935 1886 removerit
964 1815 1007 1887 et
1035 1808 1326 1886 disarmaverit
1354 1829 1420 1904 ga·

333 1932 418 2008 leas
447 1932 555 2031 ligna
573 1939 615 2008 et
642 1929 802 2029 navigia
831 1955 904 2008 sua
934 1933 1126 2033 predicta
1155 1939 1197 2009 et
1221 1927 1299 2006 sibi
1326 1952 1425 2004 eon·
1481 2003 1483 2010 u

331 2055 513 2138 starerit,
542 2051 653 2153 quod
709 2053 1084 2130 damnificaverunt
1137 2053 1301 2152 aliquos
1328 2073 1419 2126 nos·
1471 2083 1483 2094 ·

331 2181 420 2250 tros
444 2175 637 2252 Venetos
665 2173 731 2250 vel
759 2173 917 2260 fideles,
945 2174 1055 2276 ipsas
1083 2173 1222 2272 galeas
1249 2173 1360 2271 ligna
1381 2175 1423 2247 et

331 2295 495 2394 navigia
525 2295 835 2398 cumpersonis
863 2317 991 2396 super
1017 2293 1117 2396 ipsis
1147 2291 1422 2372 existentibus

331 2416 590 2506 intromittat,
627 2414 810 2490 offendat
838 2420 878 2492 et
907 2413 1174 2498 damnificet,
1210 2421 1422 2513 tamquam

331 2534 523 2640 publicos
554 2543 596 2614 et
616 2536 865 2614 manifestos
893 2535 1115 2613 cursarius.
1145 2534 1190 2610 Si
1217 2557 1319 2611 vero
1336 2557 1421 2610 non

332 2657 590 2735 crustaverit
616 2657 731 2733 dicto
762 2657 1004 2757 capitaneo,
1033 2658 1147 2758 quod
1189 2653 1423 2732 damnifica·

328 2783 482 2887 rerunt¹
519 2779 680 2879 aliquos
720 2775 890 2855 nostros
926 2779 1116 2856 Venetos
1157 2778 1225 2854 vel
1254 2764 1416 2868 fideles,

330 2903 429 2975 tunc
457 2898 566 2999 ipsas
594 2901 732 2998 galeas
773 2899 883 3000 ligna
912 2906 954 2975 et
981 2899 1143 2998 navigia
1186 2899 1420 2984 comburat,
1446 2983 1449 2990 ¹

329 3026 371 3097 et
384 3018 576 3098 homines
604 3021 722 3123 abire
751 3021 979 3125 permittat,
1010 3020 1191 3101 dicendo
1217 3018 1288 3106 eis,
1304 3015 1419 3118 quod

331 3140 365 3219 si
394 3141 567 3250 amplius
606 3145 798 3222 venerint
824 3145 866 3221 in
907 3142 1084 3226 forciam
1112 3167 1253 3231 suam,
1281 3142 1334 3217 de
1361 3139 1419 3241 ip·

330 3263 387 3338 sis
416 3262 556 3360 faciet,
585 3273 715 3368 prout
742 3268 795 3343 de
822 3265 1002 3368 puhlicis
1032 3263 1244 3343 cursariis.
1287 3261 1340 3338 llt
1367 3258 1419 3335 si-

285 3377 289 3388 '
329 3381 484 3460 militer
537 3387 737 3466 observet
766 3391 809 3464 et
837 3385 963 3464 iaciat
990 3385 1122 3463 dictus
1165 3383 1424 3484 capitaneus·

330 3505 363 3580 si
380 3505 586 3584 decatero
615 3508 708 3610 ipse
734 3507 839 3584 «lura
868 3511 1049 3584 armaret
1075 3503 1237 3584 inmari
1265 3501 1422 3602 aliquas

330 3626 471 3723 galeas
500 3627 609 3726 ligna
638 3635 679 3707 et
706 3627 869 3729 navigia
898 3629 949 3704 ad
978 3627 1171 3704 damnum
1200 3624 1265 3702 vel
1308 3623 1424 3701 olen·

327 3769 414 3823 sam
444 3749 656 3826 dictorum
712 3749 1032 3837 Catarinorum,
1085 3749 1156 3826 vel
1185 3746 1421 3847 aliquorum

329 3865 522 3946 aliorum.
566 3873 724 3948 Verum
765 3877 951 3973 apponat
1005 3869 1139 3948 dictus
1181 3865 1423 3969 capitaneus

327 3984 437 4062 bene
510 3997 722 4087 mentem,
790 3991 843 4066 de
910 3988 1103 4067 faciendo
1171 3981 1258 4064 hoc
1325 4007 1422 4060 cum

330 4106 440 4185 bona
494 4111 820 4211 provisionem
861 4135 955 4191 cum
1012 4108 1240 4186 securitate
1295 4127 1421 4180 arma-

331 4238 401 4308 tae
430 4239 599 4312 nostrae
652 4231 733 4312 sibi
761 4234 981 4322 comissas,
1011 4235 1054 4308 et
1080 4227 1294 4334 praedicta
1349 4231 1421 4307 eti·
