3236 5108
1214 482 1232 526 b

137 603 181 674 et
208 599 409 701 operibus
436 621 482 676 se
511 597 749 678 ostendunt.
806 598 1082 678 Attendentes
1112 599 1243 699 igitur

137 717 379 820 multiplicis
396 718 720 798 benevolentiae
736 721 960 822 puritatem
977 727 1020 796 et
1047 717 1235 796 devotio-

137 836 202 932 nis
231 837 553 939 plenitudinem,
581 859 703 938 quam
734 838 979 938 magnificus
1008 861 1058 916 ac
1085 847 1242 941 potens

9 1031 10 1048 Ν
137 958 1237 1044 domiuusVolchusdeBrancho‚do·

9 1071 10 1114 ³
138 1079 325 1168 minus
369 1079 600 1168 hessie,
643 1080 936 1159 §lovanio
977 1089 1018 1158 et
1055 1089 1135 1157 cet.
1175 1103 1238 1157 cu·

9 1257 10 1268 t
139 1199 330 1278 rissimus
368 1215 409 1280 et
463 1201 631 1280 intimus
674 1197 832 1280 amicus
876 1203 1011 1280 nostri
1053 1198 1240 1286 dominii,
1347 1293 1349 1296 Ι

139 1321 192 1398 ad
247 1327 415 1399 nostrae
483 1321 774 1420 magnitudinis
842 1321 1118 1400 excolentiam
1173 1321 1240 1398 ho·

137 1443 242 1518 bere
284 1437 490 1544 promptis
525 1441 745 1522 affectibus
801 1467 846 1520 se
904 1443 1114 1538 ostendit,
1171 1439 1239 1542 qui

137 1563 182 1639 in
228 1564 400 1662 agendis
440 1588 516 1640 nos
559 1567 753 1645 ducatum
796 1573 983 1643 nostrum
1038 1573 1080 1640 et
1107 1564 1241 1662 singu·
1341 1591 1348 1608 ’
1392 1641 1395 1650 ,

9 1743 10 1760 t
140 1684 252 1760 lares
305 1706 513 1785 personas
579 1687 757 1765 ducatus
830 1687 1018 1782 ejusdem
1073 1691 1240 1783 tangen-

9 1857 10 1888 ,
138 1801 264 1893 tibus,
306 1815 547 1906 promptum
590 1812 632 1882 et
660 1805 861 1884 devotum
905 1803 1172 1881 laudabiliter
1200 1808 1242 1878 et

17 2029 21 2040 .
135 1923 406 2001 incessanter
434 1949 481 2000 se
509 1925 679 2029 prebuit
715 1935 840 2028 atque
867 1927 1035 2031 prebet.
1076 1923 1238 2026 Suppli·

138 2041 377 2122 calionibus
419 2044 541 2122 nobis
569 2071 642 2124 sua
671 2055 792 2150 parte
833 2046 1045 2150 porrectis
1088 2045 1239 2146 gratio·

141 2165 228 2242 sius
256 2169 500 2252 annuentes,
531 2190 628 2244 eum
656 2173 898 2244 nostrorum
928 2169 1111 2244 omnium
1141 2191 1236 2244 con·
1355 2229 1360 2240 .

136 2285 331 2362 siliorum
374 2290 415 2361 et
457 2286 848 2366 ordinamentorum
902 2287 1145 2380 necessaria
1173 2311 1238 2364 so·

138 2406 356 2484 lemnitate
399 2413 578 2493 servata,
607 2409 649 2486 iu
678 2409 886 2486 Venetum
917 2415 960 2486 et
988 2407 1121 2486 civem
1151 2430 1241 2484 nos-

9 2593 10 2640 3
137 2533 248 2606 trum
280 2553 375 2606 cum
414 2527 500 2605 suis
540 2527 635 2606 liliis
663 2537 706 2638 et
733 2529 991 2620 heredibus,
1031 2536 1240 2633 perpetuo

138 2651 381 2753 recepimus
423 2657 550 2752 atque
593 2653 850 2756 recipimus,
879 2659 922 2730 et
947 2653 1157 2729 Venetum
1199 2657 1241 2729 et

138 2775 284 2853 civem
327 2779 516 2850 nostrum
561 2797 655 2852 cum
696 2775 781 2850 suis
821 2774 914 2854 liliis
941 2781 983 2851 et
1009 2770 1242 2850 heredibus

138 2893 323 2972 fecimus
353 2899 395 2972 et
448 2895 648 2987 iacimus,
689 2905 730 2973 et
771 2920 850 3000 pro
879 2899 1049 2975 Veneto
1106 2901 1148 2972 et
1188 2892 1240 2972 ci·

133 3037 187 3090 re
228 3017 380 3091 nostro
426 3039 523 3093 cum
565 3015 652 3093 suis
695 3017 789 3096 illlis
845 3025 886 3095 et
928 3016 1157 3096 heredibus
1198 3014 1237 3090 in

9 3149 11 3208 ὲ
134 3133 332 3213 Venetiis
359 3142 403 3213 et
434 3136 535 3214 alibi
567 3137 769 3242 deinceps
795 3136 941 3214 haberi
971 3145 1013 3216 et
1039 3159 1241 3240 procura·

143 3257 179 3334 ri
208 3257 322 3334 omni
379 3257 531 3336 ellectu
563 3265 604 3338 et
657 3258 913 3364 plenitudine
966 3259 1159 3337 volumus
1201 3263 1243 3332 et

9 3439 10 3470 ,
142 3377 328 3465 tractari,
356 3376 492 3479 ipsum
521 3380 688 3457 sincere
730 3379 1050 3458 benevolentiae
1080 3373 1240 3455 brachi·

144 3496 178 3570 is
207 3498 497 3599 amplexantes
527 3503 569 3576 et
609 3499 784 3578 firmiter
825 3507 1082 3582 statuentes,
1126 3493 1254 3598 quod,

141 3617 316 3718 singulis
344 3617 618 3707 libertatibus
633 3621 865 3708 beneficiis,
893 3617 1235 3714 immunitatibus,

143 3747 185 3818 et
210 3739 450 3818 honoribus
479 3744 815 3843 quibuscunque,
834 3741 985 3842 quibus
1013 3741 1080 3818 alii
1107 3739 1238 3816 hono·

9 3939 10 3950 Ν
142 3859 298 3938 rabiles
311 3861 464 3938 Veneti
480 3871 521 3940 et
543 3863 658 3940 cives
674 3865 807 3940 nostri
822 3861 1003 3962 gaudent
1020 3867 1061 3938 et
1075 3857 1238 3962 perfrui

9 4059 10 4076 ,
141 3981 479 4081 dignoscuntur,
533 3983 725 4088 prefatus
766 3979 961 4062 dominus
1001 3979 1237 4056 Volchus

141 4104 210 4184 de
238 4101 516 4181 Brancho
548 4127 643 4182 cum
672 4103 757 4180 suis
787 4102 882 4182 tiliis
925 4109 967 4179 et
1009 4099 1236 4179 heredibus
1310 4197 1311 4201 Ν
1365 4163 1367 4170 .

141 4225 180 4302 in
221 4223 417 4302 Venetiis
459 4231 502 4302 et
556 4223 678 4302 extra
718 4219 930 4326 perpetu'o
974 4218 1155 4320 gaudeat
1196 4225 1238 4297 et·

140 4352 296 4446 utatur3
325 4345 518 4449 prelatus
545 4369 718 4448 quoque
742 4341 934 4422 dominus
949 4339 1141 4419 Volchus
1158 4360 1238 4442 per

967 4459 1117 4540 ros,
