3228 5108
221 479 222 484 ἵ
322 393 386 462 264

264 593 269 606 '
323 603 454 680 nostri
507 609 699 683 rectores
739 609 782 680 et
822 604 1038 714 praeteriti
1080 609 1122 680 et
1162 610 1412 706 praesentes

322 723 586 828 scripserunt
612 731 656 801 et
683 723 1013 801 informaverunt
1041 745 1118 801 nos
1141 722 1193 799 de
1221 721 1412 810 veritate,
1553 747 1558 752 ·

322 845 378 922 ita
407 844 575 946 quodin
593 842 743 924 talibus
772 871 857 922 non
888 854 953 940 est
981 845 1215 922 faciendum
1244 840 1411 944 aliquod

323 963 492 1043 dubium
516 987 598 1042 nec
627 965 1036 1068 acceptandaaliqua
1065 964 1297 1042 excusatio.
1328 962 1412 1040 Sed

322 1109 400 1164 nos
428 1094 657 1190 sequentes
691 1084 867 1186 vestigia
896 1092 1141 1162 nostrorum
1170 1084 1409 1202 progenito-

322 1232 427 1296 rum,
457 1207 528 1310 qui
556 1233 726 1312 semper
754 1207 923 1284 fuerunt
952 1205 1121 1304 benigni
1150 1209 1193 1282 et
1218 1207 1276 1282 nil
1305 1203 1413 1282 aliud

264 1328 266 1337 '
323 1330 617 1431 quaesiverunt
633 1331 683 1406 ab
713 1328 857 1405 amicis
888 1325 1196 1406 circumvicinis
1211 1328 1309 1410 suis,
1336 1323 1413 1402 nisi
1447 1360 1450 1365 ·

322 1473 510 1536 amorem
539 1459 581 1529 et
609 1449 877 1528 dilectionem
894 1449 1106 1527 elbonam
1136 1447 1413 1536 vicinantiam‚

323 1570 463 1666 habito
493 1577 694 1671 respectu
737 1571 850 1670 quod
879 1594 959 1644 uua
986 1567 1080 1644 vice
1109 1569 1244 1670 ipsum
1286 1566 1413 1643 domi·

322 1696 421 1769 num
450 1692 690 1794 recepimus
718 1691 756 1768 in
786 1715 962 1768 numero
1000 1697 1242 1766 nostrorum
1270 1685 1413 1764 nobili·

323 1837 419 1904 um,
448 1821 490 1890 et
517 1812 727 1891 audiendo
763 1819 959 1914 quantum
989 1809 1064 1913 ipsi
1107 1808 1414 1903 ambassatores

324 1933 555 2020 affirmant,
584 1935 694 2035 quod
724 1957 798 2010 sua
826 1930 1135 2030 magnificentia
1168 1926 1414 2008 cordialiter

323 2053 457 2153 diligit
483 2079 562 2131 nos
592 2059 635 2131 et
662 2053 871 2131 honorem
898 2057 1118 2139 nostrum
1143 2057 1187 2126 ut
1214 2050 1267 2126 de
1296 2050 1411 2126 bono

324 2175 366 2253 iu
394 2175 546 2252 melius
574 2199 620 2253 se
649 2173 844 2276 disponat
872 2175 981 2252 sicut
1008 2195 1227 2274 speramus
1255 2173 1297 2244 et
1324 2191 1413 2246 cre·

324 2293 458 2372 dimus
484 2294 573 2370 sine
601 2293 740 2379 dubio,
769 2294 863 2395 quia
891 2317 975 2372 nou
993 2291 1124 2370 habet
1153 2311 1320 2370 causam
1349 2287 1413 2364 ali·

323 2423 390 2492 ter
416 2413 610 2499 faciendi,
639 2421 720 2490 tam
737 2421 916 2516 propter
935 2413 1151 2492 caritatem
1183 2432 1307 2511 quam
1334 2405 1415 2484 sibi

261 2607 266 2614 .
325 2557 495 2636 semper
524 2532 807 2619 ostendimus,
837 2557 967 2635 (rusamx
989 2531 1114 2610 etiam
1145 2531 1241 2632 quia
1268 2535 1415 2606 nostre

325 2655 504 2732 amicitia
530 2661 676 2757 potest
702 2663 745 2732 et
768 2654 896 2732 debet
924 2655 964 2732 ei
981 2677 1073 2730 esse
1103 2674 1200 2728 cara
1228 2658 1272 2728 et
1297 2654 1414 2748 grata

326 2795 409 2848 non
437 2771 662 2861 modicum
690 2795 832 2850 sumus
861 2771 1045 2854 contenti
1075 2771 1334 2874 pertransire
1349 2793 1413 2844 ee·

326 2916 421 2972 cum
450 2893 726 2972 amicabiliter
743 2895 794 2970 rin
823 2893 935 2972 hunc
964 2891 1147 2974 modum.
1194 2889 1414 2968 Videlicet·

323 3012 692 3112 Quod-emendam
721 3022 763 3092 et
789 3013 1121 3095 satisfactionem
1148 3011 1247 3088 salis
1282 3012 1415 3088 nostrl

324 3133 518 3213 derobati
545 3158 622 3236 per
653 3159 754 3214 siros
783 3132 986 3229 subditos,
1016 3137 1206 3236 lampae
1248 3133 1415 3209 honore
1472 3223 1478 3237 Ι

324 3260 485 3345 nostro,
513 3279 635 3356 quom
650 3277 729 3355 pro
746 3255 880 3331 dando
910 3253 1148 3352 exemplum
1165 3252 1268 3337 aliis,
1281 3307 1282 3313 Ν
1297 3251 1412 3351 quod

322 3399 406 3454 non
435 3377 640 3478 accipiant
666 3373 736 3452 res
764 3371 1032 3453 nostraesine
1062 3379 1204 3452 nostra
1234 3369 1414 3458 licentia,

324 3497 502 3601 petimus
543 3505 585 3574 et
615 3497 786 3575 omnino
830 3496 1037 3576 volumus.
1093 3493 1144 3572 llt
1184 3501 1415 3594 propterea

324 3617 489 3718 placeat
530 3617 646 3694 dicto
688 3615 857 3694 domino
899 3613 1085 3714 Georgia
1127 3613 1270 3691 facere
1323 3609 1415 3688 lieri
1452 3681 1456 3690 .

323 3735 445 3814 nobie
486 3735 704 3814 emendam
744 3744 785 3814 et
813 3735 1141 3815 satisfactionem
1182 3733 1283 3810 dicti
1319 3732 1417 3810 salis

324 3855 518 3938 derobati
559 3858 833 3955 integraliter.
891 3855 994 3934 Cum
1029 3857 1069 3932 in
1099 3879 1197 3935 casu
1227 3876 1414 3956 quosue
1471 3916 1474 3928 ,

324 3977 630 4074 magnificentia
659 3975 711 4054 sit
746 3981 941 4064 contenta
970 3977 1115 4054 facere
1145 3971 1234 4052 lieri
1277 3995 1415 4052 emen·

326 4095 399 4176 das
427 4107 470 4176 ct
495 4098 803 4178 satisfactiones
831 4098 1057 4189 dictisalis‚
1086 4104 1128 4174 et
1142 4098 1273 4198 ipsam
1301 4095 1415 4173 satis·

327 4219 553 4299 factionem
574 4220 668 4300 fieri
696 4219 819 4302 faciat
834 4245 928 4299 cum
946 4215 1110 4315 effectu,
1141 4217 1416 4298 invenietnos

334 4347 502 4447 paratos
533 4343 762 4420 observare
792 4339 1091 4444 etadimplere
1121 4341 1234 4438 circa
1263 4338 1417 4416 factum
