3228 5108
328 427 398 502 Μ

332 632 626 736 suprascripti,
655 633 879 710 immemor
906 629 1122 712 beneflciis
1149 631 1270 708 iiiatis
1297 639 1340 710 et
1359 631 1425 709 du·

337 754 388 832 tis
415 753 594 831 condam
615 775 700 828 suo
729 755 862 856 patri,
904 776 989 828 non
1029 775 1211 856 sequens
1253 752 1426 854 vestigia

335 873 539 965 eiusdem,
566 873 637 976 qui
652 871 730 950 tuit
756 873 924 952 intimus
954 874 1112 951 amicus
1140 875 1273 952 nostri
1299 871 1427 951 domi·

336 994 405 1082 uii‚
433 991 723 1071 fraudulenter
738 1007 782 1072 et
795 1003 943 1072 contra
972 1001 1282 1073 sacramentum
1306 1015 1426 1071 suum

258 1188 275 1220 f
337 1115 459 1193 nobis
498 1115 698 1218 surripuit
726 1116 858 1195 dictas
887 1115 1075 1194 civitates
1115 1111 1357 1194 Scutari
1387 1119 1429 1191 et

238 1307 245 1338 .·
315 1237 418 1342 ‚alia
444 1236 657 1316 territoria
684 1243 856 1329 nostra,
884 1236 998 1341 quod
1024 1243 1249 1342 postquam
1279 1236 1328 1314 nd
1355 1261 1427 1315 no·

239 1345 243 1352 ’
340 1359 468 1438 titiam
510 1365 700 1436 nostram
740 1358 960 1462 pervenit,
1004 1357 1283 1437 condolentes
1319 1357 1430 1435 nitra

337 1480 524 1569 modum,
553 1479 718 1558 tandem
747 1477 924 1557 ferendo
942 1479 1081 1556 omnia
1108 1481 1330 1581 patienter,
1359 1479 1429 1556 mi·

338 1601 465 1682 simus
493 1613 679 1680 nostram
708 1598 972 1678 ambasiatam
992 1601 1045 1677 ad
1059 1598 1294 1704 predictum
1322 1599 1429 1676 Bai·

339 1744 464 1806 sum,
495 1721 673 1800 ortando
702 1719 894 1819 rogando
922 1727 966 1798 et
993 1720 1248 1820 requirendo
1276 1721 1425 1824 ipsum,

339 1845 384 1916 ut
410 1839 490 1918 sibi
518 1839 723 1940 placeret
751 1845 888 1916 terras
918 1845 960 1916 ct
988 1837 1084 1916 loca
1123 1845 1267 1917 nostra
1307 1839 1430 1917 inter·

340 1967 465 2064 cepta
491 1983 570 2062 per
602 1959 740 2062 ipsum
769 1957 913 2037 iacere
941 1958 1065 2036 nobis
1091 1959 1280 2051 restitui,
1321 1961 1430 2039 sicut

339 2085 650 2181 erutjustum,
689 2083 986 2184 promittentes
1026 2083 1193 2185 penitus
1236 2079 1431 2162 oblivisci

341 2203 511 2284 iniurias
538 2210 580 2281 et
608 2201 860 2280 offensiones
901 2201 1032 2280 iactos
1069 2204 1193 2281 nobis
1219 2225 1301 2306 per
1335 2227 1430 2280 eun·

341 2321 465 2419 dem,
495 2346 545 2402 ac
571 2320 781 2400 reducere
808 2320 942 2422 ipsum
971 2323 1021 2398 ad
1050 2321 1222 2420 gratiam
1251 2326 1295 2398 ct
1321 2323 1433 2401 beni·

340 2445 496 2543 gnitam
537 2450 737 2540 nostrum.
792 2438 994 2520 Secutum
1037 2441 1114 2519 fuit
1142 2443 1276 2530 enim,
1318 2441 1431 2545 quod

340 2569 643 2671 perseverante
683 2561 778 2664 ipso
807 2559 930 2640 Balsa
970 2563 1012 2640 in
1040 2557 1267 2666 struprum
1294 2563 1431 2668 dispo·

340 2683 522 2770 sitione,
567 2683 680 2762 dicta
708 2681 804 2761 ioca
832 2683 955 2760 nobis
982 2683 1238 2759 restituenda
1266 2683 1433 2788 penitus

341 2804 580 2896 recusavit,
623 2801 734 2880 unde
776 2827 861 2879 non
901 2803 1088 2882 volentes
1130 2803 1252 2883 aiiter
1293 2805 1434 2886 iacere

217 2971 220 2976 ·
342 2947 435 3002 cunr
480 2923 649 3002 honore
677 2929 854 3020 nostro,
897 2921 997 3025 quin
1025 2925 1279 3028 providere,
1320 2925 1435 3028 quod
1470 2959 1473 2964 ·

341 3039 452 3120 idem
480 3041 600 3120 Baisa
627 3067 777 3146 penam
807 3043 944 3121 lueret
971 3043 1268 3146 decomissis,
1299 3045 1436 3149 provi·

342 3161 475 3240 dimus
515 3161 686 3240 visitare
728 3161 885 3242 dictum
925 3163 1096 3241 Balaam
1137 3189 1231 3242 cum
1273 3161 1436 3268 potenti

244 3341 265 3364 ,,
343 3284 732 3384 armatugaiearum
748 3291 790 3363 et
805 3283 1065 3383 navigiorum
1092 3292 1334 3371 nostrorum
1363 3283 1436 3386 tati

342 3405 498 3494 modo,
538 3405 651 3506 quod
679 3405 889 3484 mediante
918 3406 1051 3506 gratia
1080 3407 1173 3495 dei,
1214 3413 1257 3484 et
1284 3404 1438 3484 iustitia

309 3564 314 3572 ·
343 3531 499 3616 nostra,
528 3526 874 3630 recuperavimus
902 3529 1094 3618 civitates
1124 3534 1166 3608 et
1193 3528 1285 3608 ioca
1314 3525 1438 3607 nobis

343 3653 551 3751 surrepta,
567 3651 609 3724 ct
624 3649 748 3725 etiam
766 3649 1036 3750 acquisivimus
1062 3656 1262 3753 potenter
1289 3673 1439 3727 omnes

345 3776 387 3846 et
414 3766 597 3866 singulas
637 3768 827 3848 civitates
855 3777 898 3850 et
926 3775 1088 3854 terras.
1130 3791 1231 3872 quas
1260 3791 1438 3872 occupa·

348 3885 418 3963 bat
444 3884 569 3964 Balsa
596 3889 828 3989 predictus,
858 3896 901 3968 et
915 3887 1026 3993 ipsas
1055 3893 1248 3968 tenemus
1274 3896 1317 3967 et
1346 3911 1438 3991 pos·

346 4003 529 4084 sitiemus
567 4008 618 4089 ad
647 4031 824 4112 presens
865 4009 1043 4112 pacifice
1074 4017 1116 4088 et
1143 4011 1298 4112 quieto.
1352 4007 1439 4087 Sed

349 4124 445 4228 quia
472 4149 551 4228 per
577 4127 738 4206 litteras
766 4137 984 4210 rectorum
1012 4137 1259 4208 nostrorum
1286 4129 1328 4208 in
1356 4130 1439 4208 dic·

350 4243 400 4324 tis
416 4243 603 4348 partibus
630 4249 913 4336 existentium,
937 4251 1171 4330 exstitimus
1198 4251 1442 4354 nuperrime

348 4361 573 4458 informati,
596 4367 710 4469 quod
738 4369 1101 4476 diebusproximc
1129 4369 1440 4474 etlapsis‚.que·
