3206 5110
381 329 463 400 162.

382 537 477 614 dem
506 533 676 614 domino
693 533 862 612 sandali
885 531 1141 614 observante
1162 533 1356 613 similiter
1370 553 1468 632 erga

383 678 474 753 nos,
505 659 548 731 et
575 651 1038 732 nostrum'dominium.

485 773 560 874 Qu
577 780 731 864 arto,
759 776 793 853 si
821 775 973 852 turmis
1003 783 1045 854 et
1073 775 1289 855 caravanis
1320 772 1469 854 civium

387 893 653 973 subditorum
674 899 735 971 et
763 893 946 974 tideiiu'm
974 902 1229 984 nostrorum,
1258 893 1397 996 aliqua
1423 892 1473 968 ri·

385 1014 543 1094 olentia
570 1015 612 1093 in
633 1013 812 1093 Bossina
840 1015 907 1092 vel
935 1014 1181 1093 indominio
1209 1013 1341 1118 ipsius
1369 1035 1474 1113 mag·

386 1133 500 1214 nitici
536 1133 694 1212 domiui
732 1133 899 1212 Sandaii
939 1133 1086 1221 tieret,
1125 1133 1236 1211 idem
1278 1133 1472 1212 dominus

383 1279 467 1333 non
509 1255 596 1330 vuit
638 1262 817 1361 propter
856 1255 941 1334 hoc
978 1254 1132 1356 aliquid
1160 1255 1358 1339 soluere,
1397 1251 1472 1328 sed

383 1373 491 1452 bene
518 1380 585 1451 est
615 1381 842 1453 contentus
869 1375 983 1452 omni
1019 1374 1147 1453 modo
1176 1372 1255 1452 sibi
1283 1371 1473 1477 possibili
1527 1395 1531 1404 ¹

384 1495 594 1585 adiuvare,
623 1501 666 1571 et
694 1496 849 1583 iacere,
878 1495 990 1597 quod
1007 1495 1064 1575 itti
1093 1496 1164 1596 qui
1181 1496 1293 1598 passi
1321 1492 1475 1572 fuerint

384 1615 533 1694 damna
563 1621 604 1695 et
633 1613 828 1704 sinistra,
865 1618 943 1694 ista
971 1616 1024 1694 de
1065 1638 1190 1695 causa
1217 1615 1474 1695 reducantur

384 1737 436 1814 ad
464 1735 812 1816 satisfactionem.

485 1855 695 1956 Quinto,
733 1859 847 1960 quod
872 1858 981 1937 idem
1011 1856 1254 1958 magnificus
1282 1856 1475 1935 domiuus

385 1999 469 2052 non
498 1977 586 2053 vuit
613 1976 797 2080 perdere
825 1978 982 2082 aliquid
1011 1979 1063 2058 de
1092 1980 1300 2058 contentis
1329 1978 1369 2054 in
1398 1976 1475 2078 pri·

384 2096 554 2197 vilegio,·
579 2099 895 2202 nivennensi
923 2101 1087 2181 iaceret
1114 2123 1219 2198 rem,
1249 2123 1333 2201 qne
1363 2097 1475 2174 foret

386 2223 533 2296 contra
562 2216 789 2297 dominium
820 2224 862 2298 et
891 2243 1070 2298 comune
1088 2221 1377 2300 venetiarum.

489 2327 553 2416 A'd
581 2339 669 2440 ipsa
698 2349 888 2440 quartum
906 2348 949 2418 et
964 2341 1152 2443 quintum
1182 2339 1363 2442 capitula
1392 2361 1474 2416 res·
1574 2401 1575 2432 p

385 2456 634 2559 pendemus,
663 2463 777 2562 quod
799 2461 902 2540 visis
930 2463 1125 2567 capitulis
1153 2461 1364 2567 privilegii
1381 2483 1474 2538 con·
1574 2455 1575 2460 ‘

387 2573 522 2652 cordii
566 2582 787 2680 nuperime
816 2576 1032 2668 celebrati,
1059 2605 1138 2685 per
1161 2580 1347 2659 medium
1378 2577 1475 2658 dicti

387 2695 700 2779 ambassiatoris
726 2705 873 2788 nostri,
901 2702 1012 2783 inter
1038 2727 1116 2781 nos
1145 2709 1188 2780 et
1215 2699 1475 2802 magnificen-

386 2816 485 2896 tiam
513 2843 648 2906 suam,
679 2841 762 2922 qne
790 2809 1086 2900 honestissima
1114 2819 1236 2899 nobis
1263 2820 1472 2916 videntur,

295 2961 299 2970 ’
386 2951 527 3014 somus
555 2937 749 3042 dispositi
779 2941 848 3020 itta
878 2943 1049 3021 omnino
1080 2944 1327 3032 observare,
1355 2947 1474 3020 etro·
1574 3039 1575 3052 Ν

388 3075 531 3154 gamus
559 3060 920 3159 magnificentiam
949 3087 1079 3156 suam,
1108 3064 1209 3143 iicet
1251 3087 1358 3166 opus
1388 3062 1476 3139 foro
1574 3053 1575 3056 ‘

387 3197 470 3252 non
499 3179 731 3269 credamus,
769 3184 887 3285 ‘quod
916 3185 972 3260 ita
1001 3190 1204 3286 exparte
1234 3208 1307 3262 sua
1336 3181 1477 3262 facere
1574 3181 1575 3222 a

387 3297 500 3375 velit.

491 3413 666 3516 Sexto,
697 3419 810 3520 quod
835 3423 1061 3501 dominatio
1091 3423 1235 3503 nostra
1264 3424 1343 3528 ipsi
1371 3445 1474 3522 mag·
1574 3465 1575 3470 Ν

388 3535 514 3614 niiioo
543 3535 716 3614 domino
745 3539 998 3619 confirmare
1014 3541 1210 3643 dignetur
1228 3545 1366 3623 omnia
1396 3542 1472 3647 pri·

388 3655 711 3754 vilegirueidem
742 3661 913 3758 domino
943 3689 1150 3745 concessa
1176 3691 1255 3771 per
1283 3673 1474 3770 tempora
1574 3727 1575 3748 a

391 3781 619 3857 retroacta.

493 3897 555 3979 Ad
586 3899 706 3975 istum
725 3901 904 3980 ‘sextum
935 3909 1254 4010 respondemus,
1281 3907 1397 4010 quod
1426 3905 1473 3982 de

390 4017 491 4119 ipsis
518 4019 748 4121 privilegiis
776 4023 991 4125 preteritis
1018 4025 1172 4105 nuttam
1199 4029 1389 4106 notitiam
1410 4027 1473 4104 ha·

393 4135 656 4226 bemus'sed
688 4142 1137 4248 nouiterpervenimus
1167 4171 1260 4227 cum
1285 4151 1377 4252 ipso
1408 4149 1474 4226 do·
