3220 5118
150 273 154 283 l

307 320 353 398 ,20

314 531 400 612 bus¹
432 535 474 606 et
500 528 765 630 pertinentiis
806 528 999 609 omnibus
1040 529 1247 624 dictorum
1292 533 1403 612 loco-

312 673 402 725 rum
427 648 811 737 etterritoriorum;
840 654 882 724 et
910 652 1147 744 tenentibus
1173 653 1255 732 illis
1284 653 1407 731 Balsa

226 871 229 876 Ι
268 851 271 860 ,
312 768 543 850 e'tSleleno
573 771 669 852 loca
698 792 807 871 quoe
836 769 992 874 hebent
1020 771 1406 874 cumpertinentiis

302 899 355 970 ,et
381 890 744 970 iurisdictionibus
771 891 855 968 suis
885 894 1078 970 omnibus
1094 953 1105 985 ,
1122 897 1191 972 ·0b
1221 894 1406 994 regalem

311 1013 715 1114 contemplationem
743 1013 889 1090 venire
918 1021 960 1090 et
976 1011 1157 1102 firmare,
1185 1014 1406 1092 interveni·

311 1140 408 1218 ente
437 1132 584 1209 medio
616 1157 715 1210 suae
743 1134 996 1229 malestatis,
1039 1159 1133 1212 cum
1175 1134 1407 1236 praedictis

313 1251 464 1334 bonam
481 1259 715 1350 treuguam,
743 1241 995 1328 duraturam
1011 1277 1091 1356 per
1108 1254 1211 1330 illud
1225 1259 1406 1356 tempus,

312 1371 364 1448 de
392 1397 476 1474 quo
505 1371 813 1450 remanebimus
840 1375 881 1452 in
911 1373 1164 1452 concordio.
1284 1385 1288 1392 ‘

343 1565 443 1622 ilaue
467 1581 558 1635 ηομ»
583 1575 621 1621 25
648 1563 740 1644 Maii,
765 1567 889 1640 cnbpye
913 1585 932 1624 o
957 1583 1086 1624 nerone
1109 1582 1277 1642 npepnery
1301 1583 1374 1624 ono:

415 1715 521 1794 Cum
550 1718 645 1797 data
673 1716 803 1800 luerit
846 1717 1066 1821 responsio
1095 1718 1153 1796 illi
1179 1719 1336 1798 nennio
1366 1719 1405 1794 il·

253 1835 259 1852 “
312 1838 454 1916 lustris
482 1835 637 1916 domini
666 1839 829 1937 regis
855 1837 1061 1928 Jacobi,
1091 1838 1407 1938 Hungariae,

310 1957 679 2052 der-usalemi
717 1965 759 2035 et
787 1955 1033 2044 Siciliae,
1062 1960 1239 2060 qualiter
1265 1983 1406 2038 sumus

312 2080 514 2166 contenti,
543 2075 782 2156 tenentibus
809 2082 854 2179 et
878 2077 1131 2158 habentibus
1159 2081 1284 2166 uobis
1311 2081 1405 2158 loca

250 2265 251 2270 ,
313 2223 420 2302 quae
449 2196 653 2276 habemus
683 2222 777 2276 cum
794 2198 1021 2286 territoriis
1042 2200 1407 2296 jurisdictionibus

311 2328 354 2397 et
381 2317 644 2423 pertinentiis
673 2316 880 2406 omnibus,
909 2319 1101 2399 locorum
1131 2327 1175 2398 et
1200 2319 1405 2398 territori·

311 2462 432 2514 orum
461 2436 643 2540 partium
671 2433 782 2512 Sco
799 2437 930 2533 tari,
964 2445 1006 2514 et
1034 2439 1273 2517 tenentibus
1301 2439 1408 2518 Bal·

309 2553 1092 2646 sael28tetanoBalsaeloca
1119 2583 1226 2659 quae
1255 2556 1411 2638 hebent

310 2677 701 2780 compertinentiis
730 2686 772 2754 et
800 2678 1159 2766 iurisdictionibus
1195 2683 1282 2760 suls
1325 2705 1407 2759 om·

311 2799 461 2892 nibus,
509 2799 564 2878 ob
594 2800 780 2898 regalem
809 2801 1224 2904 contemplacionem
1265 2803 1409 2883 venire

309 2921 554 3010 etlirmere,
580 2921 888 2998 interveniente
916 2922 1063 3012 medio
1093 2947 1194 3000 suae
1222 2923 1409 3001 malesta·
1546 2993 1548 2996 .
1605 2913 1606 2944 ¹

312 3042 391 3130 tis,
434 3065 527 3120 cum
557 3039 787 3143 praedictis
814 3039 967 3130 bonam
1005 3053 1253 3142 treuguam,
1294 3043 1408 3122 iuxta

311 3160 612 3240 continentium
640 3161 970 3265 partiscaptae,
1000 3169 1043 3240 et
1070 3167 1207 3252 dietus
1236 3167 1411 3242 nuncius

310 3282 477 3374 dixerit,
505 3281 666 3380 babere
684 3281 724 3358 in
745 3283 947 3360 mandatis
977 3288 1028 3363 eb
1058 3285 1209 3366 illustri
1237 3285 1408 3364 domino

309 3427 386 3480 suo
429 3424 557 3500 rege,
600 3401 725 3480 eundi
767 3402 817 3482 ad
847 3403 985 3482 dictos
1013 3403 1179 3490 Balsam
1208 3415 1251 3482 el
1278 3405 1409 3482 Stela-

309 3544 433 3610 num,
474 3529 516 3599 et
542 3521 774 3621 quesiverit
815 3522 929 3624 quod
957 3524 1078 3602 sitin
1107 3525 1185 3600 illis
1222 3522 1410 3627 partibus

312 3644 445 3744 prima
474 3639 644 3744 nomine
672 3645 809 3720 nostri
836 3641 1032 3732 dominii,
1060 3651 1105 3720 nt
1134 3644 1409 3722 contentanti·

312 3761 391 3838 bus
419 3763 501 3840 illis
543 3764 735 3842 lirmetur
776 3763 884 3841 dicta
928 3775 1124 3864 treugua;
1160 3765 1284 3844 Vadit
1310 3787 1409 3870 pars

312 3884 422 3984 quod
473 3885 659 3964 mittatur
713 3885 858 3962 comiti
901 3893 944 3962 et
985 3887 1206 3990 capitaneo
1262 3895 1407 3965 nostro

312 4003 422 4079 Scu
443 4008 559 4084 tari
588 4030 685 4104 pars
715 4007 851 4108 pridie
881 4015 1003 4110 eapte
1031 4007 1083 4082 inw
1099 4009 1183 4085 hoc
1213 4009 1407 4096 consilio,

311 4123 377 4200 cui
420 4127 672 4204 auctoritate
715 4125 837 4224 buius
876 4126 1041 4206 consilii
1069 4128 1192 4218 detur
1221 4127 1406 4222 libertas,

1604 3105 1606 3184 l

1604 3295 1606 3396 l
