3226 5112
147 611 242 668 cum
271 587 351 667 bac
379 613 583 692 expressa
608 589 867 677 conditione,
882 592 996 692 quod
1013 593 1129 672 nuilo
1146 597 1247 672 tem·

145 734 253 811 pore
282 708 480 810 nullaque
509 733 664 810 guerre
692 709 759 785 vei
789 709 984 788 novitatis
1001 713 1248 804 occasione,

132 827 260 910 nuiio
291 827 503 929 etiamque
531 829 700 914 debito,
731 837 800 908 aut
829 829 907 906 alia
936 833 1083 932 quavis
1113 857 1281 926 causa..

147 973 231 1050 que
271 948 355 1026 dici
396 950 463 1026 vei
494 951 726 1048 excogitari
756 949 912 1051 possit,
942 953 1055 1028 dicta
1083 953 1249 1042 domus,

147 1094 222 1147 seu
249 1069 383 1170 aliqua
413 1072 503 1165 ejus
519 1093 631 1171 pars,
659 1095 734 1146 seu
762 1071 853 1166 ejus
867 1068 1033 1148 affictus
1062 1073 1250 1152 redditus

149 1196 219 1268 aut
246 1195 481 1294 proventus
510 1189 550 1264 in
578 1194 669 1264 toto
711 1189 775 1264 vei
816 1196 960 1292 parte,
1001 1215 1079 1292 per
1119 1191 1249 1269 ulium

149 1312 361 1410 ingenium
390 1311 479 1386 sive
509 1311 676 1398 malum,
706 1311 925 1390 intromitti
955 1313 1091 1415 accipi
1121 1312 1248 1414 impe·

149 1431 229 1510 diri
272 1431 360 1510 tottt
402 1433 492 1524 vet,
512 1435 670 1510 auferri
712 1435 849 1512 vaieet
889 1457 912 1508 a
953 1431 1250 1538 suprascriptis

142 1551 218 1628 'voi
246 1574 394 1630 eorum
423 1553 561 1656 atiquo
592 1557 632 1634 in
669 1567 934 1658 perpetuum.
975 1556 1251 1648 addicientes

151 1673 324 1774 insuper
352 1682 393 1750 et
421 1675 460 1750 iu
491 1678 842 1778 complacentiam
881 1678 1068 1775 ejusdem
1099 1680 1252 1778 magui-

152 1791 222 1870 fici
249 1791 407 1870 domini
447 1787 635 1892 vayrode
674 1797 842 1874 Sandati
870 1805 948 1897 per
976 1796 1099 1892 hujus
1126 1795 1250 1897 privis
1348 1785 1350 1794 ’

154 1911 250 2012 iegij
281 1919 474 1993 tenorem
503 1913 681 1993 tirmiter
708 1920 955 2004 statuentes,
985 1916 1159 2018 quodsi
1189 1941 1253 1992 ca-

152 2058 225 2110 sus
253 2045 521 2128 occurreret,
539 2061 662 2138 quem
678 2040 784 2114 deus
811 2047 986 2130 evomat,
1002 2037 1117 2138 quod
1144 2036 1254 2116 idem

77 2151 82 2162 '
153 2154 402 2254 magnificus
430 2157 626 2235 dominus
648 2157 887 2239 sandalias
916 2181 970 2234 ex
998 2157 1083 2234 boc
1109 2158 1254 2234 secuto

153 2275 474 2374 transmigraret
502 2280 662 2378 absque
692 2278 786 2358 titiis
815 2283 858 2354 et
881 2276 1125 2368 heredibus,
1155 2285 1253 2354 tunc

139 2393 319 2496 prefata
347 2393 496 2476 domus
526 2423 621 2476 oum
652 2399 850 2476 omnibus
877 2399 1015 2486 modis
1044 2403 1087 2474 et
1116 2398 1257 2480 eondi-

156 2513 345 2592 tionibus
374 2517 687 2619 suprascriptis,
716 2518 911 2594 deveniat
938 2517 1065 2619 pteno
1088 2517 1186 2612 jure
1216 2516 1255 2592 in

155 2635 254 2712 iitos
275 2633 327 2711 de
344 2637 551 2736 progenie
579 2637 667 2716 sive
696 2641 863 2715 domo
895 2637 1123 2716 Cosaoe
1152 2639 1258 2734 eJus-

157 2757 253 2834 dem
282 2755 489 2856 magnifici
517 2755 675 2834 domini
705 2753 906 2852 sandattj,
926 2757 995 2855 qui
1022 2762 1119 2856 post
1148 2779 1259 2832 enm·

143 2879 254 2956 dem
293 2876 559 2976 magnificum
602 2875 818 2952 dominum
861 2872 1147 2954 remanebunt.
1200 2873 1261 2948 ita
1410 2871 1412 2874 ’

158 3003 202 3074 et
222 2995 374 3089 taliter,
395 2996 510 3097 quod
535 2994 587 3070 de
604 2994 692 3094 ipsa
708 2994 848 3080 domo,
866 3001 909 3070 et
925 2995 1014 3090 ejus
1030 2997 1151 3094 parte
1168 3016 1260 3093 qua·

49 3094 63 3114 ’
156 3115 263 3194 tibet
287 3120 460 3217 ejusque
484 3113 694 3193 affictibus
724 3121 765 3191 et
795 3111 1023 3190 redditibus
1052 3111 1105 3188 sit
1133 3112 1173 3188 in
1191 3137 1261 3188 eo·

152 3261 246 3316 rum
274 3237 471 3314 libertate
502 3233 735 3338 disponere
751 3233 1187 3334 etfacere,tamquam
1205 3233 1259 3308 de

154 3357 282 3436 rebus
310 3357 395 3435 suis
418 3353 602 3458 propriis
617 3356 656 3431 iu
673 3353 997 3458 perpetuumln
1012 3376 1193 3454 quorum
1210 3359 1265 3428 te-

146 3477 404 3558 stimouium
432 3501 610 3579 presens
638 3477 908 3578 privilegium
940 3473 1263 3572 fierijussimus,

157 3605 202 3676 et
250 3597 363 3675 bulla
406 3603 550 3676 nostra
601 3597 797 3698 plumbea
839 3593 1053 3698 pendente
1096 3591 1263 3670 muniri·

158 3718 307 3796 Datum
337 3717 555 3794 innostro
584 3717 723 3794 ducali
750 3717 924 3818 palatio,
943 3715 1012 3792 die
1040 3711 1265 3814 quartode·
1310 3743 1324 3770 ··

159 3840 271 3918 cimo
311 3839 453 3935 danii,
493 3837 728 3916 indictione
771 3837 976 3940 septima.
1019 3833 1262 3911 millessimo

160 3958 581 4060 quadringentesimo
609 3958 812 4056 vigesimo
842 3979 969 4038 nono.
1002 3997 1010 4048 ς

644 4195 964 4264 Commemoriale
990 4192 1068 4334 XII.
1092 4191 1146 4257 ch.
1169 4193 1221 4256 94.

994 4297 1036 4364 18
