3206 5110
1197 407 1263 476 Μ

167 633 259 689 sum
285 607 766 714 Nichemar,·prout
793 617 942 693 nostro
970 611 1163 697 dominio
1191 639 1261 716 ap·

169 729 307 831 paruit
334 733 577 812 convenire.
631 728 792 829 Quibus
819 731 988 835 quidem
1018 735 1262 839 responsio·

169 851 291 930 nibus
319 849 564 940 intellectis,
602 853 700 931 dato
730 855 843 954 quod
871 853 1076 954 praedicti
1105 853 1263 934 ambas·

168 970 345 1050 sistores
386 971 566 1054 fecerint
606 973 787 1075 aliquam
828 973 1114 1056 dilllcultatem
1151 976 1265 1056 circa

170 1102 430 1173 castrum
459 1091 795 1200 Stipanice,
824 1096 1015 1176 dicentes
1045 1099 1157 1200 quod
1187 1121 1266 1198 per

169 1213 337 1296 nuntios
365 1215 584 1318 utriusque
612 1217 743 1320 partis
768 1216 1007 1305 rideretur,
1042 1217 1077 1296 si
1105 1217 1263 1298 dictum

170 1341 352 1416 castrum
381 1336 493 1416 foret
522 1338 626 1417 iutra
655 1339 871 1426 terminos,
887 1335 1009 1417 nobis
1031 1339 1265 1440 assignare·

169 1465 251 1544 tur,
279 1455 346 1534 sin
374 1463 514 1536 autem
543 1466 781 1540 remaneret
808 1481 958 1537 corum
986 1458 1265 1558 dominis‚ct

169 1601 248 1680 por
275 1578 490 1658 auditores
517 1603 596 1681 per
629 1603 708 1656 nos
737 1577 972 1682 deputatos,
1002 1578 1152 1656 luisset
1180 1601 1264 1658 res·
1319 1641 1324 1654 .

169 1723 363 1802 ponsum
392 1702 506 1801 quod
534 1724 614 1802 per
641 1701 808 1781 nuntios
836 1701 1012 1802 praefati
1036 1699 1195 1778 domini
1224 1699 1265 1778 io

170 1818 290 1898 simul
320 1845 417 1900 cram
443 1819 610 1908 nostris,
640 1821 703 1900 bis
729 1823 863 1900 risum
893 1821 1028 1898 luerat
1056 1825 1100 1898 et
1127 1843 1268 1924 reper-

170 1947 257 2016 tum
284 1938 445 2020 dictum
474 1949 657 2020 castrum
687 1938 1060 2043 Stephanicc
1090 1939 1264 2018 loreto-

171 2065 257 2136 tum
299 2058 389 2136 sive
432 2083 510 2162 pro
543 2056 701 2138 maiori
742 2066 862 2160 parto
900 2060 942 2137 in
975 2058 1266 2138 iurisdictione

170 2187 341 2266 nostra,
382 2179 435 2258 ita
478 2178 591 2281 quod
632 2203 717 2258 noo
745 2191 837 2260 erat
863 2203 1068 2265 necasse.
1109 2187 1155 2256 ut
1182 2178 1268 2256 hoc

171 2301 351 2404 amplius
389 2301 627 2391 videretur;
681 2309 724 2380 et
763 2300 887 2380 dictis
927 2324 1006 2406 per
1045 2311 1267 2402 utramque

170 2420 350 2524 partium
379 2421 520 2499 mrrltis
548 2419 689 2498 verbis
711 2420 953 2522 superinde,
984 2420 1153 2497 demum
1168 2415 1269 2496 dicti

171 2542 482 2624 ombaxiatores
512 2545 820 2632 contentarum,
849 2545 894 2616 ut
909 2541 1067 2620 dictum
1084 2545 1269 2616 castrum

172 2663 436 2749 minoretur,
482 2669 782 2744 contexuerunt
820 2662 992 2762 insuper
1034 2668 1077 2738 ct
1116 2657 1269 2760 promi·

172 2793 332 2871 serunt,
361 2784 530 2862 nominc
557 2782 845 2884 praelatorum
875 2777 1143 2858 dominorum
1172 2803 1267 2858 suo·
1326 2823 1353 2854 ³.
1433 2774 1435 2785 '

173 2931 279 2996 rom,
308 2907 423 3007 quod
452 2904 578 2984 nobis
608 2905 934 2986 restituerentur
950 2907 993 2976 et
1008 2902 1267 3000 assignaren-

172 3033 239 3106 tur
266 3029 417 3108 domus
446 3033 614 3106 centum
644 3024 916 3104 Andreae
945 3021 1187 3121 Omoys‚
1217 3021 1271 3098 di·

174 3151 348 3228 strictus
375 3147 484 3226 Sco
504 3147 623 3223 tari
641 3199 650 3232 ,
693 3153 736 3222 et
764 3151 956 3224 contrata
984 3141 1060 3217 Zu
1077 3167 1102 3243 p
1118 3165 1186 3242 pe
1214 3125 1270 3216 di·

174 3271 345 3348 strictus
383 3268 416 3348 C
433 3291 454 3344 a
471 3269 612 3351 lari,
650 3289 698 3344 ac
727 3264 851 3344 etiam
880 3263 1123 3340 usufructus
1148 3259 1272 3339 dicta·

175 3413 267 3469 rum
295 3389 519 3468 domorum
549 3392 718 3464 centum
749 3391 792 3462 ct
820 3391 1014 3462 contrata
1043 3380 1218 3482 Zuppe,
1248 3401 1271 3452 a

175 3521 372 3608 tempore
413 3505 711 3586 celebrationis
751 3503 868 3609 pacis
911 3528 1044 3604 usque
1080 3502 1131 3578 ad
1160 3497 1272 3576 diem

176 3628 502 3729 consignationis
548 3629 861 3731 praedictarum
908 3647 1064 3702 rorum.
1129 3619 1182 3699 Et
1222 3615 1272 3695 ad

176 3749 333 3828 lactum
367 3749 721 3828 Nichcrman
762 3751 860 3850 post
900 3745 1047 3823 factam
1090 3739 1271 3840 aliquam

175 3879 397 3974 punctam,
438 3874 564 3948 etiam
601 3869 893 3947 remanserunt
927 3863 1062 3950 laciti;
1104 3860 1179 3936 sed
1220 3860 1271 3938 ad

176 4000 340 4094 putem
369 3993 619 4072 ducatorum
646 3987 784 4084 mille,
827 4004 935 4086 quos
962 3983 1122 4060 habere
1151 3999 1269 4081 prae·

177 4114 350 4190 tendunt
378 4110 587 4190 annuatim
618 4128 696 4213 pro
727 4106 897 4186 civitate
920 4111 969 4180 ot
988 4098 1179 4178 districtu
1196 4095 1269 4176 Ca·

178 4237 271 4324 tari,
300 4233 467 4326 minime
496 4229 685 4312 contenti
710 4233 1016 4313 romanserunt,
1044 4219 1272 4319 allegantes

1008 4343 1067 4408 ts*
