3206 5110
1198 385 1267 451 599

163 604 250 690 unt,
277 623 356 678 nos
382 622 463 704 pro
493 597 805 682 conservando,
823 602 865 672 et
892 591 1162 674 detendendo
1190 613 1267 672 eos
1310 577 1314 586 ¹

165 721 355 811 ieoimus,
382 727 424 799 et
452 717 643 804 iaoimus,
671 720 714 792 et
741 715 894 794 taetu'ri
922 739 1067 792 sumus
1096 735 1265 814 magnas

165 863 400 940 expensas,
434 839 547 918 unde
574 836 800 921 voluimus,
836 833 1078 935 quodiiiud
1107 832 1264 912 datium
1318 825 1320 830 ’

164 958 333 1040 scilieet
358 957 398 1036 in
428 963 617 1036 nostrum
648 979 829 1034 comune
844 953 1115 1034 venetiarum
1144 945 1267 1032 de've·

165 1082 276 1164 nint,
312 1101 405 1156 nam
434 1100 606 1182 semper
633 1077 733 1154 iliud
762 1077 918 1154 datium
947 1077 1116 1153 comuni
1143 1074 1269 1154 ladre

165 1199 424 1290 solvebatur,
453 1223 531 1299 pro
560 1223 646 1300 quo
677 1195 890 1296 exigendo
916 1198 1269 1275 comittemosaut

166 1326 315 1398 nostro
345 1319 514 1422 eomiti,
542 1325 612 1398 aut
642 1319 724 1411 atii,
752 1326 796 1397 ut
824 1317 944 1394 nobis
970 1317 1190 1398 videbitur.

271 1441 409 1540 Supra
450 1439 579 1518 tertio
609 1443 662 1518 de
691 1439 829 1519 dando
859 1439 1053 1517 homines
1081 1439 1162 1518 LX.
1191 1463 1269 1541 pro

167 1559 450 1638 conducendo
478 1561 677 1638 comitem
707 1560 895 1640 nostrum
925 1559 1102 1658 Pagum,
1129 1583 1271 1636 sumus

170 1679 374 1762 contenti,
404 1687 533 1780 prout
560 1679 764 1758 eontinet.

272 1797 412 1902 Supra
442 1804 594 1898 quarto
619 1799 806 1902 capituto
834 1799 887 1876 de
914 1798 1052 1876 eundo
1082 1800 1122 1876 in
1152 1823 1271 1878 exer·

170 1914 300 1996 eitum
328 1922 537 2002 nostrum,
561 1919 753 1996 volumus
769 1926 813 1996 et
828 1923 1133 2006 contentamus,
1162 1921 1273 2020 quod

168 2038 203 2115 si
231 2037 446 2134 continget
485 2062 564 2115 nos
605 2039 749 2117 faeere
778 2042 1014 2118 exereitum
1053 2040 1163 2117 intra
1192 2038 1273 2115 out·

170 2155 282 2244 ium,
318 2181 398 2257 per
433 2158 702 2260 partitionem
729 2159 951 2250 volumus,
992 2159 1103 2260 quod
1131 2157 1191 2234 itii
1220 2156 1274 2232 de

170 2277 287 2373 Pago
315 2276 428 2354 ittam
456 2275 637 2355 similem
665 2278 933 2380 partitionem
963 2275 1016 2355 de
1030 2275 1115 2356 suis
1141 2276 1275 2355 bomi-
1302 2365 1305 2369 ,

171 2397 295 2476 nibus
324 2396 505 2482 fociant,
546 2404 590 2474 et
624 2397 788 2477 mittant
814 2397 865 2477 ad
894 2398 1051 2476 dietum
1080 2401 1272 2475 nostrum

171 2514 422 2608 exereitum,
450 2543 532 2619 que
561 2519 632 2599 tiet
659 2520 864 2598 Venetiis.

276 2635 415 2738 Supra
430 2635 576 2737 quinto
608 2639 792 2740 capituto
823 2641 876 2716 de
904 2661 957 2715 oo
987 2637 1100 2738 quod
1130 2637 1275 2714 dieunt

175 2753 290 2856 quod
317 2753 542 2832 ladrenses
560 2757 822 2835 intraverunt
842 2757 881 2834 in
912 2765 1047 2834 terras
1076 2763 1118 2831 et
1147 2777 1276 2855 aquas

175 2873 373 2952 comunis
400 2871 512 2973 Pagi,
541 2877 861 2980 respondemus,
890 2875 1004 2979 quod
1034 2881 1182 2951 noster
1210 2897 1278 2949 oo·

175 3019 265 3071 mes
292 2981 393 3072 iuno
420 2996 572 3086 veniet,
601 2999 843 3085 stridebit,
873 3003 915 3074 rt
941 2995 1195 3074 examinabit
1223 2993 1277 3072 de

175 3116 300 3206 teoto,
328 3125 371 3194 et
398 3117 617 3198 denotabit
644 3117 765 3197 nobis
793 3119 892 3198 t'aeti
917 3117 1219 3201 conditionem,
1236 3118 1279 3190 ot

19 3333 22 3368 ,
172 3259 249 3312 nos
277 3259 405 3337 supra
435 3238 546 3318 iaoto
575 3240 912 3343 providebimus,
955 3237 1155 3317 iaciemus
1183 3236 1278 3314 tide·

175 3351 284 3432 tibus
302 3357 460 3432 nostris
475 3358 528 3434 de
543 3359 657 3460 Pago
675 3361 787 3463 quod
804 3359 895 3437 fleri
919 3357 1092 3436 debebit
1108 3357 1278 3454 dejure.

276 3494 414 3594 Supra
441 3489 577 3574 sexto,
606 3493 649 3564 et
676 3473 821 3562 ultimo
851 3481 1033 3584 oopituio
1063 3478 1176 3580 quod
1194 3499 1278 3555 non

174 3615 350 3690 velimus
379 3607 493 3714 qnod
522 3608 600 3685 sob
630 3604 712 3681 atio
731 3601 927 3680 dominio
949 3623 1073 3701 quam
1102 3595 1181 3674 sub
1210 3621 1279 3670 no·

173 3745 263 3812 otro
290 3737 511 3835 ponantur,
537 3723 871 3828 respondemus,
899 3715 1013 3822 quod
1049 3716 1178 3795 verba
1206 3739 1280 3792 sua

174 3852 299 3930 nobis
327 3853 510 3954 ptaoeut,
541 3845 637 3948 quin
666 3842 1010 3942 congnoscimus,
1041 3835 1153 3940 quod
1183 3857 1279 3937 pro·

176 3971 332 4050 cedunt
359 3993 382 4044 a
412 3971 524 4045 bona
553 3989 679 4043 eausa
708 3968 751 4037 et
778 3985 863 4038 non
892 3959 1047 4036 habent
1075 3953 1282 4045 dubitare,

24 4169 27 4178 .
162 4083 288 4194 'quon
317 4091 356 4167 in
393 4088 534 4188 aliquo
562 4109 660 4163 casu
688 4084 757 4184 qui
786 4081 925 4185 possit
953 4079 1163 4166 accidere,
1193 4099 1279 4152 non

176 4209 472 4316 provideamus
512 4207 565 4284 de
609 4203 670 4280 eis
697 4205 805 4281 bene
846 4199 957 4277 siout
999 4217 1119 4298 quam
1158 4195 1282 4274 babo·
