3226 5112
166 576 327 677 prefato
355 575 586 656 dominatio
619 581 832 678 ‘nunquam
872 575 1008 656 trudet
1044 576 1253 658 civitatem

167 695 344 776 Drivssti
371 698 412 774 in
439 721 585 776 munus
600 697 776 776 alicuius
805 698 1253 789 atteriusdomini,sed

168 816 481 920 ipsumprosse
509 823 676 906 tenent,
718 826 978 921 excepto
1016 819 1253 895 domino

168 937 396 1038 despote,
424 937 492 1016 oui
506 938 612 1016 sien¹
625 939 838 1014 voluntate
853 937 1148 1016 dominationis
1161 959 1256 1041 pro·

156 1056 366 1152 ‚cederem
394 1057 557 1157 possint
593 1081 684 1134 eom
713 1057 951 1148 restituere,
979 1081 1061 1136 uon
1086 1054 1255 1156 'tigando

170 1177 208 1266 in
238 1176 376 1278 nliquo
395 1177 733 1256 :dominationem
769 1177 1070 1268 venetiarum,
1110 1177 1185 1254 sed
1213 1185 1258 1258 ut

169 1319 340 1400 semper
365 1297 448 1375 hoc
476 1298 516 1374 in
546 1297 680 1376 libero
710 1294 887 1375 arbitrio
917 1297 1257 1376 excellentissimi

171 1416 343 1516 dominij
367 1418 628 1499 Venetorum
656 1417 736 1498 fiet.
764 1418 921 1518 Quibus
951 1417 1139 1524 capitulis
1166 1441 1258 1520 pre·

170 1535 318 1639 positis
345 1537 526 1640 predicti
543 1540 656 1617 cives
669 1540 954 1641 promiserunt
980 1539 1151 1617 nomine
1167 1563 1258 1626 suo,

173 1663 215 1734 et
241 1659 616 1738 nomine-oliorum
642 1657 815 1750 civium,
838 1658 1047 1738 civitatem
1067 1683 1181 1736 suam
1197 1659 1259 1738 de·

171 1799 220 1856 re
247 1777 410 1878 prefate
439 1775 798 1861 dominatioui‚·et
818 1781 966 1874 J'urore
994 1801 1139 1856 omnes
1166 1776 1261 1854 flde-

173 1897 329 1980 Iitete'm
358 1906 507 1979 sancto
536 1900 682 1976 Murco
712 1909 755 1976 et
779 1899 965 1979 dominio
986 1901 1262 1977 Venetorum.

148 2018 457 2118 ‚Quamobrem
497 2043 577 2096 nos
618 2018 753 2096 dictus
780 2018 973 2097 dominns
1013 2019 1262 2101 Franciscus
1361 2019 1364 2030 '

174 2141 348 2240 Quirino
377 2164 522 2220 comes
549 2143 862 2244 ct-cspituueus
890 2141 1079 2228 Scutari,
1119 2139 1264 2219 videns

176 2265 218 2340 et
245 2259 515 2340 considerans
554 2259 745 2363 predicto
785 2262 967 2365 capituto
1009 2277 1103 2341 esse
1140 2255 1266 2361 justo,

175 2380 288 2460 licite
317 2389 360 2458 et
385 2380 572 2469 honeste,
600 2403 694 2458 cum
724 2379 775 2460 ab
797 2380 922 2478 iustis
951 2383 1267 2482 focilesitjus'tu

175 2503 422 2604 impetrare,
462 2503 599 2580 omnia
628 2509 671 2578 et
696 2501 859 2601 singulo
886 2502 1172 2605 suprascripta
1201 2526 1268 2582 cs·

175 2623 306 2724 pitulo
346 2622 516 2698 nomine
545 2626 587 2696 et
614 2620 706 2699 vico
747 2621 1048 2700 dominationis
1073 2623 1266 2704 Venetia·

177 2768 269 2822 rum
298 2742 504 2845 promittit
531 2743 750 2821 attendere
778 2752 822 2820 et
849 2735 1093 2831 obseruare,
1122 2750 1165 2822 ot
1184 2744 1269 2820 nul·

177 2864 220 2940 lo
249 2889 431 2967 uuquam
468 2868 662 2966 tempore
696 2865 762 2940 vei
793 2865 1023 2946 occasione
1063 2864 1268 2944 contraiu-

179 3009 280 3065 cere
317 2987 384 3062 vel
423 2983 745 3073 contravenire3
772 2985 848 3062 sed
889 3008 1058 3086 semper
1099 2991 1187 3062 ratu
1228 2989 1271 3060 et

179 3103 298 3184 firmo
324 3101 553 3194 habere‚et
579 3103 690 3183 nulla
719 3124 844 3182 censa
872 3103 1044 3182 violare.
1073 3101 1268 3182 Etdomi·

180 3251 258 3306 nus
286 3247 437 3304 comes.-
457 3247 537 3328 pro
564 3249 611 3304 se
633 3227 855 3304 etnomine
883 3221 1177 3302 dominationis
1190 3223 1272 3300 Ve·

180 3346 385 3424 netierum
407 3347 564 3445 iuravit
591 3345 715 3426 dictis
743 3346 905 3426 civibus
932 3343 1126 3448 predicte
1151 3349 1273 3447 pactu

180 3467 481 3547 inviolabiliter
508 3470 753 3549 observare.
791 3467 921 3547 Cives
947 3469 1086 3543 sutem
1110 3466 1274 3563 jureve·

182 3593 279 3666 runt
305 3595 451 3666 sancto
492 3587 640 3664 Marco
672 3594 715 3665 et
744 3585 1103 3667 excellentissimo
1146 3581 1276 3662 domi·

184 3709 256 3788 nio
284 3709 554 3788 venetiorum
596 3731 768 3814 semper
810 3709 1053 3789 fidelitatem
1094 3701 1279 3784 serrare.

185 3829 275 3928 Que
313 3829 451 3908 omniu
493 3831 777 3931 suprascripto
819 3829 998 3932 capitulo
1033 3823 1279 3906 confirmate

185 3959 349 4030 suntet
376 3949 578 4029 retificste
618 3973 697 4054 per
722 3948 877 4028 dictum
915 3947 1127 4026 domiuum
1155 3945 1280 4022 Fron·

34 4171 38 4179 ἱ
187 4071 348 4152 oiscum
388 4069 581 4170 Quirino,
621 4073 761 4174 primo
803 4071 854 4152 od
890 4071 1099 4151 honorem
1127 4069 1212 4149 Dei
1235 4075 1278 4147 et

186 4189 616 4290 Evangelistesuncti
642 4191 775 4312 Murci
801 4201 847 4274 'et
862 4189 1040 4286 leudem,
1068 4190 1278 4270 honorem

1029 4313 1076 4378 μ
