3154 5102
230 575 521 660 Intelleximus
570 579 695 658 etiam
750 579 863 680 quod
919 576 1230 658 mercatoribus

133 701 284 782 vestris
309 703 504 782 transitus
531 709 676 806 potest
704 723 797 778 esse
827 700 1071 782 tructuosus
1098 702 1229 780 etuti·

132 823 181 902 lis
206 847 288 928 per
326 832 519 904 nostrum
553 845 757 923 regnum,
798 819 1017 922 dirigendo
1060 843 1229 922 gressus

131 963 230 1020 suos
257 967 354 1022 cnm
382 945 468 1022 suis
491 941 778 1022 mercimoniis
805 965 951 1020 versus
981 941 1231 1022 Constan·

131 1058 415 1162 tinopolim
444 1069 486 1140 et
508 1059 728 1166 imperium
756 1059 1084 1138 Romanius.
1111 1062 1231 1138 Vnde

134 1205 225 1258 oum
265 1179 403 1260 intuiti
444 1188 612 1270 restro,
653 1187 940 1258 mercatorum
991 1189 1230 1260 vestrorum

133 1299 403 1376 commodum
430 1301 651 1402 proprium
667 1301 1062 1402 reputemus,nobls
1076 1301 1231 1404 placet,-

133 1421 246 1520 quod
303 1421 546 1523 praedictus
586 1421 647 1498 eis
687 1422 885 1500 transitus
925 1445 1004 1526 per
1056 1445 1256 1523 regnum*

129 1549 323 1618 nostrum
350 1550 494 1644 pateat
522 1549 564 1618 et
590 1563 669 1644 per
710 1541 890 1618 eundem
930 1541 1088 1622 reditus
1126 1545 1231 1620 salu·

131 1664 241 1742 taris.
296 1664 349 1742 ut
375 1666 409 1742 si
438 1663 575 1765 aliqua
604 1665 752 1742 damna
780 1688 802 1740 a
830 1663 985 1742 nostris
1024 1686 1231 1767 percepe-

132 1784 209 1861 rint
251 1785 484 1884 regnicolis
520 1792 782 1864 mercatores
808 1783 1009 1888 pracfati‚
1049 1784 1148 1886 ipsis
1175 1786 1229 1862 de

132 1925 302 1982 camera
340 1913 484 1984 nostra
517 1906 783 2004 integraliter
822 1904 1069 1984 satisfacere
1103 1907 1228 1984 debe·
1364 1979 1369 1988 .

131 2047 259 2104 amus.

232 2193 432 2275 Ceterum
461 2195 512 2275 ad
540 2197 641 2290 hoc,
656 2205 700 2275 ut
722 2201 861 2276 omnia
876 2206 918 2276 et
933 2197 1096 2298 singula
1110 2219 1227 2300 prae·
1339 2199 1348 2222 ⁸

20 2357 21 2366 ι
128 2314 238 2396 dicta
265 2319 403 2396 robur
429 2317 727 2396 ettirmitatem
757 2319 986 2408 obtineant,
1016 2317 1229 2396 excellen-

130 2439 211 2516 tiae
244 2447 411 2516 vestrae
438 2439 606 2543 placeat
633 2440 683 2516 ad
711 2463 791 2517 nos
819 2440 1001 2540 aliquem
1042 2447 1227 2517 vestrum

128 2557 318 2634 nobilem
346 2557 580 2650 destinare,
611 2557 679 2636 cui
718 2557 928 2662 possimus
969 2559 1069 2637 loco
1097 2559 1227 2636 vestri

131 2677 252 2756 vocis
289 2679 466 2758 oraculo
503 2680 804 2782 spopondere,
844 2681 997 2758 sanctis
1023 2679 1226 2755 iuramen·
1334 2679 1336 2686 ’
1427 2653 1431 2665 ’

132 2797 181 2874 tis
208 2798 362 2876 debitis
388 2801 664 2903 deponentes,
696 2801 887 2876 universo
911 2807 960 2877 et
987 2800 1150 2899 singula
1185 2799 1225 2874 in

124 2927 381 3022 perpetuum
414 2927 657 2999 servaturos
683 2917 856 2998 domino
887 2919 983 2998 duci
1012 2927 1053 2996 et
1083 2943 1224 2998 comu-

130 3041 246 3118 nitati
273 3041 547 3118 Venetiarnm
573 3041 800 3144 praelatae.

229 3209 337 3288 Item
354 3187 709 3292 cum'inmmitate
724 3213 929 3290 fuerimus
943 3211 1078 3289 valida
1095 3235 1222 3302 occu7

131 3332 305 3435 patilla
335 3337 449 3436 quod
477 3334 629 3414 medici
657 3335 845 3413 totaliter
872 3336 925 3411 dc
951 3339 1096 3409 nostra
1126 3355 1224 3410 con·

130 3453 382 3530 valescentia
410 3454 701 3559 desperabant,
720 3463 865 3531 votum
889 3453 1093 3544 vovimus,
1109 3451 1225 3552 quod

129 3569 518 3652 lerosolimis
548 3577 599 3654 ad
639 3577 848 3654 honorem
890 3572 1119 3650 salvatoris
1158 3595 1223 3647 so·

22 3719 23 3722 ¹
133 3693 342 3798 lempnem
370 3695 599 3774 ecclesiam
628 3705 670 3774 et
698 3695 1000 3774 monasterium
1030 3691 1222 3772 construi

22 3799 24 3816 '
133 3815 361 3908 iaciemus,
402 3819 439 3896 si
467 3842 546 3894 nos
590 3819 641 3895 ab
681 3815 926 3894 huiusmodi
965 3814 1220 3893 infirmitatis

22 3943 23 3986 ἓ
131 3938 334 4037 voragine
375 3937 603 4028 liberarct3
657 3937 776 4016 cuius
832 3937 964 4038 gratia
1003 3937 1224 4040 impetrata

133 4058 243 4159 quod
273 4081 351 4136 ore
377 4057 664 4161 promisimus,
692 4059 943 4136 intendimus
974 4057 1129 4160 exequi
1145 4079 1224 4161 per

133 4179 349 4269 ellectum,
376 4203 455 4280 per
492 4187 636 4260 certos
678 4187 850 4257 nostros
891 4177 1085 4271 nobiles,
1113 4203 1222 4280 quos
