3220 5118
371 357 447 455 {¹5ae
469 387 478 404 .

381 594 416 670 si
444 595 525 674 erit
553 589 803 694 expediens,
830 585 1000 664 mittere
1028 583 1190 687 aliquos
1219 583 1386 663 nuntios
1412 605 1476 662 se-

382 721 526 795 oretos
553 712 604 792 ud
631 713 759 812 ipsos,
791 705 841 785 ad
869 704 1149 784 inducendum
1177 705 1338 785 iilosad
1366 707 1477 783 dam·

380 858 434 912 na
448 844 491 911 et
505 828 761 910 offensiones
777 825 950 918 eutrici,
977 825 1248 927 relinquimus
1276 823 1362 903 hoo
1376 823 1416 899 in
1432 823 1477 900 ii·

381 951 544 1030 bertate
572 945 776 1050 capitanei
805 952 847 1024 et
876 953 972 1037 tua,
1015 968 1100 1022 non
1129 940 1353 1042 obligando
1381 967 1477 1020 nos·

380 1079 491 1150 trum
519 1069 747 1150 dominium
770 1066 816 1143 in
844 1065 1042 1168 atiquoin
1063 1051 1251 1167 speoiaii,
1279 1064 1355 1142 sed
1383 1065 1479 1142 dan·

380 1193 436 1272 do
465 1193 528 1272 eis
555 1213 688 1294 spem,
717 1183 831 1289 quod
857 1208 932 1260 vos
960 1181 1083 1262 etiam
1121 1182 1399 1288 providebitis
1427 1183 1479 1262 ad

381 1316 530 1393 damna
558 1319 600 1388 et
628 1307 806 1388 offensas
834 1301 1015 1390 Chirioi,
1043 1327 1121 1407 per
1147 1329 1296 1384 omnes
1322 1307 1478 1386 modos

380 1435 536 1512 etuias
565 1427 813 1534 possibiles,
845 1432 926 1502 tarn
956 1448 1035 1526 per
1060 1432 1217 1506 terram
1246 1449 1371 1528 quam
1398 1448 1480 1529 per

381 1576 543 1655 aquam.

738 1685 844 1776 Sera.
869 1679 983 1750 Cone.
1005 1684 1095 1773 nug.
1120 1683 1195 1748 Lib.
1219 1683 1275 1750 Vi.
1299 1686 1354 1750 cb.
1377 1687 1435 1753 92.

473 1907 914 2012 uonxxxvln.
944 1932 1058 2006 uno.
1085 1933 1138 2006 ao
1163 1927 1413 2033 apritis.

383 2127 571 2198 Oaronopn
595 2136 693 2197 nneay
715 2121 990 2189 illabennnnous,
1013 2123 1138 2196 rnnybn
1152 2138 1191 2178 oe
1215 2125 1364 2198 rapann’s
1391 2121 1481 2182 Oun-

426 2247 490 2306 mo,
513 2243 583 2286 noro
608 2224 788 2284 Mieroubn
813 2241 902 2282 neae
927 2241 963 2282 aa
988 2225 1073 2284 oetie
1097 2223 1274 2300 anaodnrn,
1299 2243 1361 2286 nan
1385 2245 1422 2287 ea

478 2349 585 2404 nonno
608 2349 669 2390 san
694 2346 806 2408 unane,
831 2343 892 2388 aso
917 2345 1008 2388 nune
1032 2329 1133 2388 burn.
1158 2326 1373 2414 (cunoberto.)
1497 2405 1501 2414 .

487 2497 628 2604 Capta.
656 2499 776 2598 Quod
804 2469 1010 2576 scribatur
1036 2519 1124 2576 ser
1144 2497 1339 2578 Blasio
1368 2501 1479 2579 Dei·

381 2623 587 2728 phion,
626 2621 766 2700 comiti
797 2617 984 2699 Sibenioi
1012 2618 1054 2697 in
1081 2618 1161 2698 bae
1190 2619 1337 2699 torma:
1367 2621 1480 2700 Duas

382 2743 543 2822 litteras
570 2749 732 2822 vestras
759 2743 1016 2846 recepimus
1044 2735 1479 2847 datesaitera'mquin·

381 2874 446 2956 to,
487 2867 660 2943 alteram
691 2867 738 2940 15
767 2863 922 2939 mensis
950 2863 1167 2948 instantis,
1212 2866 1477 2944 continentes
1589 2925 1591 2964 J

382 2985 547 3076 omnia,
575 3009 684 3088 quae
714 2983 828 3063 circa
857 2983 1027 3083 negotia
1055 2983 1223 3063 castri
1249 2983 1477 3074 Aimisii,

381 3131 516 3210 usque
543 3131 654 3185 nunc
685 3113 781 3183 sunt
808 3116 981 3194 secuta3
1022 3111 1065 3184 et
1089 3105 1268 3184 vidimus
1299 3107 1478 3211 qualiter

380 3227 586 3305 redeunte
615 3225 675 3303 Bi
691 3228 703 3303 Ι
720 3251 745 3304 ο
761 3249 780 3302 s
797 3228 810 3303 l
826 3251 848 3304 a
863 3252 904 3313 o,
939 3251 1021 3305 uno
1052 3251 1104 3304 ex
1134 3227 1370 3308 castellanis
1397 3229 1434 3307 A
1450 3229 1475 3306 i·

381 3347 565 3425 missii¹
589 3347 654 3426 de
682 3345 927 3440 Bossina‚
956 3373 1050 3427 oum
1080 3349 1169 3425 eius
1197 3348 1362 3448 inmitia,
1393 3347 1476 3453 qui·
1590 3337 1591 3412 ὲ

380 3467 475 3546 dam
503 3467 787 3545 Micatius
829 3468 895 3544 de
936 3465 1195 3568 Ragusio
1225 3469 1474 3547 castellanus
1590 3559 1591 3564 Ν

379 3585 670 3677 Bistricae,
707 3613 803 3666 eum
831 3587 891 3666 ibi
918 3589 1101 3676 retinuit,
1129 3595 1171 3666 et
1199 3589 1351 3667 exinde
1379 3613 1472 3692 qua·
1590 3587 1591 3664 3

380 3709 477 3788 iiter
503 3733 609 3788 uuus
624 3697 739 3786 'aiios
760 3732 894 3786 novus
910 3709 1159 3788 castellanus
1187 3735 1280 3789 oum
1308 3710 1472 3812 triginta

379 3828 509 3908 s'ooiis
549 3829 715 3908 noviter
757 3837 1088 3933 supervenerat,
1128 3854 1207 3934 pro
1237 3837 1358 3936 parte
1395 3833 1469 3909 du·
1589 3819 1591 3856 ¹

380 3951 592 4040 nissae,
637 3951 734 4030 ioco
764 3950 1036 4030 Biiosiavi
1077 3957 1120 4030 et
1147 3951 1351 4055 Ostoye
1379 3951 1468 4032 sotii

379 4071 470 4164 sui,
499 4073 568 4173 qui
595 4077 641 4149 ut
668 4070 864 4158 scribitis,
891 4073 972 4150 iarn
1001 4075 1053 4150 de
1082 4072 1196 4152 dioto
1228 4081 1368 4155 castro
1397 4073 1467 4150 dis-

379 4191 519 4290 cessit,
549 4193 667 4270 simui
699 4217 794 4272 oum
823 4191 1022 4271 fratribus
1050 4191 1250 4273 Bilosiavi
1266 4201 1466 4274 eteorum

376 4309 557 4401 familiis,
585 4335 634 4391 uo
661 4312 701 4390 in
732 4313 806 4393 Bo
822 4337 842 4390 s
857 4337 876 4387 s
893 4312 906 4390 i
922 4337 948 4390 n
963 4337 1041 4392 am
1078 4315 1311 4416 redierunt,
1342 4337 1461 4420 prop·
1590 4361 1591 4406 t

1589 3719 1591 3806 i

1589 3889 1591 3968 i

1589 4249 1591 4320 i

1587 4449 1591 4540 ¹
