3234 5116
401 359 473 424 nc

401 573 551 646 ,nostra
592 567 1032 650 sacro‘coronation‚
1075 574 1115 643 ei
1152 566 1401 647 excitaiion'
1425 563 1500 642 dei

406 700 554 766 nostro
585 696 716 782 stato,
762 711 785 763 e
815 712 838 764 a
866 692 1024 765 tractor
1053 711 1076 762 e
1106 688 1341 785 apreticcr
1367 686 1501 763 moite.
1609 689 1610 742 i

408 810 512 886 aiire
543 833 667 886 cosso
697 795 788 884 cum
819 811 908 906 nuJ‚
938 809 974 884 ie
1004 807 1094 908 quai
1125 807 1180 884 iui
1210 807 1340 888 horca
1368 808 1487 884 habu

406 931 460 1008 do
491 931 530 1006 in
560 929 906 1006 comandamento
936 928 998 1003 dai
1025 927 1191 1030 preiaio
1221 927 1502 1006 serenissimo

406 1047 559 1126 misser
588 1049 628 1124 io
659 1049 770 1127 doxe
800 1073 823 1124 c
851 1047 914 1124 dai
947 1071 1097 1124 comuo
1127 1048 1179 1124 de
1208 1048 1427 1128 Venicxia.
1468 1046 1504 1124 E

405 1169 563 1272 perche
595 1179 715 1246 entro
746 1170 784 1245 le
812 1167 918 1246 aiire
949 1193 1086 1256 cosse,
1111 1193 1205 1247 cunr
1236 1169 1412 1246 maxima
1439 1169 1503 1244 in-

404 1291 550 1368 stantia
581 1290 769 1370 ciiicocia
794 1313 816 1363 o
833 1288 1099 1368 solicitudine
1128 1288 1251 1368 habia
1275 1289 1505 1376 domanda,

406 1409 502 1486 chei
532 1435 584 1485 no
615 1409 800 1511 piasesse
818 1433 899 1485 uno
929 1407 1149 1511 pririiegio
1181 1406 1403 1486 aiiroiiada
1428 1406 1505 1486 ob·

408 1529 591 1628 regnudo
607 1553 684 1631 per
701 1531 741 1606 io
758 1527 1046 1608 ambassiodor
1075 1528 1128 1604 de
1143 1527 1292 1606 misser
1320 1529 1360 1604 lo
1384 1528 1503 1604 doxe

407 1674 429 1721 e
458 1645 524 1756 dei
555 1671 707 1724 comuo
737 1646 789 1724 de
815 1647 1031 1736 Veniexia,
1061 1646 1110 1722 da
1140 1647 1175 1722 io
1202 1645 1314 1724 bona
1342 1669 1503 1722 memo-

406 1769 465 1844 rio
494 1768 561 1845 dei
591 1767 862 1846 serenissimo
894 1767 1294 1846 eiexcelentissimo
1323 1792 1379 1846 re
1408 1767 1502 1844 Ho-

406 1883 537 1988 stoy
555 1915 590 1982 a,
622 1915 850 1992 precessor
877 1896 1050 1982 nostro,
1081 1871 1320 1976 reformor,
1349 1913 1429 1992 per
1458 1889 1501 1964 ic
1563 1974 1570 1988 ⁸

407 2009 502 2111 quoi
531 2033 654 2086 cossa
685 2009 932 2112 examinada
961 2009 998 2084 ia
1029 2009 1161 2087 forma
1187 2009 1501 2086 eiccontinen-

313 2195 320 2212 ,
404 2131 460 2208 iia
489 2128 555 2207 dei
585 2130 671 2208 dito
701 2131 937 2232 privilegio,
967 2155 1101 2208 ecum
1132 2130 1142 2205 i
1172 2132 1303 2208 nostri
1333 2153 1430 2206 sora
1444 2131 1503 2206 de

405 2275 455 2327 zo
485 2244 652 2329 hobrnio
683 2255 882 2350 consejo,
926 2250 1105 2350 voJando
1136 2252 1178 2329 in
1207 2250 1346 2353 queiie
1375 2274 1503 2329 cosse

406 2371 486 2448 che
516 2395 536 2446 a
564 2371 773 2474 nuiparra
790 2380 905 2450 zusie
935 2381 977 2447 et
1004 2371 1197 2459 honeste,
1216 2372 1317 2450 fare
1346 2393 1502 2449 conce·

406 2493 483 2569 der
508 2517 583 2570 azo
601 2491 681 2571 che
711 2493 722 2568 i
753 2517 882 2582 amor,
912 2493 1130 2572 iadiiizion
1161 2522 1183 2569 e
1213 2491 1376 2569 lebona
1405 2491 1503 2567 cmi·

406 2611 542 2695 eicie.
587 2614 624 2689 la
668 2615 761 2717 quoi
803 2613 933 2695 hares
969 2613 1005 2692 ic
1046 2613 1155 2692 hono
1198 2613 1400 2692 memoria
1431 2611 1501 2688 d'ei

406 2729 675 2812 serenissimo
719 2741 760 2811 et
798 2734 1139 2813 excelentissimo
1183 2757 1243 2811 re
1285 2729 1501 2808 'Phuer-
1609 2713 1610 2768 1

306 2857 309 2866 ’
407 2852 529 2931 tico
571 2855 750 2955 padre
780 2878 802 2929 e
831 2878 1061 2957 precessor
1098 2863 1262 2943 nostro,
1298 2876 1424 2931 verso
1454 2852 1497 2928 ei

405 2971 570 3075 prefato
599 2975 869 3052 serenissimo
901 2975 1050 3054 misser
1079 2977 1119 3052 io
1146 2974 1257 3052 doxe
1285 2999 1309 3050 e
1340 2997 1499 3052 comun

406 3093 459 3170 de
486 3093 704 3187 Veniexia,
734 3095 931 3175 etiamdio
961 3101 1082 3172 entro
1123 3097 1216 3174 tutti
1256 3095 1295 3172 ei
1332 3093 1498 3194 prefato
1609 3143 1610 3148 Ν

406 3213 554 3290 misser
582 3213 622 3292 io
651 3213 763 3292 doxe
800 3225 841 3294 et
870 3241 1024 3295 comun
1066 3217 1118 3294 de
1145 3213 1354 3296 Veniexio
1386 3239 1498 3296 cres·
1609 3215 1610 3302 ζ

402 3330 699 3422 'oho‚v01omo
728 3339 1054 3418 ecomandemo
1085 3363 1180 3418 cum
1211 3338 1238 3415 ii
1265 3337 1399 3414 nosiri
1429 3335 1499 3414 hc·

407 3455 498 3532 redi
534 3479 557 3530 e
585 3459 837 3543 successori,
867 3481 944 3562 per
971 3460 1013 3535 ei
1049 3469 1174 3537 tenor
1215 3459 1267 3536 de
1296 3465 1500 3560 presente
1609 3493 1610 3530 ;

406 3583 552 3653 nostre
580 3579 745 3668 lettere,
762 3579 798 3655 ai
814 3579 1007 3683 predicto
1037 3579 1290 3685 spectabeie‘
1315 3587 1358 3656 et
1380 3601 1500 3678 egre·
1609 3629 1610 3688 3

407 3693 474 3790 gio
503 3695 631 3774 homo
657 3701 806 3807 misser
832 3697 919 3778 Zan
946 3700 1088 3789 Zorzi,
1118 3698 1403 3776 ambassiador
1432 3698 1501 3775 dei
1609 3689 1610 3738 ³

406 3817 572 3918 prefato
607 3821 879 3901 serenissimo
910 3831 950 3901 et
979 3821 1320 3903 exceleniissimo
1349 3820 1503 3918 signor
1609 3871 1610 3878 κ

406 3939 558 4014 misser
597 3937 761 4029 'Phornc
792 3941 1031 4042 Mocenigo‚
1072 3967 1150 4048 per
1187 3942 1224 4019 ia
1262 3939 1332 4016 dio
1362 3939 1501 4036 gralia

406 4051 550 4134 inclito
572 4057 684 4137 doxe
714 4059 766 4137 de
782 4060 988 4139 Veniexic
1019 4091 1041 4139 e
1071 4061 1139 4140 dei
1169 4083 1321 4140 comun
1351 4057 1404 4135 de
1419 4059 1500 4135 Ve-

404 4173 559 4278 uicinia,
589 4201 666 4280 per
693 4199 820 4258 nome
850 4177 918 4259 dei
943 4181 1056 4261 dicto
1085 4181 1231 4259 misser
1261 4179 1302 4258 Ιο
1329 4177 1445 4258 doxe
1476 4203 1501 4255 e
