3192 5112
1173 377 1237 450 m

12 571 13 574 Ὺ
143 593 248 674 bere
276 591 355 674 cibi
390 592 592 674 auxilium
629 611 707 695 per
741 611 886 677 mara,
925 591 1064 692 gentio
1101 594 1143 673 et
1171 607 1237 690 ga·
1394 651 1400 664 .

143 713 319 794 turum.
359 713 413 794 Et
438 713 475 792 ai
503 721 663 794 tantum
700 717 919 815 continget
954 715 1135 792 iactante
1163 711 1237 790 dc·

12 871 13 874 Ν
142 835 274 927 mian,
300 833 416 938 qnod
442 833 555 914 dicta
583 835 729 914 civitas
768 831 1041 935 subjugetur,
1079 833 1170 910 vuit
1195 837 1239 908 et

144 961 417 1036 ccnoentatm
455 955 649 1036 daminus
685 957 942 1059 imperator,
984 953 1097 1058 quod
1126 955 1239 1034 totus

144 1073 359 1180 rto-potus
384 1077 438 1154 eit
466 1071 821 1156 tiberecnmunia
834 1077 1120 1164 venetiarum,
1146 1073 1238 1150 etat

146 1196 335 1276 notuerit
361 1195 607 1298 Deapntum,
634 1203 733 1276 tunc
773 1198 967 1276 dominus
1005 1198 1240 1299 imperator

143 1341 242 1398 curn
270 1317 426 1398 auritio
469 1321 629 1398 ducatis
670 1319 964 1399 dominationis
1007 1339 1084 1422 per
1110 1335 1243 1400 mare,¹

143 1440 273 1518 offert
296 1465 345 1520 se
372 1439 515 1521 tacere
542 1461 739 1542 guerram
769 1441 925 1522 civitati
953 1441 1106 1526 Perae,
1135 1445 1176 1518 et
1203 1437 1239 1514 ci

144 1559 404 1661 contingerit
432 1561 546 1664 quod
574 1563 835 1662 subjugetur,
860 1560 975 1662 quod
1003 1561 1114 1638 dicta
1142 1551 1239 1637 ciri·

143 1689 209 1758 tae
236 1681 292 1758 ait
317 1681 454 1760 tibere
485 1683 679 1762 comunis
704 1683 993 1762 Venetiarum.
1042 1675 1094 1756 Et
1115 1701 1238 1782 prae-

143 1797 257 1878 dica
293 1795 396 1884 dicit
435 1801 627 1880 dominns
655 1801 897 1903 imperator,
937 1819 1063 1880 cauca
1102 1805 1239 1875 extra-

143 1918 273 1998 hendi
300 1921 353 1998 de
380 1923 572 2000 menthae
606 1918 715 1999 itlius
744 1915 946 2021 detegatis
986 1919 1239 1998 Caratacu-

144 2040 297 2131 aino,
327 2039 397 2143 qul
423 2045 577 2140 injunte
604 2049 648 2121 et
676 2041 861 2122 indebite
891 2043 1144 2144 captivatum
1173 2039 1241 2116 de·
1376 2115 1378 2122 ,
1441 2060 1443 2071 ·

144 2161 250 2240 t'met
276 2157 406 2242 titium
435 2163 719 2268 imperatoria.

248 2333 287 2413 7.
321 2325 429 2410 ltem
455 2329 543 2432 vuit
571 2341 613 2412 et
638 2333 744 2438 petit
771 2329 965 2412 dominus
992 2312 1238 2440 imperator,

146 2453 260 2556 quod
290 2449 327 2531 si
359 2451 462 2558 ipae,
485 2449 550 2530 vei
577 2449 771 2534 dominus
800 2477 875 2530 rex
904 2449 1141 2552 einamma,
1170 2457 1239 2530 ant

12 2629 13 2632 κ
146 2567 317 2654 domina
342 2571 616 2680 imperatrix,
643 2573 709 2651 vet
738 2571 840 2651 atius
870 2597 945 2677 pro
975 2573 1047 2660 eis,
1075 2583 1144 2652 aut
1172 2569 1236 2650 aii·

147 2691 239 2798 quis
267 2691 320 2771 de
348 2689 434 2771 stris
463 2689 666 2784 fidelibus,
689 2705 880 2774 emerent
908 2699 978 2773 aut
1005 2695 1239 2774 venderent

146 2839 221 2894 acu
265 2809 457 2894 tacerent
496 2807 778 2894 mercationes
818 2813 857 2891 in
900 2815 1069 2894 civitate
1105 2803 1239 2893 Vene-

147 2933 322 3020 tiarum,
357 2933 425 3016 rel
466 2941 585 3015 extra
611 2933 652 3012 in
681 2935 807 3014 terris
834 2946 876 3013 et
903 2935 1009 3015 tucis
1045 2936 1237 3016 comunis

144 3055 444 3140 venetiarum,
480 3054 596 3160 quod
625 3083 772 3136 omnes
801 3055 883 3136 sint
910 3055 1046 3150 liberi,
1075 3053 1238 3135 franchi

147 3181 190 3254 et
217 3177 406 3278 exempti
434 3177 485 3254 ab
516 3177 629 3256 omni
666 3175 787 3256 dacio
816 3185 858 3257 et
885 3173 1055 3280 angaria
1097 3203 1238 3257 comu-

146 3295 208 3374 nis
235 3295 523 3388 venetiarum,
551 3307 594 3376 et
620 3295 818 3380 iocorum
846 3297 918 3378 ubi
942 3299 1156 3400 praedicta
1185 3298 1237 3374 fa·

147 3423 310 3508 cerent;
338 3423 380 3496 et
407 3443 431 3496 e
460 3443 672 3509 converso
702 3419 788 3498 vult
828 3417 1021 3498 dominus
1062 3419 1237 3524 impera·

146 3546 242 3628 tor,
271 3531 386 3640 qnod
415 3563 562 3617 omnes
592 3537 706 3620 cives
736 3547 778 3619 et
805 3531 951 3620 fidetea
981 3533 1140 3618 ducalis
1170 3538 1237 3615 do·

146 3653 402 3758 minationis,
430 3655 511 3738 sint
548 3657 697 3754 tiberi,
739 3655 924 3753 franchi,
964 3663 1168 3740 immunes
1196 3667 1239 3737 et

145 3777 347 3882 exempti,
374 3771 424 3857 ab
454 3781 564 3859 omni
601 3781 723 3862 dacio
753 3793 796 3862 et
823 3785 1011 3884 angaria,
1040 3785 1081 3862 in
1111 3779 1238 3862 omni·

145 3901 224 3980 hue
239 3901 364 3980 terris
380 3907 424 3980 et
438 3897 547 3981 locis
575 3901 777 3982 subiectis
791 3901 964 3983 domino
981 3903 1238 4010 imperatori.

248 4097 286 4172 8.
325 4091 430 4170 item
457 4093 494 4170 a
523 4094 820 4193 contingeret,
850 4091 962 4195 quod
990 4094 1139 4196 aliquis
1166 4091 1237 4172 dc·

143 4213 284 4292 mmm
310 4212 377 4289 eet
403 4213 604 4318 princeps
631 4211 825 4292 m'cveret
856 4233 1050 4396 guerragr
1076 4214 1142 4290 vet
1172 4231 1238 4289 ve-
