3186 5112
318 383 384 458 m
538 381 543 391 x

320 590 527 678 clusisset.
543 595 585 668 et
599 585 636 666 ai
651 587 933 670 conclusisset
956 593 997 666 et
1012 597 1160 692 postea
1192 592 1300 672 iiiam
1332 617 1418 672 uon

321 711 586 794 observaret,
614 708 736 786 detur
765 707 937 787 libertas
950 710 1066 788 dicto
1093 719 1241 791 nostro
1272 713 1417 794 comiti

320 839 363 912 et
392 829 630 932 capitaneo,
659 829 894 931 accipiendi
920 827 1179 910 Juaunum
1222 833 1421 912 Castri-

322 951 405 1036 ott
434 950 483 1031 ad
513 949 799 1054 provisionem
829 957 1015 1030 nostram
1031 953 1073 1032 in
1088 951 1202 1030 hunc
1230 955 1414 1032 modum.

319 1069 546 1154 Videlicet:
563 1069 676 1173 quod
693 1068 829 1148 dictus
845 1067 1005 1148 duanus
1020 1077 1213 1150 teneatur
1228 1081 1270 1154 ct
1285 1073 1410 1150 debe·

320 1197 361 1270 at
375 1213 547 1292 semper
564 1191 603 1268 in
620 1189 732 1268 omni
750 1213 849 1268 casu
874 1192 1153 1289 necessitatis,
1170 1198 1252 1272 tam
1269 1203 1419 1274 contra

319 1311 500 1400 Balsam,
530 1337 653 1414 quam
684 1321 833 1392 contra
850 1312 1093 1414 ,quamlibet
1121 1314 1243 1392 aliam
1270 1339 1413 1419 perso·

262 1503 265 1510 .
319 1455 440 1518 uam,
469 1432 679 1510 volantem
707 1433 854 1510 venire
880 1434 931 1511 ad
962 1433 1182 1514 damnaei
1210 1437 1418 1538 opressio·
1566 1521 1568 1538 1

319 1577 416 1638 nem
444 1561 653 1632 terrarum
681 1563 725 1632 et
754 1555 947 1634 iocorum
985 1545 1231 1636 nostrorum
1270 1561 1312 1632 et
1339 1561 1419 1636 ter·

319 1674 456 1754 ritorii
485 1673 640 1766 nostri,
677 1677 822 1754 venire
852 1699 948 1754 cum
977 1675 1042 1756 ·11·
1070 1677 1183 1755 mille
1213 1679 1419 1780 equisex

322 1793 426 1892 suis,
457 1803 501 1872 et
529 1817 625 1874 cum
653 1793 843 1898 pluribus
871 1794 908 1871 si
935 1796 1082 1900 plures
1109 1805 1250 1876 essent
1276 1821 1421 1876 neces·

318 1915 444 2012 sarii,
487 1915 555 1992 vei
592 1937 687 1992 cum
724 1915 793 1991 iila
822 1916 1081 2016 quantitate,
1124 1939 1230 2018 quac
1259 1916 1341 1996 erit
1368 1917 1417 1992 ad

320 2035 408 2122 hoc
432 2035 684 2118 neccssaria
727 2035 779 2113 at
806 2035 841 2112 si
869 2037 921 2114 da
954 2037 1041 2115 hoc
1070 2039 1151 2115 erit
1179 2045 1417 2132 contentus,

320 2155 472 2239 debeat
523 2157 661 2236 dictus
703 2164 851 2236 noster
904 2181 1050 2238 comes
1091 2162 1136 2236 et
1176 2159 1418 2259 capitaneus

320 2276 505 2364 Scutari,
532 2276 610 2354 sibi
639 2275 890 2380 promittere
906 2279 959 2358 dc
974 2275 1223 2378 provisione.
1252 2277 1417 2376 singulo
1526 2305 1534 2314 ⁸

320 2421 429 2483 anno
446 2398 624 2484 ducatos
654 2397 783 2495 mitio,
802 2398 854 2506 de
870 2395 1112 2477 introitibus
1139 2399 1295 2478 nostris
1321 2397 1420 2478 Scu-

285 2524 288 2540 '
319 2518 414 2604 tari.
444 2518 527 2600 Sed
557 2520 654 2620 quia
676 2517 747 2596 hic
775 2542 854 2618 per
873 2517 1038 2618 aliquos
1064 2519 1211 2604 fertur,
1241 2517 1418 2598 eundem
1567 2603 1568 2618 Ν

318 2635 498 2721 Juanum
527 2662 615 2719 non
642 2661 737 2714 esse
765 2649 984 2741 potentem
1014 2637 1064 2713 ad
1093 2636 1190 2725 hoc,
1220 2649 1264 2716 et
1291 2639 1417 2718 fueri·

320 2782 411 2838 mus
439 2758 669 2856 informati,
701 2756 816 2859 quod
857 2755 1154 2856 Georgius
1191 2765 1235 2835 et
1262 2757 1418 2836 Lexi-

320 2906 381 2962 us
414 2877 441 2956 J
455 2905 592 2960 uras
620 2888 762 2958 essent
788 2885 991 2982 potentes
1017 2880 1066 2956 ad
1095 2879 1335 2962 iaciendum
1362 2881 1418 2960 in·

319 2997 555 3080 tentionem
585 3007 791 3087 nostram,
829 2999 955 3076 detur
983 2997 1154 3078 libertas
1181 2999 1300 3080 dicto
1327 3023 1418 3078 nos·

237 3191 241 3196 .
319 3126 387 3197 tro
417 3118 580 3203 comiti,
610 3118 725 3218 quod
752 3115 890 3218 possit
917 3117 1166 3220 expendere
1194 3119 1306 3196 inter
1334 3117 1415 3197 dic

320 3248 388 3317 tos
415 3238 689 3328 duannum.
719 3235 1007 3335 Georgium
1036 3237 1306 3316 ethesium
1337 3236 1417 3315 du·

320 3383 417 3449 ras,
444 3359 580 3438 dictos
595 3360 777 3438 ducatos
792 3357 906 3436 mille
922 3358 974 3434 de
990 3359 1232 3438 introitibus
1248 3357 1415 3438 Scutari

320 3479 485 3582 singulo
504 3501 640 3558 vanno„
665 3477 888 3556 dividendo
904 3477 1000 3554 ilios
1017 3477 1126 3555 inter
1153 3479 1414 3582 praedictos,

319 3607 446 3708 prout
472 3598 586 3680 dicto
629 3604 776 3680 nostro
818 3596 966 3682 comiti
1002 3599 1152 3676 meiius
1194 3597 1416 3676 videbitur.

319 3717 432 3802 Etsi
462 3718 562 3798 dicti
590 3716 797 3816 Georgius
827 3727 872 3794 ct
897 3719 1046 3796 hexius
1085 3717 1210 3796 duras
1254 3713 1418 3794 nollent

319 3839 547 3920 nobiscum
573 3861 699 3926 esse,
739 3843 783 3914 et
809 3835 943 3918 dictus
982 3835 1144 3915 Juanus
1183 3839 1237 3916 sit
1263 3845 1416 3937 potans

321 3958 371 4036 ad
399 3957 509 4044 hoc,
537 3959 662 4036 detur
691 3955 863 4038 libertas
891 3954 1006 4034 dicto
1037 3957 1214 4046 comiti,
1240 3981 1413 4060 compu-

319 4079 445 4158 nendi
474 4103 568 4162 oum
610 4078 728 4158 dicto
771 4075 965 4166 Juanno,
1004 4076 1142 4156 dando
1171 4077 1252 4156 sibi
1279 4075 1414 4158 dictos
1566 4137 1568 4150 a

320 4197 433 4282 mitte
461 4195 650 4296 ducatos,
678 4201 724 4274 ut
751 4195 943 4300 superius
973 4199 1228 4278 continetur.
