3220 5118
356 540 471 642 quod
497 541 647 620 auditis
690 550 734 622 et
760 543 987 652 intellectis
1013 547 1217 650 expositis
1244 573 1323 651 per
1364 571 1440 626 eos

355 669 499 740 nostro
539 661 726 748 dominio
764 671 886 766 parte
926 665 1133 765 magnifici
1174 665 1334 746 domini
1362 667 1438 754 sni,

354 780 483 858 intimi
511 775 553 859 et
581 783 783 860 carissimi
824 783 1007 863 benivoli
1047 795 1091 864 et
1127 788 1274 889 opti-mi
1313 787 1437 864 amici

353 899 490 981 nostri
517 900 707 987 dominii,
734 903 908 982 dicimus
934 905 1044 1008 apud
1073 929 1219 984 omues
1248 907 1342 985 iore
1369 929 1436 982 no·
1579 933 1581 1000 φ

354 1019 583 1104 tissimum.
625 1023 803 1122 qualiter
836 1025 946 1106 inter
974 1023 1216 1122 magnificos
1244 1025 1437 1129 progeni·

353 1149 471 1220 tores
510 1166 635 1238 suos,
678 1144 768 1220 eins
807 1144 1151 1260 magnificentiam
1181 1154 1222 1224 et
1248 1155 1436 1224 nostrum

352 1261 597 1399 dominium·
622 1285 790 1364 semper
818 1263 951 1362 viguit
977 1269 1115 1342 mutua
1144 1274 1187 1344 et
1212 1237 1436 1346 coniuncta

352 1379 522 1459 dilectio
564 1379 731 1460 sincere
774 1381 1082 1462 benivolentiae
1123 1393 1167 1463 et
1206 1384 1435 1463 intrinseca

354 1501 547 1587 caritatis,
565 1501 823 1602 quaagratiu
847 1503 917 1579 dci
944 1503 1145 1606 dernpeps
1159 1505 1312 1582 nedum
1341 1527 1435 1583 con·

260 1686 263 1695 .
350 1621 599 1705 servabitur,
626 1623 700 1700 sed
715 1619 770 1696 ob
785 1645 928 1700 veram
942 1623 1223 1703 sinceritatem
1252 1625 1433 1728 optimae

352 1745 640 1850 dispositionis
669 1747 885 1848 utriusque
900 1745 1095 1850 partium,
1109 1743 1310 1846 suscipiet
1337 1767 1431 1824 con·

351 1871 464 1950 tinne
493 1873 771 1968 angmentum.
801 1862 1061 1970 Ulteriusque
1089 1866 1140 1941 ad
1168 1889 1285 1944 suam
1313 1863 1433 1942 iniur-

350 1990 578 2070 m'atinnem
605 1987 683 2067 sibi
705 1989 898 2067 volumus
926 1986 1191 2078 iorcnotum,
1220 1981 1334 2090 quod
1363 2013 1432 2091 pc·

349 2113 438 2190 sitis
474 2115 518 2190 ct
544 2111 762 2211 assignatis
801 2109 902 2190 alias
929 2108 982 2186 de
1010 2108 1219 2188 amicabili
1252 2115 1295 2186 et
1323 2110 1433 2188 bona

350 2231 658 2334 compositione
687 2239 730 2308 et
756 2228 1009 2313 concordio.
1051 2252 1154 2331 per
1189 2226 1440 2307 condam·

348 2351 726 2452 magnificum
780 2349 1069 2428 dominum
1116 2349 1432 2449 Georgium

347 2470 672 2563 Stracimiri‚
699 2472 739 2548 in
768 2471 960 2550 manibus
989 2477 1030 2546 et
1055 2473 1263 2570 potestate
1291 2477 1433 2549 nostra

349 2591 1016 2686 toctsScutari,b1·ivasti‚
1046 2587 1432 2688 DugnietSati

349 2739 453 2793 cum·
463 2711 626 2810 juribus
653 2711 972 2815 etpertinentiis
999 2712 1099 2800 suis,
1125 2710 1295 2801 Balsa,
1323 2729 1432 2786 mnr-

346 2846 419 2912 tuo
456 2833 570 2912 dicto
615 2831 835 2932 magnifico
878 2832 1114 2910 domino
1152 2829 1429 2929 Georgia,

347 2955 494 3032 notens
519 2976 692 3032 servare
720 2960 763 3030 et
790 2945 931 3030 iacere
959 2975 1064 3052 quae
1093 2949 1295 3039 debebat,
1333 2975 1431 3050 ymo

346 3097 583 3176 procurans
598 3079 731 3151 totum
747 3073 1001 3176 oppositum,
1028 3071 1166 3150 intulit
1192 3091 1317 3172 quam
1344 3071 1428 3172 piu.
1580 3115 1581 3180 i

346 3217 417 3272 r-es
445 3199 487 3272 et
514 3192 691 3274 infinitas
730 3193 937 3272 novitates
973 3201 1014 3270 et
1042 3194 1189 3272 damna
1223 3191 1345 3269 dictis
1375 3189 1427 3267 io·
1580 3245 1581 3262 i

344 3315 406 3394 cis
423 3323 465 3394 et
478 3312 654 3394 subditis
679 3314 833 3392 nostris
862 3315 915 3391 dc
930 3311 1041 3406 inde,
1068 3315 1109 3390 in
1132 3309 1428 3413 tantumquod
1580 3369 1581 3388 t

344 3436 512 3514 demum
540 3429 596 3516 nd'
620 3459 816 3535 guerram
857 3439 1045 3512 nostrum
1075 3431 1306 3512 dominibm
1334 3455 1428 3535 pro·

344 3556 524 3634 vocavit.
554 3551 669 3634 Unde
695 3581 772 3633 nos
798 3554 948 3657 positis
975 3554 1168 3653 gentibus
1198 3561 1239 3630 et
1266 3549 1425 3628 exerci-

343 3682 389 3752 tu
415 3681 561 3754 nomo
588 3674 630 3751 in
656 3676 736 3753 iiiis
763 3675 965 3779 partibus,
995 3675 1199 3766 incientes
1226 3667 1427 3772 provisio·

345 3815 420 3873 nes
461 3817 666 3894 congruas
694 3806 738 3874 ut
763 3794 891 3872 moris
926 3793 1056 3872 estin
1086 3791 1235 3872 tatibus
1275 3811 1425 3894 oppor-

344 3913 608 3999 tunitatibus,
634 3915 875 4019 accepimus
902 3915 1095 3994 euntibus
1122 3912 1243 3990 dictis
1271 3909 1424 3988 nostris
1580 3953 1581 4026 J

346 4036 539 4132 gentibus
567 4045 714 4115 contra
742 4061 837 4114 eum
866 4043 915 4114 et
936 4039 1030 4115 loca
1057 4061 1144 4122 sna,
1169 4033 1221 4111 de
1248 4034 1426 4136 potestn-
1580 4055 1581 4088 ι

347 4161 391 4232 te
413 4177 511 4242 suu,
541 4161 659 4234 certe
687 4179 769 4233 non
798 4154 1024 4234 ambitione
1053 4152 1238 4272 dominii,
1264 4151 1339 4228 sed
1367 4149 1425 4228 sic
1580 4107 1581 4150 ἶ
