3226 5112
332 596 833 704 proeium-Drivesti
860 601 904 676 ei
931 597 1188 687 Antibari,
1215 623 1311 678 oum
1342 600 1426 701 qui·

334 724 410 798 bus
438 720 538 798 dioit
565 717 723 798 hebere
751 718 968 824 pratioum,
995 729 1040 796 ut
1067 721 1147 799 sub
1174 731 1326 801 nostro
1354 721 1426 799 do·

332 841 457 918 minio
485 839 759 920 subiicientur
788 893 799 915 .
829 900 837 915 .
865 897 875 918 .
904 895 914 916 .
947 843 1164 942 poreeudo
1203 843 1309 928 iilis,
1351 843 1425 944 qui

332 961 431 1039 oiim
461 969 609 1038 eontra
637 965 830 1038 nostrum
872 957 1101 1039 dominium
1139 962 1426 1065 deliquissent,

331 1089 374 1160 et
402 1081 685 1184 promittendo
713 1082 769 1158 de
794 1081 1032 1160 introitibus
1059 1083 1423 1164 tanrendietorum

329 1205 535 1292 locorum,
562 1204 597 1278 si
626 1201 746 1280 aliter
773 1227 898 1305 quom
939 1227 1018 1308 per
1046 1207 1326 1286 concordium
1354 1208 1424 1282 ha·

330 1323 421 1402 beri
448 1347 531 1399 non
560 1328 753 1426 possent,
779 1324 819 1400 id
848 1325 984 1402 minus
1012 1327 1124 1426 quud
1141 1327 1313 1427 poterii,
1340 1325 1422 1402 iilis

329 1445 399 1545 qui
426 1445 582 1524 debunt
622 1446 717 1523 iooo
758 1446 986 1548 proedicto.
1028 1445 1081 1524 Et
1107 1448 1244 1526 mittat
1270 1449 1425 1550 cupita·

327 1591 409 1644 neo
426 1563 531 1644 coifi
546 1563 624 1643 XX
636 1585 801 1669 pennos
816 1591 852 1668 .j.
868 1625 876 1638 .
895 1618 906 1640 .
926 1565 1032 1643 Item
1050 1563 1201 1644 debent
1215 1623 1226 1644 .
1242 1625 1252 1645 .
1268 1567 1423 1646 solliei-

328 1694 418 1764 tore
440 1690 483 1761 et
509 1685 709 1762 inducere
735 1682 909 1761 Juneh
937 1681 1064 1760 Otto
1092 1685 1423 1789 provisionetum

328 1811 521 1886 nostrum
536 1813 579 1884 et
594 1806 699 1885 aiios
713 1803 972 1908 principales
995 1805 1189 1885 homines
1212 1809 1356 1911 paeni,
1372 1811 1424 1886 od

328 1929 493 2006 favores
509 1935 551 2006 et
565 1926 806 2030 impresiem
828 1931 1027 2014 nostram,
1043 1979 1054 2001 .
1072 1983 1078 1998 .
1096 1925 1291 2029 quonium
1322 1932 1425 2006 mui-

184 2155 192 2162 *
327 2059 415 2128 tum
444 2049 588 2126 fovere
623 2051 838 2151 poterunt,
866 2049 901 2125 si
930 2048 1153 2126 nobiseum
1191 2059 1343 2128 essent.
1379 2093 1424 2104 -

345 2207 346 2212 Ν
429 2171 608 2272 Insuper
662 2167 886 2246 mandetur
938 2167 1166 2272 praedietis
1211 2224 1427 2248 ......

328 2291 443 2394 quod
495 2313 642 2368 omnes
689 2315 736 2367 se
786 2290 911 2367 simui
955 2289 1186 2390 intelligent
1188 2343 1425 2369 ......

327 2414 485 2488 Verum
513 2411 549 2487 si
575 2411 615 2488 in
643 2411 725 2489 iilis
755 2411 943 2514 partibus
970 2421 1083 2489 esset
1111 2435 1291 2490 eomes
1320 2411 1424 2489 Sie-

180 2538 183 2546 ’
327 2533 497 2611 funus
526 2533 694 2610 autulii
722 2557 801 2610 suo
830 2533 1026 2623 nomine,
1068 2555 1163 2610 oum
1192 2532 1345 2634 quihus
1373 2535 1425 2611 ad

329 2657 609 2735 concordium
636 2654 783 2734 venire
812 2655 1024 2759 possetis,
1065 2677 1207 2732 sumus
1235 2655 1427 2733 conteuti

328 2777 439 2878 quod
468 2775 643 2853 venistis
677 2777 729 2853 ed
767 2775 1068 2866 concordium,
1108 2774 1302 2855 habendo
1331 2773 1424 2849 Bu·

327 2895 867 2986 duem‚1)rivostum
896 2893 1425 2972 sciurusseviohios

326 3020 368 3092 et
395 3037 574 3116 passus
601 3011 793 3091 uentae
821 3021 948 3115 atque
974 3011 1212 3093 Antibsri
1240 3015 1276 3091 si
1299 3024 1423 3118 pote·

326 3131 428 3210 ritis.
456 3132 540 3211 Sed
568 3137 700 3212 sires
728 3133 859 3238 poesii
897 3141 1040 3211 essent
1068 3133 1109 3212 in
1137 3135 1210 3213 teli
1239 3135 1423 3214 termino

326 3257 369 3328 et
395 3256 476 3330 torn
517 3251 715 3357 propicio
750 3252 1079 3334 adveniendum
1116 3251 1195 3329 sub.
1233 3263 1421 3333 nostram

325 3371 621 3463 obedientiam,
650 3372 762 3475 quali
789 3373 988 3465 scribitis,
1015 3373 1054 3451 in
1083 3373 1169 3452 hoo
1197 3401 1297 3454 eusu
1327 3401 1421 3478 per-

325 3491 555 3592 sequemini
583 3493 813 3594 equirendo
843 3491 1102 3586 zeniam,
1144 3506 1270 3598 prout
1299 3521 1421 3598 supe·

326 3613 410 3690 rius
446 3613 565 3692 vobis
607 3615 851 3708 mundetur,
892 3615 1189 3715 oveutegiondo
1227 3623 1419 3695 nostrum

324 3733 550 3828 dominium
566 3737 634 3815 vei
649 3759 729 3840 per
743 3737 1019 3816 concordium
1048 3737 1116 3814 vei
1143 3736 1277 3824 aliter,
1291 3745 1421 3841 prout

326 3853 465 3934 utilius
493 3855 615 3934 vobis
642 3855 852 3935 videbitur
879 3881 960 3960 pro
987 3864 1148 3936 nostro·
1164 3858 1367 3936 dominio.

429 3975 628 4055 Ceterum
671 3978 912 4058 mandemus
952 3979 1101 4066 vobis,
1144 3980 1257 4080 quod
1287 3979 1322 4054 si
1349 3979 1416 4058 nli·

326 4095 440 4197 quod
470 4098 750 4183 concordium
776 4098 859 4178 iem
886 4097 1097 4177 fecissetis
1125 4121 1219 4176 curn
1258 4097 1415 4177 comite
1515 4107 1519 4120 '

326 4214 513 4306 stefano,
540 4221 609 4300 vel
637 4245 733 4298 oum
760 4219 859 4309 suis.
887 4219 989 4297 iliud
1028 4218 1192 4319 integre
1228 4217 1415 4297 debentis
