3236 5108
302 569 401 648 dicti
429 566 606 654 fluminis
639 568 778 646 vocati
792 565 837 663 ¹S
853 567 916 668 ab
934 594 959 646 o
977 569 988 646 i
1005 593 1119 666 aua,
1150 593 1273 672 quarn
1301 575 1396 652 reti·

302 698 373 766 nst
400 713 479 792 pro
507 710 554 764 sc
582 694 625 764 et
652 687 689 764 in
718 696 838 791 parte
866 712 968 774 sua.
997 698 1038 766 et
1065 713 1143 792 per
1170 694 1282 792 quod
1312 692 1396 769 itur

302 807 539 891 Scotorum,
567 832 707 908 neque
734 833 813 910 per
843 833 967 886 uuum
994 809 1156 888 miliare
1181 810 1287 890 infra
1316 819 1393 888 ter·

302 953 402 1014 ram.
430 929 569 1029 aliqua
596 933 718 1031 parte
747 927 973 1014 edificare.
1003 954 1082 1010 nec
1119 931 1313 1012 edificari
1342 933 1396 1010 fa·

302 1073 401 1132 cere
430 1047 586 1148 aliquid
615 1047 873 1132 fortiticium,
905 1059 947 1125 nt
967 1051 1162 1132 transitus
1191 1051 1291 1130 dicti
1320 1053 1391 1132 flu·

299 1170 608 1267 miuisscmper
635 1176 850 1245 remancat
865 1167 1099 1270 expeditus.
1128 1167 1237 1248 Ultra
1253 1181 1390 1250 autem

298 1314 424 1373 unum
466 1287 642 1368 milliare
685 1287 789 1366 iufra
831 1294 1001 1380 terram,
1031 1290 1173 1392 posint
1214 1296 1254 1370 in
1294 1297 1389 1398 ipso

298 1409 515 1490 territorio
544 1405 754 1494 edificare.
784 1416 826 1486 et
840 1407 1027 1488 edificari
1055 1410 1197 1490 facere
1225 1415 1389 1515 quodii·

298 1533 368 1612 het
397 1531 663 1616 sorididum,
691 1529 921 1608 secundum
950 1530 1064 1634 quod
1094 1533 1154 1610 cis
1181 1533 1391 1614 videbitur

298 1661 340 1732 et
367 1653 566 1754 placebit.

399 1895 522 1992 Item,
550 1897 666 1995 quod
695 1895 788 1998 ipse
819 1891 1063 1991 magnificus
1089 1863 1386 1978 dontiuuaGc·

247 2107 250 2110 ·
294 2017 437 2118 orgius
476 2014 750 2105 sancimen,
777 2013 969 2094 dominus
1011 2013 1146 2096 chte
1176 2023 1258 2096 etc.
1288 2041 1383 2097 oum
1525 2064 1529 2078 ι

295 2137 491 2216 omnibus
518 2131 612 2212 tiliis
627 2142 670 2214 ct
685 2133 916 2214 heredibus
943 2136 1041 2220 suis,
1057 2135 1112 2214 sit
1135 2141 1178 2214 ct.
1192 2161 1291 2216 csse
1317 2139 1384 2218 de·

135 2291 139 2302 ·
295 2259 396 2349 beat
436 2253 1080 2334 nobilisVeuetiarum
1118 2258 1383 2339 sidema-

286 2375 410 2477 jo'ri
453 2374 718 2458 consilio
748 2375 1038 2468 venetiarum,
1064 2375 1119 2456 ita
1147 2378 1259 2478 quod
1302 2387 1383 2460 tam

292 2501 398 2602 ipse,
425 2517 548 2600 quam
577 2494 675 2574 dicti
715 2496 777 2573 sui
806 2495 881 2576 filii
909 2501 952 2574 et
977 2495 1173 2590 heredes,
1203 2501 1384 2599 quoties·

293 2643 474 2722 cumque
493 2643 548 2698 se
577 2615 854 2696 transferrent
874 2615 924 2692 ad
955 2617 1165 2698 civitatem
1191 2619 1382 2700 Venetia·

257 2731 258 2736 ‘
292 2763 397 2829 rum,
423 2737 587 2840 possint
614 2738 758 2818 venire
774 2735 825 2812 ad
853 2761 998 2818 manus
1026 2738 1190 2818 consilii
1215 2741 1382 2820 Veneti·

291 2883 420 2954 arum,
449 2865 492 2936 ct
518 2858 559 2934 in
588 2885 641 2936 eo
658 2863 770 2934 stare
786 2863 827 2936 et
843 2856 998 2945 iacere,
1025 2856 1379 2960 quemadmodum

259 2971 261 2974 ’
290 2985 414 3067 stant,
426 2976 636 3055 ctiaciunt
651 2975 718 3053 aiii
732 2974 894 3056 nobiles
910 2976 1182 3056 Venetiarum
1194 2977 1246 3056 de
1257 2979 1380 3078 majo·

290 3098 326 3176 ri
341 3096 519 3178 consilio
536 3099 762 3178 antedicto.
792 3098 923 3177 ltem
952 3098 1379 3199 quodipsedotniuus

290 3223 375 3300 dux
390 3224 433 3298 et
448 3243 627 3300 comune
653 3219 928 3298 venetiarum
942 3242 1025 3295 non
1052 3221 1217 3322 possint
1242 3244 1381 3322 neque

289 3341 471 3422 debeant
498 3362 649 3442 perse,
678 3339 745 3416 uei
773 3338 878 3416 alios
906 3338 1035 3418 modo
1066 3339 1209 3442 aliquo
1232 3341 1296 3418 vei
1324 3342 1380 3420 in·

289 3455 795 3560 genio‚cont1·adebnum
822 3455 1024 3548 comunis,
1038 3457 1286 3558 iuquietare,
1313 3459 1379 3540 vci

289 3579 519 3658 molestare
547 3577 681 3681 ipsum
709 3576 976 3686 magnificum
1004 3578 1218 3656 dominum
1248 3577 1377 3657 Geor·

287 3696 414 3798 ginm,
430 3723 510 3778 nec
525 3723 625 3798 suos
650 3697 844 3783 heredes,
860 3701 912 3778 de
941 3707 1132 3778 contrata
1148 3723 1270 3802 quam
1288 3697 1378 3800 ipse

286 3839 364 3920 pro
379 3841 426 3894 se
443 3821 610 3911 retinet,
640 3841 720 3902 uec
735 3816 846 3896 illam
858 3817 923 3896 cis
939 3818 1106 3899 auferre
1125 3817 1192 3896 vet
1221 3803 1378 3902 auferri

286 3935 442 4022 iacere,
467 3959 566 4034 ymo
592 3937 683 4040 ipse
712 3945 754 4018 et
789 3940 852 4018 sui
878 3935 1062 4018 heredes
1090 3937 1257 4043 possint
1284 3959 1377 4018 eam

196 4094 200 4102 ·
286 4056 525 4164 possidere,
554 4062 769 4157 ettonem,
799 4068 842 4140 et
867 4060 921 4140 de
936 4082 986 4138 ea
1001 4061 1224 4164 disponere
1253 4065 1296 4138 et
1321 4059 1374 4136 ia·

199 4175 202 4185 '
287 4199 400 4264 cere,
437 4177 545 4255 sicut
578 4177 656 4258 sibi
683 4179 902 4282 placuerit,
942 4188 1153 4282 tamquam
1182 4179 1375 4258 dominus

286 4296 397 4397 ejus,
437 4299 654 4399 poscendo
698 4299 804 4376 ultra
839 4301 925 4382 hoc
952 4303 995 4379 in
1022 4323 1072 4380 ea
1101 4307 1144 4378 et
1181 4299 1369 4406 qualibet
