3192 5112
326 363 389 430 15⁰

325 571 456 650 Zanin
484 571 660 651 Novello
692 573 807 650 fosse
834 573 1039 652 mandado
1069 597 1092 650 a
1115 573 1243 651 miser
1271 575 1312 652 Ιο
1340 573 1417 650 lm·

326 687 511 794 perador
552 693 604 768 de
644 689 949 780 sclavonia,a
992 693 1220 771 demandar
1261 691 1416 770 satisfa-

326 813 422 892 cion
451 811 503 890 de
529 814 770 893 lerobason
800 813 883 893 sate
910 838 989 920 per
1020 815 1077 891 lui
1090 823 1133 898 et
1159 839 1238 917 per
1265 815 1416 916 lopro·

324 931 460 1010 vistial
488 957 512 1010 e
540 957 619 1036 per
654 931 762 1010 Luze
791 933 843 1011 de
873 925 1024 1013 Chimo
1055 959 1077 1011 a
1107 937 1121 1012 i
1147 933 1284 1013 nostri
1312 955 1416 1009 mer·

327 1050 520 1130 candanti
548 1051 597 1127 da
623 1053 808 1131 Venesia
837 1053 862 1128 Ιί
891 1053 986 1155 qual
1014 1075 1143 1131 usava
1172 1054 1214 1130 in
1232 1053 1271 1132 le
1298 1058 1419 1154 parte

297 1165 377 1246 “de
405 1167 654 1264 sclavonia,
691 1172 745 1250 de
786 1171 936 1251 cheio
965 1173 1008 1250 fu
1037 1172 1144 1252 lain
1186 1177 1308 1252 corte
1349 1169 1417 1247 del

326 1288 413 1370 dito
441 1289 570 1367 mis'er
597 1291 640 1368 Ιο
668 1289 930 1396 Imperador,
962 1319 986 1372 e
1014 1293 1058 1369 fu
1087 1292 1254 1372 danunti
1282 1292 1333 1369 da
1361 1289 1419 1367 lui

327 1435 424 1491 cum
452 1410 574 1514 quola
601 1410 836 1492 salutacion
864 1419 1104 1498 reverente.
1136 1413 1215 1492 ohe
1230 1437 1298 1492 me
1326 1435 1418 1518 par·

323 1557 369 1611 se
396 1556 478 1634 per
505 1538 624 1634 parte
666 1539 819 1630 vestra,
850 1533 890 1610 ei
930 1533 1217 1612 demandando
1259 1533 1416 1612 humel-

324 1657 462 1730 m'ente
492 1678 515 1730 e
545 1659 909 1731 reverentemente
936 1677 1016 1756 per
1042 1661 1164 1756 parte
1193 1654 1301 1731 dela
1327 1679 1420 1732 vos·

324 1781 387 1850 tra
416 1771 631 1872 Signoria,
661 1771 741 1852 che
770 1797 791 1850 a
821 1773 877 1850 lui
905 1773 1061 1852 devese
1101 1775 1244 1878 plaser
1270 1775 1323 1850 de
1350 1797 1419 1877 pa-

327 1917 417 1994 gar,
446 1917 551 1978 over
578 1893 642 1972 far
680 1915 810 1996 pagar
837 1893 850 1969 i
877 1894 1122 1986 soffvrascriti
1162 1893 1420 1972 mercadanti

327 2014 379 2092 de
408 2015 447 2091 la
474 2015 560 2092 dite
600 2012 817 2093 robasson.
873 2013 934 2091 De
976 2013 1056 2093 che
1097 2016 1228 2093 molto
1268 2015 1417 2116 parole

326 2135 442 2226 defo,
469 2134 510 2211 in
539 2134 578 2211 lo
607 2133 666 2212 fin
696 2135 763 2211 elo
793 2135 951 2211 ordena
980 2131 1150 2212 al’iero
1180 2135 1250 2225 flo,
1279 2135 1359 2214 che
1376 2131 1418 2212 fo

323 2257 376 2336 de
404 2255 534 2334 miser
559 2253 705 2334 Nicola
729 2256 786 2348 ,de
814 2254 989 2350 Buchia,
1021 2256 1100 2334 che
1130 2277 1152 2330 a
1179 2262 1270 2334 tute
1300 2277 1419 2356 ques·

324 2387 366 2458 te
396 2367 519 2456 coss'e
548 2377 618 2455 elo
647 2375 825 2453 devesse
851 2397 983 2480 pagar
1012 2375 1232 2472 esatisfar,
1263 2374 1316 2452 de
1339 2373 1419 2452 che

326 2499 366 2577 Ιο
395 2499 483 2578 dito
511 2497 658 2598 signor
687 2497 813 2576 Piero
843 2499 897 2576 de
938 2495 1112 2586 Buchia,
1132 2497 1186 2572 'fo
1216 2501 1419 2574 contento

325 2620 378 2698 de
407 2618 539 2696 dever
565 2639 696 2722 pagar
724 2641 746 2694 a
778 2617 852 2694 tuti
879 2617 1137 2707 iVeniciani,
1166 2615 1248 2695 che
1275 2639 1322 2692 se
1339 2623 1421 2695 tro·

325 2764 439 2832 vase,
468 2739 548 2817 che
576 2761 622 2814 se
663 2763 764 2840 pare
798 2738 928 2815 miser
965 2737 1114 2816 Nicola
1153 2736 1421 2840 protovistial

327 2861 487 2938 dovese
516 2859 615 2948 dar,
654 2857 706 2934 de
748 2857 828 2937 che
868 2860 1000 2938 dener
1041 2859 1164 2958 algun
1198 2859 1240 2936 io
1269 2883 1325 2935 no
1355 2857 1421 2934 avi

326 2978 368 3056 ni
395 3003 450 3056 no
479 3002 503 3055 e
531 2980 694 3082 posude
721 3002 832 3068 aver,
860 2979 978 3058 salvo
1008 2986 1156 3081 queste
1184 2975 1343 3082 parole.
1374 3021 1419 3033 —

402 3207 489 3300 'De
519 3225 556 3298 la
583 3220 767 3301 robason
798 3223 879 3301 che
913 3221 1026 3302 Luce
1055 3221 1107 3300 de
1149 3219 1299 3298 Chimo
1328 3217 1417 3296 rese

323 3367 430 3421 asr.
459 3341 564 3420 Polo
594 3341 752 3441 Quirin‚
794 3342 923 3420 miser
950 3344 991 3418 Ιο
1027 3341 1277 3444 {mperador
1313 3339 1418 3430 dise,
1489 3373 1498 3388 ·

327 3461 406 3542 ben
435 3485 536 3540 aver
564 3464 606 3540 10
636 3465 797 3566 sapudo
840 3463 1084 3540 mostrando
1124 3461 1205 3538 che
1233 3461 1275 3536 Ιο
1305 3457 1332 3534 li
1360 3483 1418 3536 sa·

324 3607 446 3662 vesse
473 3583 543 3661 nio
571 3580 726 3670 niente,
755 3607 820 3660 ma
849 3582 937 3661 dise
966 3582 1046 3660 che
1074 3579 1155 3658 Ser
1191 3577 1297 3656 Polo
1328 3577 1420 3676 Qui·

327 3704 391 3783 rin
419 3706 524 3781 vada
550 3706 591 3782 in
620 3711 741 3784 corte
770 3729 793 3782 a
820 3703 885 3781 far
910 3727 1045 3781 raxon
1076 3725 1158 3781 con
1187 3701 1257 3789 lui,
1281 3701 1362 3776 che
1378 3700 1419 3776 le

326 3827 367 3905 Ιο
402 3849 610 3929 pagarave
650 3826 703 3904 de
732 3851 780 3903 ze
822 3825 946 3905 chelo
975 3825 1003 3901 Ιί
1029 3824 1240 3901 doverave
1281 3821 1420 3907 dane

328 3949 416 4026 fara
457 3949 537 4025 che
579 3949 686 4025 Luze
721 3949 773 4026 de
817 3945 966 4026 Chimo
997 3943 1039 4022 lo
1081 3943 1272 4022 satisfara
1300 3944 1353 4022 de
1383 3943 1422 4019 la

325 4069 409 4148 dita
450 4069 659 4158 robason3
689 4093 712 4146 e
741 4069 782 4146 ἰο
826 4065 1068 4146 mosa-ando
1099 4066 1128 4143 li
1156 4073 1243 4144 tute
1282 4087 1418 4142 ravon

328 4191 516 4292 segondo
546 4189 627 4268 che
657 4189 738 4274 Ser
766 4187 874 4271 Polo
899 4211 965 4266 me
985 4186 1037 4263 de
1067 4183 1106 4263 in
1134 4191 1246 4264 nota.
1275 4183 1420 4261 lonon
