3230 5104
1209 375 1275 442 479

180 601 246 656 ros
275 586 440 659 nostras
468 575 662 658 seribere
690 585 733 656 et
761 599 887 678 ogere
922 582 1078 678 gratius
1120 571 1274 662 iiins'tri

180 698 414 777 domino
455 698 590 776 duci
633 697 901 796 steiano,
932 723 1010 802 pro
1040 703 1271 801 poeeinito

180 844 273 898 enm
303 821 620 898 maiestate
648 818 809 916 regis
849 818 1067 908 eiusdem,
1095 822 1273 901 hortari·

180 963 262 1041 qne
315 963 413 1017 eum
456 938 691 1016 affectuose
733 939 782 1014 ad
829 943 1187 1039 perseverandum
1230 951 1274 1021 et

181 1063 262 1138 oet.
291 1059 390 1136 Nom
426 1057 627 1162 proiecto
670 1079 750 1160 pro
791 1080 941 1156 magna
979 1055 1272 1140 benevolentia

180 1186 322 1257 nostra
348 1178 390 1256 in
406 1181 551 1257 ambos
577 1180 695 1281 ipson
738 1178 947 1266 dominos,
993 1181 1265 1262 concordiem

178 1322 293 1378 suem
309 1298 587 1400 gratissimam
602 1297 838 1386 hobnimrm,
854 1299 1052 1400 qnoniam
1066 1300 1266 1380 sentiebo·

180 1443 270 1498 mus
286 1420 540 1524 oppositum,
554 1417 596 1496 id
613 1417 772 1522 quippe
788 1419 1131 1498 molestissimum
1146 1423 1269 1502 nobis

181 1549 285 1618 erni.
314 1539 367 1618 nt
395 1539 449 1619 ob
491 1539 531 1616 id
558 1539 694 1616 solum
731 1545 825 1616 ente
867 1537 975 1618 hono
1015 1563 1162 1618 eorum
1204 1565 1271 1644 po-

179 1685 273 1740 oem
302 1663 583 1746 certificemus
610 1659 882 1764 serenitatem
898 1685 1029 1754 suam,
1059 1662 1172 1763 quod
1188 1664 1270 1768 eie·

178 1805 372 1882 geremus
413 1783 665 1882 legationem
706 1790 896 1862 nostram
937 1782 1178 1862 mittendam
1219 1784 1268 1860 od

180 1905 296 2008 ipsos
326 1906 533 1993 dominos,
562 1912 606 1984 ut
634 1927 686 1981 ex
715 1903 848 1982 latere
876 1909 1024 1982 nostro
1052 1904 1156 1984 nihii
1178 1929 1270 2008 pre·

178 2025 509 2105 termiiteremus
535 2050 615 2131 pro
643 2047 751 2127 paee
778 2024 984 2126 prodiero·
1123 2057 1129 2072 ·

280 2141 430 2224 Ultimo
461 2147 557 2224 ioco
586 2144 781 2224 dicimus:
811 2145 925 2244 qnod
953 2147 1011 2223 de
1049 2169 1267 2248 assump-

178 2265 427 2346 tione'et
454 2266 866 2345 coronatione
896 2266 1050 2367 prefati
1089 2267 1267 2346 serenis·

177 2385 270 2464 simi
298 2387 411 2486 regis
441 2389 619 2489 pacifico
662 2388 918 2490 eomunique
935 2389 1120 2466 omnium
1149 2390 1269 2468 boro-

178 2533 276 2586 num
306 2517 347 2587 et
373 2507 549 2586 eliorum
578 2533 790 2588 consensu
818 2507 943 2600 iacto,
970 2511 1131 2587 tantum
1174 2533 1270 2588 oon-

176 2628 430 2726 grotulnmur
458 2652 553 2708 oum
582 2627 832 2707 celsitudine
847 2651 934 2720 sue,
963 2634 1159 2730 quantum
1174 2654 1254 2732 pos

177 2773 319 2828 sumus
359 2774 438 2852 pro
494 2750 776 2828 sincerissima
817 2750 992 2830 caritate
1033 2756 1077 2828 et
1117 2775 1263 2830 amore

176 2867 323 2950 nostro
350 2871 392 2950 in
421 2872 679 2951 maiestatem
721 2893 864 2956 suom,
907 2871 1026 2950 euius
1055 2871 1266 2950 honorem

177 2992 493 3096 amplitudinem
523 2997 564 3072 et
602 2992 872 3071 commodum
913 2991 1056 3068 videre
1097 3017 1267 3095 semper

178 3113 478 3194 desideramus.

281 3231 563 3338 capitula
592 3231 1266 3314 serenissimieteteei·

178 3354 505 3436 lentissimi
541 3354 764 3433 domini
807 3353 1268 3453 regisBossine,

176 3481 377 3580 porrecto
405 3499 485 3578 per
525 3475 791 3572 magnifieum
830 3480 1048 3552 oratorem
1076 3499 1178 3556 suae
1205 3500 1267 3553 ne·

177 3595 398 3674 renissime
415 3595 638 3674 maiestatis
665 3595 946 3675 illustrissimo
976 3595 1164 3678 dominio
1191 3598 1268 3676 Ve-

177 3715 383 3796 netiorum
387 3770 632 3801 .......

252 3893 255 3900 ,
278 3837 472 3915 Primo
504 3837 608 3938 petit
636 3895 646 3916 .
677 3894 685 3910 .
715 3899 722 3912 .
751 3895 761 3916 .
791 3839 928 3918 creari
956 3838 1107 3918 nobilis
1135 3842 1266 3919 Vene-

178 3955 326 4036 tio'rmn
357 4011 559 4034 ......

280 4075 1266 4158 item...habereunomdomnminhoe
1365 4159 1371 4170 ,

178 4198 361 4278 civitate.
