3224 5110
321 583 530 662 strissimo
560 581 750 660 dominio
769 604 845 684 per
868 581 1185 660 serenissimum
1201 583 1416 662 dominnm

321 702 614 782 stefanum
644 723 840 800 regem
869 699 1078 778 Bozue.

423 822 759 926 Stephanus
788 819 1010 900 Thomas
1038 822 1114 901 Dei
1143 825 1278 922 gratia
1307 822 1414 902 iias·

321 947 425 1032 cie,
454 943 664 1026 Boane.
698 945 951 1045 etpartis
985 944 1281 1022 maritime
1322 969 1418 1022 rex

321 1074 397 1144 etc.
430 1063 638 1160 Universis
654 1069 696 1141 et
712 1061 888 1170 singuiis
908 1073 992 1142 tam
1008 1066 1279 1168 presentibus
1293 1091 1418 1168 quam

319 1187 478 1272 futuris,
508 1209 685 1290 presens
714 1186 978 1287 privilegium
1017 1187 1284 1291 inspecturis,
1312 1188 1419 1264 saiu-

215 1385 220 1394 ,
319 1316 411 1384 tem.
430 1309 471 1384 in
502 1309 689 1386 omnium
731 1307 955 1386 salvatore.
1005 1306 1088 1384 Per
1115 1331 1164 1384 ea
1192 1331 1274 1408 que
1303 1307 1417 1386 dicta

318 1433 567 1506 attractata
608 1435 701 1505 suut
730 1451 808 1527 per
834 1427 1017 1506 medium
1065 1429 1306 1506 nuntiorum
1341 1455 1417 1505 seu

247 1563 249 1569 ’
318 1545 647 1626 ambaxiatorum
676 1553 934 1639 nostrorum,
964 1545 1074 1624 iuter
1101 1573 1180 1626 nos
1209 1558 1251 1625 et
1280 1551 1419 1626 excel·

251 1713 256 1744 t
317 1693 409 1746 snm
456 1667 689 1771 principem
754 1666 968 1746 dominum
1021 1665 1418 1745 Franciscum

317 1789 565 1870 Fuscari
594 1790 746 1867 ducem
776 1790 1074 1879 venetiarum,
1112 1787 1260 1868 habito
1290 1805 1419 1890 super

297 1911 415 1988 ‚inde
445 1933 539 1989 eum
567 1907 794 1987 baronibus
822 1915 865 1984 et
894 1906 1107 1988 nobilibus
1140 1910 1260 2008 regui
1283 1911 1418 1988 nostri

319 2035 432 2112 bono
462 2037 505 2108 et
532 2037 696 2109 maturo
739 2030 953 2124 consitio,
979 2055 1034 2107 ex
1064 2039 1209 2110 nostra
1251 2039 1421 2134 sponta-

227 2157 232 2172 ‘
317 2177 396 2230 nea
423 2150 663 2238 voluntate,
692 2153 804 2230 bono
835 2173 982 2230 amore
1015 2157 1058 2227 et
1084 2151 1255 2228 sincero
1285 2149 1420 2228 corde

189 2371 191 2376 Ι
317 2273 604 2354 concessimus
627 2295 705 2376 per
720 2293 896 2375 presens
925 2279 1115 2350 nostrum
1141 2271 1419 2374 privilegium,

317 2392 455 2472 eidem
483 2393 657 2471 excelso
687 2391 865 2493 principi
892 2389 1062 2469 domino
1091 2389 1325 2470 Francisoo
1349 2389 1418 2468 dn·

295 2512 370 2612 ci,
398 2519 442 2588 et
469 2511 748 2590 illustrissimo
780 2508 968 2590 dominio
984 2509 1274 2605 venetiarum,
1300 2511 1416 2611 quod

242 2693 256 2716 .
318 2657 466 2714 omnes
494 2633 646 2712 Veneti
688 2632 841 2710 subditi
872 2641 915 2712 et
942 2629 1089 2710 fideles
1125 2631 1315 2729 ejusdem
1344 2633 1418 2710 do·

316 2753 414 2832 mini
443 2752 561 2832 ducis
589 2758 632 2830 et
660 2750 831 2849 dominij
856 2751 1146 2836 venetiarum,
1177 2749 1346 2853 possint
1376 2751 1418 2830 ti·

317 2878 421 2954 bere
450 2882 493 2954 et
518 2895 672 2952 secure
700 2879 744 2950 et
769 2873 859 2950 siue
901 2871 1070 2973 aliquali
1110 2871 1308 2963 molestia
1349 2872 1417 2950 vei

316 2993 630 3094 impedimento,
658 3000 702 3070 et
728 2993 821 3072 siue
848 2991 1067 3070 solutione
1099 2991 1275 3090 aiicujus
1303 2989 1419 3076 datii,

232 3141 235 3153 ·
316 3114 486 3216 pedagii
514 3113 580 3190 vei
611 3109 787 3210 gabatis,
816 3110 1047 3208 tergamus,
1074 3111 1142 3186 vei
1172 3111 1251 3188 alia
1275 3111 1416 3212 aliqua

316 3236 553 3321 solutione,
582 3257 676 3310 cum
706 3255 856 3310 corum
892 3232 1086 3334 personis
1129 3231 1290 3310 tumulis
1319 3232 1414 3310 bar·

317 3354 408 3434 cbis
434 3351 588 3432 vaiisiis
631 3351 769 3455 capsis
798 3351 942 3454 pannis
970 3359 1013 3428 et
1041 3351 1243 3444 annosus,
1285 3353 1415 3430 armis

318 3484 360 3554 et
388 3497 483 3554 enm
513 3471 631 3574 equis
659 3497 708 3548 ac
735 3469 902 3560 saumis,
930 3479 974 3548 et
1002 3495 1099 3548 cum
1128 3493 1277 3548 eorum
1306 3495 1415 3549 mar·

317 3593 491 3690 cannis,
534 3595 713 3698 pecunia
740 3599 784 3670 et
811 3591 930 3668 bonis
958 3617 1008 3670 ac
1037 3591 1125 3668 aliis
1169 3593 1298 3670 rebus
1327 3593 1414 3694 qui·

315 3717 588 3818 buscnmque,
612 3711 819 3793 accedere
847 3713 1015 3790 mittere
1042 3721 1153 3792 stare
1181 3721 1225 3790 et
1252 3737 1412 3792 merca·

290 3921 293 3928 ,
315 3837 350 3916 ri
380 3837 424 3914 in
449 3833 663 3938 quaelibet
698 3839 820 3937 parte
855 3833 985 3932 regni
1011 3833 1172 3920 nostri,
1199 3840 1247 3910 et
1273 3831 1411 3910 simiti-

315 3967 382 4034 ter
421 3955 586 4060 possint
626 3953 758 4033 tibere
795 3960 838 4031 et
866 3975 1019 4033 secure
1063 3955 1154 4031 sine
1194 3952 1410 4032 solutione

315 4077 493 4175 aiicujus
522 4075 646 4174 datij,
674 4074 839 4178 pedagij
866 4075 932 4152 vet
961 4073 1147 4174 gubelle,
1175 4071 1411 4174 tergovine,

316 4198 384 4274 vei
412 4196 551 4299 atique
577 4194 658 4272 alia
684 4195 926 4282 solutione.
967 4193 1193 4276 extrahere
1230 4191 1299 4276 vet
1338 4214 1410 4267 ex·
