3186 5112
1214 347 1276 416 451

188 580 283 638 cum
311 559 464 636 nostris
507 555 692 636 consiliis
721 555 925 636 ordinatis
963 567 1129 645 terrae,
1169 559 1278 640 sicut

186 702 357 782 semper·
391 689 454 756 est
481 679 650 756 solitum
678 675 909 756 observari.

287 795 694 878 sesecundum
722 806 910 903 partem,
952 823 1181 903 perquam
1209 827 1277 904 pe·

185 920 232 997 tit
258 927 303 996 ut
331 919 552 1018 dignemur
593 919 735 994 iacere
766 919 856 997 iieri
898 919 979 998 sibi
1006 945 1128 998 unam
1172 922 1274 999 litte·

182 1061 272 1116 ram
298 1043 520 1139 patentem,
570 1063 650 1142 per
678 1063 801 1140 quam
830 1039 1051 1117 mandetur
1079 1042 1273 1118 omnibus

184 1155 340 1236 nostris
369 1158 624 1254 rectoribus,
650 1157 931 1262 potestatibus
961 1164 1002 1236 et
1030 1161 1272 1264 capitaneis,

184 1283 389 1379 quaetenus
414 1276 574 1358 habere
602 1281 737 1382 possit
777 1287 997 1381 receptum
1027 1303 1120 1358 cum
1158 1303 1272 1358 arne·

184 1399 256 1476 siis
283 1405 327 1476 et
356 1399 479 1476 boni-r
508 1401 606 1491 suis,
633 1409 678 1478 ut
706 1399 859 1478 iactum
889 1399 964 1480 tuit
991 1403 1076 1479 suis
1103 1401 1273 1480 attinen·
1418 1441 1420 1462 ι

181 1519 303 1596 tibus.
334 1515 660 1622 Respondentur,
684 1520 796 1622 quod
825 1526 1011 1598 amentes
1027 1521 1122 1620 (sic)
1137 1519 1271 1622 ipsum

182 1637 448 1736 magnificum
465 1639 679 1718 dominum
707 1649 750 1720 et
776 1648 1066 1746 proponentes
1094 1640 1134 1716 in
1161 1663 1271 1716 men·

183 1769 223 1835 te
250 1763 393 1838 nostra
423 1762 535 1838 iiiam
551 1762 744 1841 fiduciam
772 1763 933 1842 firmam
950 1761 1002 1838 de
1026 1761 1131 1864 ipso,
1150 1784 1271 1862 quam

184 1882 514 1961 faceremusde
554 1882 640 1962 filio
686 1891 729 1961 et
755 1883 868 1962 bono
911 1885 1075 1967 amico,
1129 1905 1271 1960 sumus

184 2003 372 2082 contenti
412 2009 454 2080 et
493 2004 554 2080 sic
595 2001 879 2082 ordinabimus
921 2009 962 2080 et
1003 2003 1269 2080 comittemus

184 2124 379 2203 omuibus
421 2122 574 2204 uostris
602 2120 840 2202 rectoribus
876 2121 1051 2224 partium
1081 2121 1133 2200 de
1161 2124 1270 2211 inde.

181 2251 388 2345 quatenus
416 2243 595 2322 debeant
632 2251 855 2346 receptare
883 2241 1027 2320 ridere
1070 2251 1112 2321 et
1139 2243 1268 2323 bono·

178 2389 276 2443 rare
303 2389 529 2468 personam
558 2389 671 2444 suam
699 2371 742 2444 et
769 2389 884 2453 suos,
914 2390 1008 2444 curn
1037 2366 1121 2443 suis
1148 2364 1269 2445 bonis

180 2492 222 2560 et
249 2483 421 2572 havere,
448 2483 631 2564 dulciter
660 2493 702 2562 et
719 2484 946 2573 caritative,
973 2487 1081 2563 sicut
1106 2486 1269 2589 propri·

180 2629 230 2682 os
259 2609 301 2682 et
328 2605 517 2684 cariores
548 2606 662 2684 cives
691 2615 883 2693 nostros,
912 2614 954 2684 et
980 2607 1090 2684 sicut
1115 2607 1266 2708 magni·

179 2723 389 2805 boentium
405 2749 520 2804 suam
536 2727 671 2814 decet,
700 2751 795 2806 cum
822 2727 892 2806 itta
922 2727 1130 2816 comitiva,
1159 2753 1265 2830 quae

178 2847 232 2926 sit
257 2847 480 2926 securtatis
508 2848 700 2924 iocorum
727 2849 1062 2928 nostrorumst
1089 2873 1266 2930 exnunc

180 2979 348 3072 captum
374 2969 453 3054 sit,
494 2966 630 3068 quod*
648 2970 711 3048 sic
739 2969 893 3046 debeat
918 2968 1049 3048 scribi
1090 2969 1264 3048 rectori·

179 3089 253 3168 bus
279 3089 451 3183 nostris,
481 3089 715 3168 mandando
742 3090 913 3169 cuilibet
940 3093 1142 3191 ipsorum,
1171 3114 1262 3192 qua·

178 3223 299 3290 tenus
328 3211 493 3314 quando
535 3209 669 3293 dictus
709 3210 906 3288 dominus
933 3210 1100 3290 Voicbo
1139 3211 1265 3288 veliet

178 3332 318 3410 venire
345 3332 414 3408 vei
442 3332 609 3408 mittere
651 3355 745 3409 cum
773 3330 893 3408 bonis
923 3339 964 3409 et
999 3331 1155 3408 havere
1183 3355 1261 3408 suo

177 3451 227 3528 ad
255 3461 389 3530 terras
418 3459 607 3550 nostras,
637 3451 815 3532 debeant
856 3477 932 3532 eos
959 3457 1181 3555 receptare
1207 3450 1261 3527 vi·

175 3576 279 3651 dere
307 3579 349 3650 et
375 3571 599 3659 bonorare,
628 3581 672 3651 ut
699 3572 959 3660 dictumest,
986 3571 1180 3652 habendo
1209 3578 1262 3650 ta·

176 3717 271 3770 men
312 3692 495 3771 inomni
538 3717 636 3772 casu
677 3695 981 3772 advertentiam
1025 3691 1074 3768 ad
1104 3692 1259 3794 quanti·

177 3819 303 3890 tatem
354 3801 400 3890 et¹
443 3836 677 3903 numerum,
703 3837 979 3918 personarum
1020 3811 1260 3892 exeuntium

174 3957 346 4026 secum,
385 3958 476 4016 non
501 3935 774 4022 excessuum,
816 3943 858 4014 et
897 3937 947 4012 ad
979 3935 1259 4023 securitatem,

174 4053 345 4132 tutelam
382 4065 425 4134 et
452 4056 821 4136 conservationem
857 4062 1065 4136 terrarum
1105 4064 1147 4138 et
1172 4057 1254 4136 for-

175 4173 390 4254 tiiitiorum
418 4183 659 4254 nostrorum
702 4183 743 4254 et
771 4177 963 4256 iocorum
1004 4177 1082 4256 sibi
1110 4179 1258 4256 comis·

178 4317 348 4385 sorum,
389 4305 434 4375 ut
462 4305 637 4402 propter
663 4297 771 4376 hanc
806 4301 1121 4378 concessionem
1148 4305 1258 4378 nust-
