3192 5112
333 377 398 448 1⁰2

338 584 558 666 consulunt
597 579 832 682 sapientes,
884 578 995 677 quod
1037 575 1214 675 atigamr
1253 578 1294 654 in
1345 579 1425 652 isto

338 705 515 786 consilio
553 701 810 801 Rogatorum
853 722 956 774 unus
995 695 1238 774 ambaxator
1266 705 1310 773 et
1335 721 1428 799 pro·

336 829 454 906 visor
480 849 559 930 per
586 827 612 900 lt
637 846 796 910 manus,
824 821 893 920 qui
921 818 1044 895 radat
1066 818 1267 897 addictas
1294 823 1429 896 terras

339 954 503 1027 nostras
544 942 757 1032 Sibenici‚
796 939 992 1039 Tragurii
1019 949 1061 1016 ct
1089 937 1270 1044 Spalati,
1310 943 1351 1016 et
1378 939 1428 1014 ad

341 1066 540 1148 comitem
555 1060 818 1150 Maladinum
847 1059 1101 1164 exponendo
1119 1063 1181 1138 eis
1204 1083 1281 1164 pro
1310 1068 1430 1164 parte

341 1193 498 1281 nostra,
527 1182 705 1285 qualiter
731 1205 809 1284 per
847 1167 1154 1284 expositionem
1196 1181 1432 1257 ambaxatn-

342 1333 436 1386 rum
462 1329 632 1382 atrorum
660 1302 890 1389 habuimus,
933 1303 1084 1403 quod
1126 1299 1337 1402 Ungari
1378 1307 1433 1377 et

343 1425 451 1506 atii
479 1422 681 1504 Sclavi
720 1419 1080 1521 eisUngaris
1118 1421 1432 1500 adhaeren-

343 1554 445 1630 tes,
486 1545 622 1646 aliqua
650 1566 724 1619 sua
752 1543 968 1620 territoria
1009 1543 1266 1619 derobarunt
1295 1548 1335 1618 et
1363 1539 1433 1618 de·

346 1668 501 1745 robarc
528 1663 755 1759 intendunt,
786 1662 901 1765 quod
930 1663 1103 1739 muitum
1130 1687 1255 1764 grave
1285 1671 1328 1738 et
1354 1660 1434 1738 dis·
1463 1674 1466 1680 '
1572 1663 1573 1678 ³

344 1784 529 1890 plicibiie
556 1783 680 1862 nobis
707 1781 809 1867 tuit,
852 1789 1044 1885 optantes
1087 1807 1235 1861 eorum
1278 1780 1435 1860 bonurn

348 1915 391 1984 et
417 1905 800 1996 conservationem,
838 1911 1047 2004 tamquam
1076 1905 1128 1980 (lc
1155 1904 1308 1980 nostris
1338 1902 1436 1980 tide·
1574 1909 1576 1984 ἓ

348 2023 455 2104 tibus
496 2021 746 2108 carissimis,
788 2047 893 2124 quos
932 2047 1102 2124 semper
1129 2023 1169 2099 in
1199 2025 1313 2102 omni
1340 2029 1438 2100 tern-
1576 2065 1578 2114 3

350 2168 459 2250 pore
499 2145 782 2246 reputavimus
821 2147 863 2220 et
902 2151 1170 2246 reputamus;
1210 2151 1438 2246 propterea

350 2261 463 2366 quod
512 2261 772 2342 intendentes
810 2265 862 2340 ad
903 2263 1166 2364 tranquillum
1207 2271 1250 2342 et
1288 2270 1438 2340 statum

351 2384 573 2488 pacificum
599 2386 801 2488 ipsorum,
837 2393 879 2462 ct
916 2393 1106 2489 optantes
1142 2384 1360 2462 informari
1387 2382 1440 2458 de

352 2505 662 2590 conditionibus
691 2506 874 2608 ipsarum
902 2507 1089 2610 parcium
1127 2504 1371 2585 Sclaveniae
1400 2511 1443 2582 et

353 2650 499 2708 eorum
539 2627 866 2718 intentionibus,
908 2637 953 2706 ut
992 2653 1119 2731 super
1146 2635 1372 2727 augmento
1401 2632 1445 2704 et

354 2749 675 2830 conservatione
703 2774 851 2828 eornm
878 2752 1090 2829 valeamus
1130 2751 1276 2827 metius
1304 2749 1442 2852 provi-

354 2867 458 2953 deri,
486 2865 742 2968 providimus
769 2869 818 2946 ad
848 2895 924 2948 cos
952 2871 1116 2948 mittere
1157 2871 1312 2948 dictum
1353 2893 1446 2945 nos·

355 2995 464 3067 trum
507 2989 819 3066 ambaxatnrem
861 2997 904 3069 et
929 2991 1220 3093 provisorem,
1255 3013 1335 3094 pro
1376 2991 1445 3067 ha·

356 3106 495 3190 bando
537 3105 874 3188 informationem
915 3109 1201 3189 conditionum
1242 3112 1447 3190 dictarum

357 3229 550 3334 partium,
578 3235 622 3308 ct
647 3229 700 3307 dc
728 3229 963 3312 intentione
992 3255 1165 3320 eorum,
1195 3231 1294 3333 quid
1322 3255 1451 3333 snper

357 3347 441 3426 hoc
482 3353 525 3426 et
564 3371 640 3450 par
681 3373 806 3450 quem
848 3353 1043 3450 modum,
1085 3377 1163 3454 per
1204 3375 1282 3430 nos
1321 3375 1451 3454 super

358 3467 584 3548 securitate
612 3477 654 3548 et
682 3471 796 3548 bono
833 3495 982 3550 corum
1011 3497 1060 3549 ac
1087 3477 1293 3550 terrarum
1323 3481 1365 3551 et
1392 3474 1451 3550 to·

361 3609 509 3667 corum
549 3612 735 3676 suorum,
772 3592 906 3692 possit
953 3591 1177 3670 salubriter
1225 3593 1454 3696 provideri.

365 3709 541 3791 ortando
583 3733 660 3790 cos
700 3707 847 3789 fideles
886 3719 1057 3792 nostros
1095 3714 1135 3790 in
1177 3712 1374 3792 fidelitate
1412 3721 1456 3792 et

365 3825 593 3908 devotione
620 3832 754 3908 nostri
782 3831 967 3931 dominii,
997 3857 1090 3912 cum
1127 3833 1206 3912 iilis
1232 3835 1386 3936 pulcris
1414 3841 1457 3911 et

366 3947 579 4031 ortatoriis
618 3948 783 4040 verbis,
825 3975 932 4055 quae
960 3952 1000 4029 ei
1028 3955 1319 4036 convenientia
1345 3955 1457 4032 vide·
1495 4045 1498 4050 Δ

369 4067 533 4156 buntur,
570 4078 612 4150 et
639 4071 882 4174 accipiendo
926 4097 1091 4152 omnem
1118 4075 1457 4159 informationem

369 4211 491 4291 quam
517 4193 676 4292 poterit
703 4192 822 4282 tratri,
850 4195 903 4272 de
931 4193 1245 4276 conditionibus
1271 4199 1455 4302 ipsarum
