3226 5112
337 351 403 435 aaa

339 579 535 678 generate
573 579 810 660 mandatum
845 579 1053 674 dedimus,
1090 580 1429 662 reformaverunt

338 699 657 781 declaraverunt
695 709 738 779 et
773 699 1033 790 addiderunt,
1063 708 1192 804 prout
1218 701 1257 780 in
1287 702 1428 780 instro·

338 829 478 900 mento
507 821 625 924 pacis
667 821 902 900 reformate
944 825 987 898 et
1028 821 1241 904 declarate
1267 823 1428 925 plenius

338 949 511 1020 constat.
566 941 655 1039 Que
683 942 825 1021 omnia
851 947 894 1020 et
919 941 1080 1042 singula
1117 965 1195 1044 per
1222 944 1430 1044 prefatum

273 1051 276 1060 ’
336 1061 548 1141 dominum
579 1063 806 1162 Georgium
832 1088 886 1141 ex
914 1087 992 1140 una
1020 1066 1162 1164 parte,
1197 1070 1240 1140 et
1265 1061 1429 1141 nobiles

336 1190 380 1261 et
406 1185 616 1286 sapientes
630 1183 743 1260 viros
771 1181 1042 1260 Franciseum
1066 1182 1229 1260 Bembo
1259 1183 1431 1260 mititem

139 1273 144 1309 '
194 1350 198 1363 ι
337 1307 379 1380 et
391 1301 662 1382 Franciscum
677 1301 850 1400 Quirino
880 1304 1091 1390 comitem,
1111 1309 1154 1381 et
1169 1304 1430 1404 capitaneum

337 1423 518 1515 Scutari
546 1447 600 1500 ex
615 1423 761 1514 altera,
787 1423 990 1526 pratioata
1006 1421 1116 1500 faeta
1129 1421 1343 1502 declarata
1366 1423 1431 1501 ad·

335 1545 420 1622 dita
435 1543 663 1624 reformata
679 1551 721 1621 et
737 1545 951 1636 conctusa,
978 1545 1261 1646 approbamus
1275 1543 1432 1622 emoto·

335 1691 481 1766 gamus
506 1669 551 1742 et
575 1665 842 1752 ratificamus,
871 1669 913 1742 et
926 1665 995 1742 itta
1023 1675 1112 1743 rata
1126 1665 1245 1743 firma
1260 1667 1303 1740 et
1315 1671 1433 1761 grata

334 1785 557 1873 habemus,
586 1790 629 1864 et
652 1793 802 1864 tenore
829 1785 1090 1888 presentium
1119 1784 1431 1876 confirmamus

333 1906 631 2010 promittentes
655 1907 745 2008 ipsa
761 1906 899 1985 omnia
915 1913 956 1986 et
970 1905 1141 2004 singula,
1164 1911 1209 1982 ut
1231 1903 1434 2008 premitti-

336 2036 402 2104 tur
415 2025 585 2114 habere,
601 2035 749 2106 tenere
764 2035 807 2106 et
820 2025 1116 2108 inviolabiliter
1132 2028 1380 2117 observare,
1394 2029 1435 2102 at

333 2148 374 2226 in
388 2147 503 2226 nutto
521 2147 819 2229 contradicere
829 2147 973 2226 facere
984 2149 1206 2225 vetvenire
1221 2149 1358 2248 aliqua
1376 2169 1434 2222 ra·

332 2267 450 2346 tione
465 2266 532 2344 vel
548 2290 685 2359 eausa,
709 2291 788 2371 per
810 2292 888 2346 nos
910 2267 1121 2358 antelios,
1143 2267 1269 2344 modo
1294 2266 1433 2368 atiquo

333 2389 565 2466 subornato
593 2396 664 2465 aut
684 2386 868 2486 ingenio,
896 2411 972 2464 seu
989 2387 1138 2490 quovis
1153 2385 1253 2466 ficto
1269 2385 1436 2478 colore,

333 2531 462 2610 super
488 2504 614 2588 fidem
640 2511 848 2605 nostram,
887 2515 930 2587 et
957 2507 1009 2588 ad
1036 2515 1182 2588 saneta
1208 2507 1277 2586 dei
1303 2507 1434 2584 Evan-

332 2627 451 2727 gelia,
480 2635 523 2706 et
549 2626 624 2705 sub
652 2629 774 2731 penis
803 2633 846 2704 et
874 2629 1204 2727 obligationibus
1230 2628 1271 2703 in
1288 2628 1436 2705 instru-

333 2747 482 2826 mentis
510 2749 624 2851 pneis
641 2748 806 2852 prefate
834 2749 1005 2851 seriptis
1023 2752 1067 2826 et
1081 2747 1241 2852 positis.
1253 2775 1254 2778 ‘
1268 2748 1315 2826 ln
1331 2773 1434 2850 quo·

333 2891 425 2944 rum
455 2868 789 2948 omniumtidem
817 2869 951 2948 robur
992 2875 1035 2946 et
1060 2867 1300 2946 firmitatem
1342 2891 1435 2970 per·

332 2995 515 3089 petuam,
542 2993 763 3091 presentes
791 2989 1155 3091 literas-patentes
1195 2987 1289 3066 tieri
1311 2987 1435 3088 jussi·

297 3123 302 3136 '
332 3133 452 3197 mus,·
474 3117 517 3190 et
545 3109 654 3190 bulla
684 3117 831 3189 nostra
858 3111 1058 3214 plumbea
1098 3108 1309 3213 pendente
1351 3132 1437 3184 mu·

332 3253 425 3308 nrrr.

435 3350 584 3430 Datum
612 3354 652 3430 in
681 3357 832 3432 nostro
861 3351 1184 3454 duoatipatatio‚
1209 3315 1437 3430 die'tertio

332 3469 567 3574 Februarii,
593 3474 823 3553 indictione
851 3477 903 3553 V.
932 3470 1238 3554 MCCCXXVI.

848 3678 1127 3746 Comemoriale
1153 3679 1212 3746 xl.
1237 3679 1293 3744 oh.
1317 3683 1392 3748 151.
