<?xml version="1.0" encoding="UTF-8"?>
<!DOCTYPE html PUBLIC "-//W3C//DTD XHTML 1.0 Transitional//EN"
    "http://www.w3.org/TR/xhtml1/DTD/xhtml1-transitional.dtd">
<html xmlns="http://www.w3.org/1999/xhtml" xml:lang="en" lang="en">
 <head>
  <title>
</title>
<meta http-equiv="Content-Type" content="text/html;charset=utf-8" />
  <meta name='ocr-system' content='tesseract 3.04.00' />
  <meta name='ocr-capabilities' content='ocr_page ocr_carea ocr_par ocr_line ocrx_word'/>
</head>
<body>
  <div class='ocr_page' id='page_1' title='image "./actaarchivivene00sergoog_0920.png"; bbox 0 0 3224 5110; ppageno 0'>
   <div class='ocr_carea' id='block_1_1' title="bbox 329 575 1430 1161">
    <p class='ocr_par' dir='ltr' id='par_1_1' title="bbox 329 575 1430 1161">
     <span class='ocr_line' id='line_1_1' title="bbox 331 575 1428 680; baseline 0.002 -28"><span class='ocrx_word' id='word_1_1' title='bbox 331 581 469 656; x_wconf 88' lang='lat' dir='ltr'><strong>uutem</strong></span> <span class='ocrx_word' id='word_1_2' title='bbox 501 577 749 658; x_wconf 76' lang='lat' dir='ltr'><strong>litterarum·</strong></span> <span class='ocrx_word' id='word_1_3' title='bbox 767 585 931 658; x_wconf 72' lang='lat' dir='ltr'><strong>tucrum</strong></span> <span class='ocrx_word' id='word_1_4' title='bbox 948 575 1138 666; x_wconf 71' lang='lat' dir='ltr'><strong>dicineum,</strong></span> <span class='ocrx_word' id='word_1_5' title='bbox 1166 577 1281 680; x_wconf 87' lang='lat' dir='ltr'><strong>quud</strong></span> <span class='ocrx_word' id='word_1_6' title='bbox 1310 577 1428 654; x_wconf 82' lang='lat' dir='ltr'><strong>uolu-</strong></span> 
     </span>
     <span class='ocr_line' id='line_1_2' title="bbox 332 697 1430 803; baseline -0.002 -27"><span class='ocrx_word' id='word_1_7' title='bbox 332 721 437 786; x_wconf 82' lang='lat' dir='ltr'><strong>mus,</strong></span> <span class='ocrx_word' id='word_1_8' title='bbox 465 709 511 776; x_wconf 88' lang='lat' dir='ltr'><strong>ut</strong></span> <span class='ocrx_word' id='word_1_9' title='bbox 538 699 589 776; x_wconf 87' lang='lat' dir='ltr'><strong>ud</strong></span> <span class='ocrx_word' id='word_1_10' title='bbox 620 709 897 803; x_wconf 86' lang='lat' dir='ltr'><strong>conspectum</strong></span> <span class='ocrx_word' id='word_1_11' title='bbox 931 699 1040 778; x_wconf 86' lang='lat' dir='ltr'><strong>illius</strong></span> <span class='ocrx_word' id='word_1_12' title='bbox 1068 697 1328 778; x_wconf 74' lang='lat' dir='ltr'><strong>serenissimi</strong></span> <span class='ocrx_word' id='word_1_13' title='bbox 1356 699 1430 774; x_wconf 78' lang='lat' dir='ltr'><strong>‹lo-</strong></span> 
     </span>
     <span class='ocr_line' id='line_1_3' title="bbox 329 817 1427 920; baseline -0.007 -16"><span class='ocrx_word' id='word_1_14' title='bbox 329 819 431 904; x_wconf 85' lang='lat' dir='ltr'><strong>mioi</strong></span> <span class='ocrx_word' id='word_1_15' title='bbox 458 819 572 920; x_wconf 81' lang='lat' dir='ltr'><strong>regis</strong></span> <span class='ocrx_word' id='word_1_16' title='bbox 600 817 757 898; x_wconf 70' lang='lat' dir='ltr'><strong>debeas</strong></span> <span class='ocrx_word' id='word_1_17' title='bbox 793 826 835 898; x_wconf 90' lang='lat' dir='ltr'><strong>tu</strong></span> <span class='ocrx_word' id='word_1_18' title='bbox 863 818 1089 905; x_wconf 82' lang='lat' dir='ltr'><strong>cunierre,</strong></span> <span class='ocrx_word' id='word_1_19' title='bbox 1118 817 1297 902; x_wconf 84' lang='lat' dir='ltr'><strong>diceudo</strong></span> <span class='ocrx_word' id='word_1_20' title='bbox 1333 819 1427 898; x_wconf 84' lang='lat' dir='ltr'><strong>sibi:</strong></span> 
     </span>
     <span class='ocr_line' id='line_1_4' title="bbox 331 938 1426 1044; baseline 0 -26"><span class='ocrx_word' id='word_1_21' title='bbox 331 942 441 1044; x_wconf 85' lang='lat' dir='ltr'><strong>quod</strong></span> <span class='ocrx_word' id='word_1_22' title='bbox 471 938 869 1018; x_wconf 82' lang='lat' dir='ltr'><strong>...intelleximus</strong></span> <span class='ocrx_word' id='word_1_23' title='bbox 912 938 1188 1018; x_wconf 75' lang='lat' dir='ltr'><strong>libentissime</strong></span> <span class='ocrx_word' id='word_1_24' title='bbox 1228 941 1426 1018; x_wconf 82' lang='lat' dir='ltr'><strong>serenitu·</strong></span> 
     </span>
     <span class='ocr_line' id='line_1_5' title="bbox 330 1057 1427 1161; baseline -0.005 -22"><span class='ocrx_word' id='word_1_25' title='bbox 330 1071 414 1139; x_wconf 86' lang='lat' dir='ltr'><strong>tem</strong></span> <span class='ocrx_word' id='word_1_26' title='bbox 449 1083 566 1136; x_wconf 83' lang='lat' dir='ltr'><strong>suum</strong></span> <span class='ocrx_word' id='word_1_27' title='bbox 596 1057 645 1136; x_wconf 89' lang='lat' dir='ltr'><strong>ud</strong></span> <span class='ocrx_word' id='word_1_28' title='bbox 675 1083 764 1138; x_wconf 87' lang='lat' dir='ltr'><strong>rem</strong></span> <span class='ocrx_word' id='word_1_29' title='bbox 806 1057 1087 1161; x_wconf 87' lang='lat' dir='ltr'><strong>omnipotenti</strong></span> <span class='ocrx_word' id='word_1_30' title='bbox 1125 1057 1209 1136; x_wconf 86' lang='lat' dir='ltr'><strong>deo</strong></span> <span class='ocrx_word' id='word_1_31' title='bbox 1250 1069 1332 1136; x_wconf 84' lang='lat' dir='ltr'><strong>tum</strong></span> <span class='ocrx_word' id='word_1_32' title='bbox 1360 1081 1427 1135; x_wconf 87' lang='lat' dir='ltr'><strong>uc·</strong></span> 
     </span>
    </p>
   </div>
   <div class='ocr_carea' id='block_1_2' title="bbox 172 1177 1427 1284">
    <p class='ocr_par' dir='ltr' id='par_1_2' title="bbox 172 1177 1427 1284">
     <span class='ocr_line' id='line_1_6' title="bbox 172 1177 1427 1284; baseline -0.005 -24"><span class='ocrx_word' id='word_1_33' title='bbox 172 1194 175 1200; x_wconf 79' lang='grc'>’</span> <span class='ocrx_word' id='word_1_34' title='bbox 331 1179 612 1284; x_wconf 84' lang='lat' dir='ltr'><strong>ceptiseimum</strong></span> <span class='ocrx_word' id='word_1_35' title='bbox 641 1179 807 1280; x_wconf 84' lang='lat' dir='ltr'><strong>sibique</strong></span> <span class='ocrx_word' id='word_1_36' title='bbox 835 1185 878 1256; x_wconf 91' lang='lat' dir='ltr'><strong>et</strong></span> <span class='ocrx_word' id='word_1_37' title='bbox 893 1178 1134 1258; x_wconf 77' lang='lat' dir='ltr'><strong>Christiano</strong></span> <span class='ocrx_word' id='word_1_38' title='bbox 1158 1177 1321 1277; x_wconf 41' lang='lat' dir='ltr'><strong>,numini</strong></span> <span class='ocrx_word' id='word_1_39' title='bbox 1342 1179 1427 1280; x_wconf 80' lang='lat' dir='ltr'><strong>glu-</strong></span> 
     </span>
    </p>
   </div>
   <div class='ocr_carea' id='block_1_3' title="bbox 283 1297 1435 4292">
    <p class='ocr_par' dir='ltr' id='par_1_3' title="bbox 283 1297 1435 4292">
     <span class='ocr_line' id='line_1_7' title="bbox 332 1297 1427 1402; baseline -0.002 -24"><span class='ocrx_word' id='word_1_40' title='bbox 332 1303 487 1380; x_wconf 89' lang='lat' dir='ltr'><strong>riosum</strong></span> <span class='ocrx_word' id='word_1_41' title='bbox 516 1302 697 1380; x_wconf 77' lang='lat' dir='ltr'><strong>animum</strong></span> <span class='ocrx_word' id='word_1_42' title='bbox 725 1298 956 1392; x_wconf 74' lang='lat' dir='ltr'><strong>direxisse,</strong></span> <span class='ocrx_word' id='word_1_43' title='bbox 984 1309 1028 1380; x_wconf 90' lang='lat' dir='ltr'><strong>et</strong></span> <span class='ocrx_word' id='word_1_44' title='bbox 1055 1305 1206 1380; x_wconf 86' lang='lat' dir='ltr'><strong>contru</strong></span> <span class='ocrx_word' id='word_1_45' title='bbox 1241 1297 1427 1402; x_wconf 81' lang='lat' dir='ltr'><strong>pertidus</strong></span> 
     </span>
     <span class='ocr_line' id='line_1_8' title="bbox 331 1419 1426 1525; baseline -0.002 -28"><span class='ocrx_word' id='word_1_46' title='bbox 331 1419 525 1502; x_wconf 82' lang='lat' dir='ltr'><strong>Teucros</strong></span> <span class='ocrx_word' id='word_1_47' title='bbox 553 1422 714 1525; x_wconf 87' lang='lat' dir='ltr'><strong>potenti</strong></span> <span class='ocrx_word' id='word_1_48' title='bbox 743 1443 865 1498; x_wconf 81' lang='lat' dir='ltr'><strong>manu</strong></span> <span class='ocrx_word' id='word_1_49' title='bbox 894 1423 974 1502; x_wconf 81' lang='lat' dir='ltr'><strong>hec</strong></span> <span class='ocrx_word' id='word_1_50' title='bbox 1001 1425 1136 1500; x_wconf 82' lang='lat' dir='ltr'><strong>estate</strong></span> <span class='ocrx_word' id='word_1_51' title='bbox 1164 1420 1336 1500; x_wconf 86' lang='lat' dir='ltr'><strong>omuino</strong></span> <span class='ocrx_word' id='word_1_52' title='bbox 1361 1443 1426 1498; x_wconf 82' lang='lat' dir='ltr'><strong>ec·</strong></span> 
     </span>
     <span class='ocr_line' id='line_1_9' title="bbox 332 1539 1429 1630; baseline -0.009 -6"><span class='ocrx_word' id='word_1_53' title='bbox 332 1543 489 1624; x_wconf 86' lang='lat' dir='ltr'><strong>cedere</strong></span> <span class='ocrx_word' id='word_1_54' title='bbox 516 1541 716 1622; x_wconf 74' lang='lat' dir='ltr'><strong>statuisse</strong></span> <span class='ocrx_word' id='word_1_55' title='bbox 743 1597 754 1619; x_wconf 94' lang='lat'><strong>.</strong></span> <span class='ocrx_word' id='word_1_56' title='bbox 780 1597 793 1619; x_wconf 16' lang='lat' dir='ltr'><strong>.i</strong></span> <span class='ocrx_word' id='word_1_57' title='bbox 819 1599 830 1620; x_wconf 88' lang='lat'><strong>.</strong></span> <span class='ocrx_word' id='word_1_58' title='bbox 859 1568 894 1630; x_wconf 91' lang='lat'><strong>.;</strong></span> <span class='ocrx_word' id='word_1_59' title='bbox 922 1565 1001 1620; x_wconf 87' lang='lat' dir='ltr'><strong>noe</strong></span> <span class='ocrx_word' id='word_1_60' title='bbox 1043 1563 1148 1620; x_wconf 85' lang='lat' dir='ltr'><strong>vero</strong></span> <span class='ocrx_word' id='word_1_61' title='bbox 1176 1540 1227 1618; x_wconf 80' lang='lat' dir='ltr'><strong>sd</strong></span> <span class='ocrx_word' id='word_1_62' title='bbox 1257 1539 1344 1622; x_wconf 89' lang='lat' dir='ltr'><strong>boc</strong></span> <span class='ocrx_word' id='word_1_63' title='bbox 1371 1539 1429 1616; x_wconf 84' lang='lat' dir='ltr'><strong>di·</strong></span> 
     </span>
     <span class='ocr_line' id='line_1_10' title="bbox 331 1661 1431 1764; baseline -0.001 -24"><span class='ocrx_word' id='word_1_64' title='bbox 331 1661 470 1742; x_wconf 83' lang='lat' dir='ltr'><strong>uinum</strong></span> <span class='ocrx_word' id='word_1_65' title='bbox 500 1685 606 1764; x_wconf 89' lang='lat' dir='ltr'><strong>opus</strong></span> <span class='ocrx_word' id='word_1_66' title='bbox 635 1717 646 1740; x_wconf 88' lang='lat'><strong>.</strong></span> <span class='ocrx_word' id='word_1_67' title='bbox 676 1717 687 1739; x_wconf 93' lang='lat'><strong>.</strong></span> <span class='ocrx_word' id='word_1_68' title='bbox 717 1719 728 1740; x_wconf 93' lang='lat'><strong>.</strong></span> <span class='ocrx_word' id='word_1_69' title='bbox 756 1661 908 1738; x_wconf 85' lang='lat' dir='ltr'><strong>luimus</strong></span> <span class='ocrx_word' id='word_1_70' title='bbox 935 1672 978 1738; x_wconf 89' lang='lat' dir='ltr'><strong>et</strong></span> <span class='ocrx_word' id='word_1_71' title='bbox 1005 1683 1147 1740; x_wconf 88' lang='lat' dir='ltr'><strong>sumus</strong></span> <span class='ocrx_word' id='word_1_72' title='bbox 1189 1667 1275 1740; x_wconf 85' lang='lat' dir='ltr'><strong>totu</strong></span> <span class='ocrx_word' id='word_1_73' title='bbox 1316 1685 1431 1739; x_wconf 85' lang='lat' dir='ltr'><strong>men·</strong></span> 
     </span>
     <span class='ocr_line' id='line_1_11' title="bbox 331 1781 1427 1886; baseline -0.001 -24"><span class='ocrx_word' id='word_1_74' title='bbox 331 1795 373 1862; x_wconf 90' lang='lat' dir='ltr'><strong>te</strong></span> <span class='ocrx_word' id='word_1_75' title='bbox 402 1782 619 1886; x_wconf 81' lang='lat' dir='ltr'><strong>dispositi,</strong></span> <span class='ocrx_word' id='word_1_76' title='bbox 646 1837 657 1858; x_wconf 90' lang='lat'><strong>.</strong></span> <span class='ocrx_word' id='word_1_77' title='bbox 687 1791 729 1860; x_wconf 89' lang='lat' dir='ltr'><strong>et</strong></span> <span class='ocrx_word' id='word_1_78' title='bbox 766 1837 776 1858; x_wconf 94' lang='lat'>.</span> <span class='ocrx_word' id='word_1_79' title='bbox 816 1781 1155 1862; x_wconf 85' lang='lat' dir='ltr'><strong>.solicituuimus</strong></span> <span class='ocrx_word' id='word_1_80' title='bbox 1196 1802 1427 1861; x_wconf 78' lang='lat' dir='ltr'><strong>ermenteo·</strong></span> 
     </span>
     <span class='ocr_line' id='line_1_12' title="bbox 331 1901 1430 2009; baseline -0.004 -25"><span class='ocrx_word' id='word_1_81' title='bbox 331 1915 417 1984; x_wconf 88' lang='lat' dir='ltr'><strong>tum</strong></span> <span class='ocrx_word' id='word_1_82' title='bbox 445 1906 659 2004; x_wconf 75' lang='lat' dir='ltr'><strong>galearum</strong></span> <span class='ocrx_word' id='word_1_83' title='bbox 689 1901 867 1982; x_wconf 78' lang='lat' dir='ltr'><strong>Romani.</strong></span> <span class='ocrx_word' id='word_1_84' title='bbox 891 1901 1125 2009; x_wconf 83' lang='lat' dir='ltr'><strong>pontilicis,¹</strong></span> <span class='ocrx_word' id='word_1_85' title='bbox 1155 1925 1331 2004; x_wconf 81' lang='lat' dir='ltr'><strong>querum</strong></span> <span class='ocrx_word' id='word_1_86' title='bbox 1358 1927 1430 1980; x_wconf 82' lang='lat' dir='ltr'><strong>ex·</strong></span> 
     </span>
     <span class='ocr_line' id='line_1_13' title="bbox 330 2023 1428 2130; baseline -0.004 -24"><span class='ocrx_word' id='word_1_87' title='bbox 330 2025 492 2130; x_wconf 88' lang='lat' dir='ltr'><strong>peditio</strong></span> <span class='ocrx_word' id='word_1_88' title='bbox 522 2027 601 2104; x_wconf 80' lang='lat' dir='ltr'><strong>iam</strong></span> <span class='ocrx_word' id='word_1_89' title='bbox 632 2024 681 2102; x_wconf 85' lang='lat' dir='ltr'><strong>ud</strong></span> <span class='ocrx_word' id='word_1_90' title='bbox 711 2027 816 2105; x_wconf 80' lang='lat' dir='ltr'><strong>tales</strong></span> <span class='ocrx_word' id='word_1_91' title='bbox 842 2025 1048 2106; x_wconf 86' lang='lat' dir='ltr'><strong>terminus</strong></span> <span class='ocrx_word' id='word_1_92' title='bbox 1076 2023 1254 2105; x_wconf 83' lang='lat' dir='ltr'><strong>deductu</strong></span> <span class='ocrx_word' id='word_1_93' title='bbox 1283 2029 1361 2111; x_wconf 87' lang='lat' dir='ltr'><strong>est,</strong></span> <span class='ocrx_word' id='word_1_94' title='bbox 1384 2033 1428 2102; x_wconf 90' lang='lat' dir='ltr'><strong>ut</strong></span> 
     </span>
     <span class='ocr_line' id='line_1_14' title="bbox 330 2145 1431 2226; baseline -0.003 -1"><span class='ocrx_word' id='word_1_95' title='bbox 330 2145 435 2226; x_wconf 83' lang='lat' dir='ltr'><strong>infre</strong></span> <span class='ocrx_word' id='word_1_96' title='bbox 477 2146 627 2226; x_wconf 86' lang='lat' dir='ltr'><strong>breves</strong></span> <span class='ocrx_word' id='word_1_97' title='bbox 662 2147 751 2224; x_wconf 89' lang='lat' dir='ltr'><strong>dies</strong></span> <span class='ocrx_word' id='word_1_98' title='bbox 787 2147 888 2226; x_wconf 88' lang='lat' dir='ltr'><strong>binc</strong></span> <span class='ocrx_word' id='word_1_99' title='bbox 915 2156 1074 2226; x_wconf 78' lang='lat' dir='ltr'><strong>armate</strong></span> <span class='ocrx_word' id='word_1_100' title='bbox 1102 2201 1114 2224; x_wconf 90' lang='lat'><strong>.</strong></span> <span class='ocrx_word' id='word_1_101' title='bbox 1144 2203 1153 2223; x_wconf 88' lang='lat'><strong>.</strong></span> <span class='ocrx_word' id='word_1_102' title='bbox 1186 2145 1431 2224; x_wconf 77' lang='lat' dir='ltr'><strong>discessus-e</strong></span> 
     </span>
     <span class='ocr_line' id='line_1_15' title="bbox 331 2263 1430 2368; baseline 0.002 -28"><span class='ocrx_word' id='word_1_103' title='bbox 331 2265 427 2350; x_wconf 87' lang='lat' dir='ltr'><strong>sint.</strong></span> <span class='ocrx_word' id='word_1_104' title='bbox 457 2271 649 2342; x_wconf 85' lang='lat' dir='ltr'><strong>tenentes</strong></span> <span class='ocrx_word' id='word_1_105' title='bbox 678 2263 871 2350; x_wconf 89' lang='lat' dir='ltr'><strong>indubie,</strong></span> <span class='ocrx_word' id='word_1_106' title='bbox 900 2265 1015 2366; x_wconf 87' lang='lat' dir='ltr'><strong>quod</strong></span> <span class='ocrx_word' id='word_1_107' title='bbox 1044 2287 1121 2368; x_wconf 85' lang='lat' dir='ltr'><strong>per</strong></span> <span class='ocrx_word' id='word_1_108' title='bbox 1152 2266 1308 2353; x_wconf 83' lang='lat' dir='ltr'><strong>bonum</strong></span> <span class='ocrx_word' id='word_1_109' title='bbox 1336 2289 1430 2367; x_wconf 85' lang='lat' dir='ltr'><strong>spu·</strong></span> 
     </span>
     <span class='ocr_line' id='line_1_16' title="bbox 332 2385 1429 2488; baseline -0.004 -24"><span class='ocrx_word' id='word_1_110' title='bbox 332 2387 434 2464; x_wconf 89' lang='lat' dir='ltr'><strong>tium</strong></span> <span class='ocrx_word' id='word_1_111' title='bbox 487 2385 736 2488; x_wconf 81' lang='lat' dir='ltr'><strong>preveniunt</strong></span> <span class='ocrx_word' id='word_1_112' title='bbox 789 2394 1036 2466; x_wconf 85' lang='lat' dir='ltr'><strong>terrestrem</strong></span> <span class='ocrx_word' id='word_1_113' title='bbox 1091 2385 1429 2464; x_wconf 72' lang='lat' dir='ltr'><strong>Christianorum</strong></span> 
     </span>
     <span class='ocr_line' id='line_1_17' title="bbox 283 2505 1432 2611; baseline -0.002 -27"><span class='ocrx_word' id='word_1_114' title='bbox 283 2579 289 2592; x_wconf 81' lang='grc'>,</span> <span class='ocrx_word' id='word_1_115' title='bbox 332 2505 566 2584; x_wconf 81' lang='lat' dir='ltr'><strong>exercitum</strong></span> <span class='ocrx_word' id='word_1_116' title='bbox 595 2515 637 2585; x_wconf 92' lang='lat' dir='ltr'><strong>et</strong></span> <span class='ocrx_word' id='word_1_117' title='bbox 665 2507 704 2582; x_wconf 91' lang='lat' dir='ltr'><strong>in</strong></span> <span class='ocrx_word' id='word_1_118' title='bbox 733 2508 884 2586; x_wconf 86' lang='lat' dir='ltr'><strong>strictu</strong></span> <span class='ocrx_word' id='word_1_119' title='bbox 912 2506 1091 2609; x_wconf 81' lang='lat' dir='ltr'><strong>Galipoli</strong></span> <span class='ocrx_word' id='word_1_120' title='bbox 1127 2531 1173 2582; x_wconf 87' lang='lat' dir='ltr'><strong>se</strong></span> <span class='ocrx_word' id='word_1_121' title='bbox 1201 2505 1432 2611; x_wconf 81' lang='lat' dir='ltr'><strong>reperient.</strong></span> 
     </span>
     <span class='ocr_line' id='line_1_18' title="bbox 330 2625 1429 2730; baseline -0.001 -26"><span class='ocrx_word' id='word_1_122' title='bbox 330 2685 339 2704; x_wconf 92' lang='lat'><strong>.</strong></span> <span class='ocrx_word' id='word_1_123' title='bbox 370 2683 381 2706; x_wconf 89' lang='lat'><strong>.</strong></span> <span class='ocrx_word' id='word_1_124' title='bbox 411 2682 422 2704; x_wconf 92' lang='lat'><strong>.</strong></span> <span class='ocrx_word' id='word_1_125' title='bbox 451 2625 820 2730; x_wconf 82' lang='lat' dir='ltr'><strong>Nolilicubisquod</strong></span> <span class='ocrx_word' id='word_1_126' title='bbox 841 2628 924 2704; x_wconf 85' lang='lat' dir='ltr'><strong>dux</strong></span> <span class='ocrx_word' id='word_1_127' title='bbox 952 2625 1273 2726; x_wconf 83' lang='lat' dir='ltr'><strong>Burgundiue</strong></span> <span class='ocrx_word' id='word_1_128' title='bbox 1302 2627 1429 2706; x_wconf 83' lang='lat' dir='ltr'><strong>etium</strong></span> 
     </span>
     <span class='ocr_line' id='line_1_19' title="bbox 332 2745 1430 2848; baseline -0.005 -21"><span class='ocrx_word' id='word_1_129' title='bbox 332 2749 499 2828; x_wconf 81' lang='lat' dir='ltr'><strong>armore</strong></span> <span class='ocrx_word' id='word_1_130' title='bbox 528 2745 627 2826; x_wconf 79' lang='lat' dir='ltr'><strong>iecit</strong></span> <span class='ocrx_word' id='word_1_131' title='bbox 668 2756 848 2848; x_wconf 79' lang='lat' dir='ltr'><strong>quatuor</strong></span> <span class='ocrx_word' id='word_1_132' title='bbox 876 2749 1020 2844; x_wconf 73' lang='lat' dir='ltr'><strong>galeas</strong></span> <span class='ocrx_word' id='word_1_133' title='bbox 1048 2745 1242 2827; x_wconf 87' lang='lat' dir='ltr'><strong>Venetiis</strong></span> <span class='ocrx_word' id='word_1_134' title='bbox 1271 2753 1315 2822; x_wconf 89' lang='lat' dir='ltr'><strong>et</strong></span> <span class='ocrx_word' id='word_1_135' title='bbox 1341 2755 1430 2824; x_wconf 86' lang='lat' dir='ltr'><strong>tres</strong></span> 
     </span>
     <span class='ocr_line' id='line_1_20' title="bbox 330 2867 1433 2971; baseline -0.001 -27"><span class='ocrx_word' id='word_1_136' title='bbox 330 2869 441 2971; x_wconf 88' lang='lat' dir='ltr'><strong>upud</strong></span> <span class='ocrx_word' id='word_1_137' title='bbox 478 2867 645 2945; x_wconf 81' lang='lat' dir='ltr'><strong>Niciam:</strong></span> <span class='ocrx_word' id='word_1_138' title='bbox 676 2877 744 2947; x_wconf 91' lang='lat' dir='ltr'><strong>etc</strong></span> <span class='ocrx_word' id='word_1_139' title='bbox 748 2921 913 2948; x_wconf 85' lang='grc'><strong>.....</strong></span> <span class='ocrx_word' id='word_1_140' title='bbox 951 2869 1042 2947; x_wconf 81' lang='lat' dir='ltr'><strong>lieo</strong></span> <span class='ocrx_word' id='word_1_141' title='bbox 1084 2868 1211 2968; x_wconf 80' lang='lat' dir='ltr'><strong>igitur</strong></span> <span class='ocrx_word' id='word_1_142' title='bbox 1252 2891 1348 2947; x_wconf 90' lang='lat' dir='ltr'><strong>cum</strong></span> <span class='ocrx_word' id='word_1_143' title='bbox 1376 2868 1433 2944; x_wconf 79' lang='lat' dir='ltr'><strong>tu</strong></span> 
     </span>
     <span class='ocr_line' id='line_1_21' title="bbox 331 2987 1432 3093; baseline -0.002 -27"><span class='ocrx_word' id='word_1_144' title='bbox 331 2989 412 3068; x_wconf 90' lang='lat' dir='ltr'><strong>slnt</strong></span> <span class='ocrx_word' id='word_1_145' title='bbox 440 2995 651 3092; x_wconf 82' lang='lat' dir='ltr'><strong>superest,</strong></span> <span class='ocrx_word' id='word_1_146' title='bbox 680 2995 724 3066; x_wconf 87' lang='lat' dir='ltr'><strong>ut</strong></span> <span class='ocrx_word' id='word_1_147' title='bbox 751 2989 985 3093; x_wconf 85' lang='lat' dir='ltr'><strong>prouotiue</strong></span> <span class='ocrx_word' id='word_1_148' title='bbox 1009 2987 1277 3093; x_wconf 82' lang='lat' dir='ltr'><strong>perfectione</strong></span> <span class='ocrx_word' id='word_1_149' title='bbox 1306 2987 1432 3065; x_wconf 86' lang='lat' dir='ltr'><strong>huius</strong></span> 
     </span>
     <span class='ocr_line' id='line_1_22' title="bbox 331 3109 1434 3212; baseline 0 -26"><span class='ocrx_word' id='word_1_150' title='bbox 331 3109 459 3188; x_wconf 84' lang='lat' dir='ltr'><strong>diuini</strong></span> <span class='ocrx_word' id='word_1_151' title='bbox 485 3111 664 3206; x_wconf 84' lang='lat' dir='ltr'><strong>negotii,</strong></span> <span class='ocrx_word' id='word_1_152' title='bbox 705 3109 815 3188; x_wconf 88' lang='lat' dir='ltr'><strong>idem</strong></span> <span class='ocrx_word' id='word_1_153' title='bbox 857 3109 1153 3190; x_wconf 86' lang='lat' dir='ltr'><strong>serenissimus</strong></span> <span class='ocrx_word' id='word_1_154' title='bbox 1181 3135 1259 3189; x_wconf 84' lang='lat' dir='ltr'><strong>rex</strong></span> <span class='ocrx_word' id='word_1_155' title='bbox 1287 3119 1434 3212; x_wconf 89' lang='lat' dir='ltr'><strong>puteo·</strong></span> 
     </span>
     <span class='ocr_line' id='line_1_23' title="bbox 331 3229 1431 3312; baseline 0 -4"><span class='ocrx_word' id='word_1_156' title='bbox 331 3229 497 3309; x_wconf 85' lang='lat' dir='ltr'><strong>tissime</strong></span> <span class='ocrx_word' id='word_1_157' title='bbox 526 3231 717 3310; x_wconf 85' lang='lat' dir='ltr'><strong>exercitu</strong></span> <span class='ocrx_word' id='word_1_158' title='bbox 747 3231 947 3310; x_wconf 81' lang='lat' dir='ltr'><strong>aduersus</strong></span> <span class='ocrx_word' id='word_1_159' title='bbox 976 3231 1124 3310; x_wconf 86' lang='lat' dir='ltr'><strong>hostes</strong></span> <span class='ocrx_word' id='word_1_160' title='bbox 1166 3233 1306 3312; x_wconf 75' lang='lat' dir='ltr'><strong>criseis</strong></span> <span class='ocrx_word' id='word_1_161' title='bbox 1334 3231 1431 3311; x_wconf 87' lang='lat' dir='ltr'><strong>soli·</strong></span> 
     </span>
     <span class='ocr_line' id='line_1_24' title="bbox 332 3350 1433 3454; baseline 0.001 -25"><span class='ocrx_word' id='word_1_162' title='bbox 332 3350 531 3429; x_wconf 86' lang='lat' dir='ltr'><strong>citissime</strong></span> <span class='ocrx_word' id='word_1_163' title='bbox 568 3375 615 3428; x_wconf 89' lang='lat' dir='ltr'><strong>se</strong></span> <span class='ocrx_word' id='word_1_164' title='bbox 653 3359 773 3454; x_wconf 81' lang='lat' dir='ltr'><strong>paret</strong></span> <span class='ocrx_word' id='word_1_165' title='bbox 810 3361 853 3430; x_wconf 89' lang='lat' dir='ltr'><strong>et</strong></span> <span class='ocrx_word' id='word_1_166' title='bbox 879 3353 1083 3431; x_wconf 87' lang='lat' dir='ltr'><strong>celeriter</strong></span> <span class='ocrx_word' id='word_1_167' title='bbox 1122 3353 1261 3432; x_wconf 89' lang='lat' dir='ltr'><strong>itineri</strong></span> <span class='ocrx_word' id='word_1_168' title='bbox 1289 3377 1335 3430; x_wconf 89' lang='lat' dir='ltr'><strong>se</strong></span> <span class='ocrx_word' id='word_1_169' title='bbox 1361 3375 1433 3430; x_wconf 81' lang='lat' dir='ltr'><strong>cu·</strong></span> 
     </span>
     <span class='ocr_line' id='line_1_25' title="bbox 332 3471 1432 3565; baseline -0.005 -15"><span class='ocrx_word' id='word_1_170' title='bbox 332 3471 478 3552; x_wconf 79' lang='lat' dir='ltr'><strong>mittut.</strong></span> <span class='ocrx_word' id='word_1_171' title='bbox 517 3472 593 3549; x_wconf 77' lang='lat' dir='ltr'><strong>list</strong></span> <span class='ocrx_word' id='word_1_172' title='bbox 620 3473 730 3552; x_wconf 87' lang='lat' dir='ltr'><strong>enim</strong></span> <span class='ocrx_word' id='word_1_173' title='bbox 759 3474 799 3550; x_wconf 93' lang='lat' dir='ltr'><strong>in</strong></span> <span class='ocrx_word' id='word_1_174' title='bbox 827 3474 896 3550; x_wconf 90' lang='lat' dir='ltr'><strong>dei</strong></span> <span class='ocrx_word' id='word_1_175' title='bbox 927 3473 1167 3565; x_wconf 82' lang='lat' dir='ltr'><strong>clementis,</strong></span> <span class='ocrx_word' id='word_1_176' title='bbox 1202 3473 1321 3551; x_wconf 88' lang='lat' dir='ltr'><strong>cuius</strong></span> <span class='ocrx_word' id='word_1_177' title='bbox 1362 3497 1432 3551; x_wconf 77' lang='lat' dir='ltr'><strong>res</strong></span> 
     </span>
     <span class='ocr_line' id='line_1_26' title="bbox 337 3591 1432 3699; baseline 0.003 -29"><span class='ocrx_word' id='word_1_178' title='bbox 337 3592 485 3692; x_wconf 80' lang='lat' dir='ltr'><strong>egitur,</strong></span> <span class='ocrx_word' id='word_1_179' title='bbox 511 3591 683 3672; x_wconf 84' lang='lat' dir='ltr'><strong>indubie</strong></span> <span class='ocrx_word' id='word_1_180' title='bbox 708 3593 1022 3686; x_wconf 80' lang='lat' dir='ltr'><strong>confidendum,</strong></span> <span class='ocrx_word' id='word_1_181' title='bbox 1043 3619 1093 3672; x_wconf 86' lang='lat' dir='ltr'><strong>uc</strong></span> <span class='ocrx_word' id='word_1_182' title='bbox 1121 3595 1164 3673; x_wconf 89' lang='lat' dir='ltr'><strong>iu</strong></span> <span class='ocrx_word' id='word_1_183' title='bbox 1193 3593 1432 3699; x_wconf 87' lang='lat' dir='ltr'><strong>potentissi-</strong></span> 
     </span>
     <span class='ocr_line' id='line_1_27' title="bbox 332 3712 1431 3816; baseline 0.007 -26"><span class='ocrx_word' id='word_1_184' title='bbox 332 3737 401 3792; x_wconf 89' lang='lat' dir='ltr'><strong>mo</strong></span> <span class='ocrx_word' id='word_1_185' title='bbox 445 3712 638 3792; x_wconf 88' lang='lat' dir='ltr'><strong>exercitu</strong></span> <span class='ocrx_word' id='word_1_186' title='bbox 681 3723 763 3794; x_wconf 87' lang='lat' dir='ltr'><strong>tem</strong></span> <span class='ocrx_word' id='word_1_187' title='bbox 805 3715 997 3796; x_wconf 83' lang='lat' dir='ltr'><strong>terrestri</strong></span> <span class='ocrx_word' id='word_1_188' title='bbox 1041 3739 1163 3816; x_wconf 83' lang='lat' dir='ltr'><strong>quem</strong></span> <span class='ocrx_word' id='word_1_189' title='bbox 1205 3713 1431 3800; x_wconf 77' lang='lat' dir='ltr'><strong>maritimo.</strong></span> 
     </span>
     <span class='ocr_line' id='line_1_28' title="bbox 332 3833 1431 3938; baseline -0.003 -26"><span class='ocrx_word' id='word_1_190' title='bbox 332 3834 445 3937; x_wconf 88' lang='lat' dir='ltr'><strong>quod</strong></span> <span class='ocrx_word' id='word_1_191' title='bbox 473 3845 587 3911; x_wconf 84' lang='lat' dir='ltr'><strong>enno</strong></span> <span class='ocrx_word' id='word_1_192' title='bbox 613 3835 694 3912; x_wconf 83' lang='lat' dir='ltr'><strong>isto</strong></span> <span class='ocrx_word' id='word_1_193' title='bbox 721 3843 924 3937; x_wconf 86' lang='lat' dir='ltr'><strong>sequetur</strong></span> <span class='ocrx_word' id='word_1_194' title='bbox 950 3836 1021 3913; x_wconf 88' lang='lat' dir='ltr'><strong>ille</strong></span> <span class='ocrx_word' id='word_1_195' title='bbox 1050 3837 1253 3926; x_wconf 82' lang='lat' dir='ltr'><strong>effectus,</strong></span> <span class='ocrx_word' id='word_1_196' title='bbox 1282 3835 1352 3938; x_wconf 89' lang='lat' dir='ltr'><strong>qui</strong></span> <span class='ocrx_word' id='word_1_197' title='bbox 1379 3833 1431 3912; x_wconf 77' lang='lat' dir='ltr'><strong>ub</strong></span> 
     </span>
     <span class='ocr_line' id='line_1_29' title="bbox 331 3953 1433 4062; baseline 0 -29"><span class='ocrx_word' id='word_1_198' title='bbox 331 3955 528 4033; x_wconf 86' lang='lat' dir='ltr'><strong>omnibus</strong></span> <span class='ocrx_word' id='word_1_199' title='bbox 557 3953 715 4036; x_wconf 88' lang='lat' dir='ltr'><strong>Christi</strong></span> <span class='ocrx_word' id='word_1_200' title='bbox 743 3957 936 4036; x_wconf 77' lang='lat' dir='ltr'><strong>fidelibus</strong></span> <span class='ocrx_word' id='word_1_201' title='bbox 973 3968 1197 4062; x_wconf 79' lang='lat' dir='ltr'><strong>tantopere</strong></span> <span class='ocrx_word' id='word_1_202' title='bbox 1224 3957 1433 4036; x_wconf 66' lang='lat' dir='ltr'><strong>desidere</strong></span> 
     </span>
     <span class='ocr_line' id='line_1_30' title="bbox 330 4071 1435 4179; baseline 0.014 -29"><span class='ocrx_word' id='word_1_203' title='bbox 330 4075 369 4150; x_wconf 91' lang='lat' dir='ltr'><strong>ri</strong></span> <span class='ocrx_word' id='word_1_204' title='bbox 396 4071 550 4160; x_wconf 88' lang='lat' dir='ltr'><strong>debet,</strong></span> <span class='ocrx_word' id='word_1_205' title='bbox 594 4099 689 4154; x_wconf 89' lang='lat' dir='ltr'><strong>oum</strong></span> <span class='ocrx_word' id='word_1_206' title='bbox 731 4085 879 4156; x_wconf 87' lang='lat' dir='ltr'><strong>nostro</strong></span> <span class='ocrx_word' id='word_1_207' title='bbox 920 4077 1082 4158; x_wconf 89' lang='lat' dir='ltr'><strong>iudicio</strong></span> <span class='ocrx_word' id='word_1_208' title='bbox 1111 4101 1435 4179; x_wconf 71' lang='lat' dir='ltr'><strong>cognoscamus»</strong></span> 
     </span>
     <span class='ocr_line' id='line_1_31' title="bbox 332 4190 1431 4292; baseline 0.008 -24"><span class='ocrx_word' id='word_1_209' title='bbox 332 4190 552 4292; x_wconf 88' lang='lat' dir='ltr'><strong>quodnisi</strong></span> <span class='ocrx_word' id='word_1_210' title='bbox 580 4198 802 4276; x_wconf 76' lang='lat' dir='ltr'><strong>conuictu</strong></span> <span class='ocrx_word' id='word_1_211' title='bbox 830 4199 953 4277; x_wconf 86' lang='lat' dir='ltr'><strong>detur</strong></span> <span class='ocrx_word' id='word_1_212' title='bbox 966 4197 1171 4278; x_wconf 81' lang='lat' dir='ltr'><strong>executio</strong></span> <span class='ocrx_word' id='word_1_213' title='bbox 1188 4195 1288 4276; x_wconf 85' lang='lat' dir='ltr'><strong>huic</strong></span> <span class='ocrx_word' id='word_1_214' title='bbox 1317 4219 1431 4277; x_wconf 84' lang='lat' dir='ltr'><strong>sunc-</strong></span> 
     </span>
    </p>
   </div>
   <div class='ocr_carea' id='block_1_4' title="bbox 0 0 1619 5110">
    <p class='ocr_par' dir='ltr' id='par_1_4' title="bbox 0 0 1619 5110">
     <span class='ocr_line' id='line_1_32' title="bbox 0 0 1619 5110; baseline 0 0"><span class='ocrx_word' id='word_1_215' title='bbox 0 0 1619 5110; x_wconf 95' lang='lat' dir='ltr'><strong> </strong></span> 
     </span>
    </p>
   </div>
  </div>
 </body>
</html>
