3228 5108
326 607 351 659 e
365 579 393 658 h
409 584 421 658 i
450 579 514 658 de
542 580 693 658 Bran
705 581 818 668 cho.
847 583 1085 686 petentibus
1103 583 1266 695 ¹dictum
1297 609 1415 666 coro·

275 791 280 799 ¹
325 722 418 778 nam
447 708 488 778 et
517 701 725 780 cercellos
754 697 960 804 tamquam
990 705 1103 785 bona
1136 707 1316 808 condam
1344 707 1415 784 do·

325 819 463 896 minae
502 821 867 932 Voyslavae,¹
910 827 1006 925 quia
1047 825 1183 904 dictus
1223 823 1416 906 dominus

324 939 622 1050 Georgius
649 943 763 1020 dedit
791 951 834 1022 et
861 942 1014 1022 dimisit
1042 945 1251 1023 civitatem
1291 945 1416 1024 Dura·

324 1061 407 1140 chii
435 1070 479 1139 et
506 1065 644 1144 omnia
672 1087 744 1140 sua
774 1061 885 1142 bona
923 1065 1090 1162 comuni
1128 1066 1412 1146 venetiarum.

295 1181 375 1259 nt
415 1182 569 1261 honum
611 1184 664 1261 sit
703 1187 930 1290 providere
971 1211 1100 1290 super
1141 1187 1251 1294 hoc;
1305 1187 1415 1266 vadit

322 1325 430 1406 pars:
473 1304 585 1406 quod
627 1307 841 1383 scribatur
877 1310 919 1382 et
945 1308 1167 1386 mandetur
1206 1305 1344 1384 heiulo
1373 1315 1415 1384 et

323 1424 544 1526 capitaneo
588 1424 811 1516 Durachii‚
865 1425 980 1526 quod
1023 1421 1204 1502 debeant
1247 1413 1413 1502 mittere

322 1544 522 1622 Venetiae
544 1635 547 1640 ¹
561 1571 640 1648 per
681 1568 903 1650 personam
946 1544 1227 1624 confidentem
1256 1544 1306 1621 ad
1334 1569 1413 1622 ma·

322 1689 398 1742 nus
425 1673 669 1763 nostrorum
697 1665 940 1748 officialium
966 1668 1181 1745 rationum
1208 1675 1414 1752 veterum.

322 1783 475 1864 dictam
514 1811 718 1866 coronam
747 1795 789 1864 et
818 1787 1042 1874 corcellas,
1071 1796 1116 1866 ut
1142 1793 1289 1888 postea
1316 1809 1410 1888 pos·

321 1903 373 1980 sit
404 1929 483 2008 per
523 1908 633 1984 istud
673 1907 893 1983 consilium
934 1904 1151 2010 provideri
1196 1905 1248 1982 de
1289 1904 1411 1984 dietis

322 2025 446 2102 rebus
475 2029 583 2104 sicut
605 2029 763 2124 justum
792 2025 1012 2106 videbitur.

424 2233 426 2236 .
736 2165 831 2230 Misti
854 2165 912 2230 del
936 2163 1079 2232 senato
1103 2163 1211 2228 XLV.
1236 2165 1293 2228 ch.
1316 2163 1369 2228 3&

513 2335 755 2439 ccxlv.
796 2361 906 2435 tuor.
932 2359 973 2432 a.
1000 2357 1227 2440 Marcii.

320 2505 527 2586 Bauamse'no,
551 2535 630 2590 aare
649 2517 832 2592 nynouolsie
853 2535 959 2592 aynau
984 2537 1003 2576 ιι
1024 2521 1195 2577 udaroaoun
1218 2535 1351 2592 oaeery,
1374 2535 1412 2590 aa

320 2636 401 2694 nory
424 2618 524 2678 raituo
548 2637 729 2695 yronaparn
754 2640 772 2676 ιι
796 2638 962 2709 aannparu
978 2637 1017 2678 ce
1041 2639 1078 2678 oa
1099 2621 1300 2695 Typaaaoun
1324 2615 1412 2678 Ouei-

320 2739 427 2795 κωκυ,
450 2741 536 2781 noun
551 2743 567 2780 a
582 2725 692 2800 bophe
718 2725 961 2800 Cpeuaunpoae
984 2728 1115 2794 Banna,
1139 2725 1264 2800 nannpe
1287 2725 1413 2799 npenao

320 2827 478 2902 Casape,
512 2847 552 2886 ue
588 2847 622 2886 ra
647 2847 664 2885 e
686 2845 790 2886 nocue
826 2845 935 2886 onera
969 2845 1034 2902 oar,
1067 2832 1147 2888 sura
1181 2845 1265 2886 oreo
1300 2845 1317 2885 ιι
1352 2843 1411 2902 rao

751 2933 982 2992 momentana.

423 3083 527 3163 Cum
554 3085 665 3164 sicut
706 3087 822 3165 clere
866 3087 1047 3166 habetur
1074 3093 1117 3162 et
1144 3105 1224 3187 per
1250 3083 1413 3187 experi-

319 3203 472 3282 entiam
503 3213 703 3308 apparet‚
733 3207 927 3285 domiuus
956 3204 1219 3314 Georgius
1248 3205 1413 3281 Stran-

318 3326 422 3402 mir
462 3333 525 3404 est
565 3329 782 3430 potissima
820 3353 945 3422 causa
986 3327 1163 3406 insultus
1206 3335 1249 3402 et
1289 3325 1411 3405 dero·

318 3443 511 3537 bationis,
535 3445 761 3548 quoefiunt
787 3472 866 3551 per
893 3447 1117 3550 Saynum
1145 3443 1411 3522 Turchum

317 3563 358 3642 in
386 3568 611 3646 territoriis
640 3575 683 3645 et
711 3568 969 3648 districtibus
997 3568 1153 3646 nostrie
1181 3564 1291 3644 Seu
1308 3563 1412 3642 teri

318 3695 360 3762 et
386 3687 550 3765 illarum
579 3691 774 3790 partium,
797 3696 840 3767 ct
853 3695 1037 3792 propter
1060 3687 1214 3766 multos
1241 3709 1408 3788 respec·

318 3814 385 3884 tus
411 3807 537 3886 faciat
563 3835 645 3911 pro
684 3811 818 3896 nobis,
847 3809 1006 3888 habere
1038 3811 1338 3887 advertentiam
1369 3813 1411 3884 et

318 3928 508 4026 cogitare
525 3929 644 4007 lactis
659 3930 830 4017 nostris,
858 3929 1103 4032 specialiter
1127 3925 1409 4014 considerato,
1529 3973 1533 3978 -

317 4047 429 4148 quod
470 4047 606 4127 dictus
660 4048 852 4127 dominus
892 4049 1101 4160 Georgius
1155 4047 1410 4126 contrafecit

315 4168 449 4270 pactis
476 4171 661 4261 nostris,
689 4173 1012 4274 propterquod
1041 4169 1316 4248 deliberatum
1345 4171 1409 4252 est

312 4297 559 4392 pernostra
587 4290 786 4382 consilia,
828 4291 942 4394 quod
970 4317 1053 4370 non
1081 4292 1205 4370 detur
1232 4289 1408 4395 amplius
