3192 5112
324 345 387 408 118

323 551 385 628 nis
412 549 581 638 intuitu,
612 545 682 648 qui
709 567 879 648 semper
907 551 948 622 et
977 543 1090 623 omni
1117 537 1416 644 temporered·

322 670 459 766 dimur
486 671 536 746 ad
574 669 664 746 eius
705 667 966 770 beneplacita
996 673 1037 744 et
1066 671 1182 766 grata
1224 661 1418 765 dispositi

323 791 407 869 ieta
434 797 589 878 mente,
627 789 820 889 dignetur
848 795 889 866 et
916 786 1016 863 veiit
1045 785 1240 864 ordinare
1281 781 1419 862 eiflca·

323 911 432 990 citer
447 918 489 988 et
513 934 607 987 cum
635 909 788 988 effectu
817 909 1027 997 mandare,
1055 907 1169 1009 quod
1197 905 1296 1008 ipsis
1324 927 1418 981 nos·

274 1041 276 1044 ’
320 1031 395 1108 tris
430 1028 625 1108 fidelibus
652 1029 704 1106 de
733 1025 944 1126 Ragusi03
975 1049 1151 1130 quorum
1193 1023 1420 1104 commoda

320 1157 364 1228 et
390 1155 659 1250 augmentum
686 1157 901 1251 tamquam
928 1146 1085 1226 bonum
1113 1147 1333 1251 proprium
1358 1167 1418 1220 re·

321 1281 538 1368 putamus.
581 1275 623 1343 et
665 1269 871 1345 continue
912 1269 1222 1370 procurandum
1263 1265 1314 1343 de
1342 1263 1423 1342 hiis

322 1409 428 1488 quae
457 1387 585 1463 abeis
612 1387 797 1466 indebite
825 1397 920 1464 sunt
948 1385 1095 1478 ablata,
1124 1412 1173 1463 ac
1202 1387 1254 1465 de
1283 1384 1420 1486 damp-

320 1509 384 1584 nis
411 1509 612 1607 singuiis‚
644 1510 915 1608 gravitatibus
946 1515 988 1586 et
1015 1507 1217 1585 molestiis
1248 1507 1309 1582 eis
1339 1530 1419 1607 per

323 1625 462 1706 otiicia
504 1631 619 1729 regis
661 1631 871 1726 irrogatis
899 1630 969 1708 flat
1006 1627 1235 1706 satisfactio
1277 1621 1419 1703 debita

321 1756 363 1827 et
379 1751 599 1850 condigna,
626 1751 765 1827 taliter
791 1752 906 1851 quod
934 1749 1117 1828 habeant
1144 1748 1296 1826 merito
1324 1771 1419 1824 con·

321 1871 472 1950 tentari
509 1877 551 1949 et
588 1871 647 1948 eis
689 1895 811 1949 causa
855 1872 1080 1973 quaerelae
1123 1870 1295 1972 ampiuis
1336 1891 1418 1944 non

321 1991 516 2091 supersit.
571 1989 739 2069 Mandet
768 2015 939 2093 quoque
968 2001 1010 2069 et
1037 2015 1111 2068 sua
1151 1991 1265 2069 ciara
1305 1982 1417 2066 sere-

320 2109 425 2188 nitas
453 2117 496 2187 et
525 2111 692 2189 ordinet
721 2137 816 2189 cum
845 2111 1010 2199 effectu,
1041 2110 1154 2212 quod
1181 2110 1259 2213 ipsi
1287 2105 1418 2207 Ragn-

321 2225 378 2303 xii
418 2226 651 2330 privilegiis
694 2237 736 2308 et
776 2229 1088 2331 provisionibus
1128 2231 1334 2330 gaudeant
1370 2249 1420 2304 ac

322 2347 648 2426 immunitatibus
691 2359 733 2428 ct
789 2349 1007 2432 beneficiis
1059 2353 1100 2428 in
1142 2373 1274 2450 regno
1329 2370 1419 2438 suo,

203 2484 214 2503 “
323 2469 514 2568 quibusa
542 2469 681 2570 longis
711 2480 828 2549 retro
858 2469 1123 2572 temporibus
1151 2478 1247 2547 suut
1275 2465 1419 2568 gavisi,

322 2590 379 2664 ita
408 2595 453 2666 ut
480 2593 683 2670 restitutis
712 2599 754 2671 et
780 2593 1003 2672 satisfactis
1032 2593 1220 2694 dampnis
1248 2590 1415 2691 quibus·

324 2709 436 2798 tibet,
461 2719 504 2788 et
531 2716 682 2793 amotis
708 2716 979 2816 gravitatibus
1008 2721 1049 2791 et
1077 2711 1282 2791 molestiis
1310 2711 1419 2787 inso-

324 2831 406 2910 iitis
436 2833 774 2938 quibuscunque,
800 2838 881 2940 ipsi
905 2833 1103 2936 Ragusini
1119 2835 1159 2911 in
1175 2857 1310 2933 regno
1339 2856 1417 2908 suo

324 2953 568 3030 conversari
595 2956 756 3057 possint
771 2964 814 3034 et
840 2957 1023 3036 mercari
1050 2956 1161 3034 sicut
1190 2975 1423 3032 consueve-

324 3079 415 3150 rant
449 3081 545 3152 ante
572 3073 647 3152 bas
674 3061 881 3156 novitates
911 3086 953 3156 et
981 3076 1169 3180 dampna,
1196 3075 1282 3151 boc
1312 3069 1421 3151 enim

323 3215 424 3272 suae
470 3195 698 3293 majestatis
740 3199 952 3277 honorem
983 3205 1025 3274 ct
1051 3197 1180 3274 decus
1207 3191 1422 3296 respiciet,

324 3321 367 3390 et
406 3313 569 3394 fructus
611 3323 653 3393 et
693 3317 846 3396 utititas
897 3341 1046 3417 magna
1087 3313 1302 3421 parabitur
1342 3311 1422 3391 toti

323 3457 472 3533 regno,
501 3461 580 3512 nos
609 3459 779 3537 quoque
809 3437 908 3515 iicet
935 3443 1158 3540 promptos
1195 3435 1356 3534 dudum
1380 3431 1421 3508 in

326 3555 501 3656 singulis
545 3561 635 3655 ejus
691 3558 971 3658 beneplacitis
1025 3557 1218 3661 reperire
1272 3563 1427 3658 potue·

243 3744 250 3759 ,
324 3677 402 3772 rit,
433 3676 615 3754 inveniet
670 3677 720 3755 ad
750 3679 897 3757 eadem
939 3678 1113 3778 singuiis
1154 3675 1420 3780 temporibus
1469 3715 1475 3732 ·

323 3799 636 3900 prompciores.
665 3799 715 3876 nt
748 3827 842 3880 cum
869 3801 949 3880 hiis
967 3801 1113 3880 etaliis
1143 3797 1283 3876 verbis
1312 3821 1420 3899 quae

325 3915 574 3996 videbuntur
639 3923 811 4002 domino
869 3921 1118 4004 consiliariis
1182 3926 1225 3997 et
1279 3913 1427 4020 capiti

326 4037 416 4124 bus,
444 4047 650 4139 procuret
676 4065 808 4144 penes
837 4045 973 4145 ipsum
1002 4040 1215 4117 dominum
1238 4035 1422 4140 impera·
