<?xml version="1.0" encoding="UTF-8"?>
<!DOCTYPE html PUBLIC "-//W3C//DTD XHTML 1.0 Transitional//EN"
    "http://www.w3.org/TR/xhtml1/DTD/xhtml1-transitional.dtd">
<html xmlns="http://www.w3.org/1999/xhtml" xml:lang="en" lang="en">
 <head>
  <title>
</title>
<meta http-equiv="Content-Type" content="text/html;charset=utf-8" />
  <meta name='ocr-system' content='tesseract 3.04.00' />
  <meta name='ocr-capabilities' content='ocr_page ocr_carea ocr_par ocr_line ocrx_word'/>
</head>
<body>
  <div class='ocr_page' id='page_1' title='image "./actaarchivivene00sergoog_0838.png"; bbox 0 0 3226 5112; ppageno 0'>
   <div class='ocr_carea' id='block_1_1' title="bbox 367 531 1457 634">
    <p class='ocr_par' dir='ltr' id='par_1_1' title="bbox 367 531 1457 634">
     <span class='ocr_line' id='line_1_1' title="bbox 367 531 1457 634; baseline 0.002 -22"><span class='ocrx_word' id='word_1_1' title='bbox 367 533 848 634; x_wconf 86' lang='lat' dir='ltr'>producerevoluerint,</span> <span class='ocrx_word' id='word_1_2' title='bbox 876 540 958 628; x_wconf 83' lang='lat' dir='ltr'>tam</span> <span class='ocrx_word' id='word_1_3' title='bbox 988 531 1174 634; x_wconf 81' lang='lat' dir='ltr'>dejure,</span> <span class='ocrx_word' id='word_1_4' title='bbox 1202 535 1457 634; x_wconf 80' lang='lat' dir='ltr'>etJurisior·</span> 
     </span>
    </p>
   </div>
   <div class='ocr_carea' id='block_1_2' title="bbox 368 653 1590 756">
    <p class='ocr_par' dir='ltr' id='par_1_2' title="bbox 368 653 1590 756">
     <span class='ocr_line' id='line_1_2' title="bbox 368 653 1590 756; baseline -0.003 -23"><span class='ocrx_word' id='word_1_5' title='bbox 368 677 448 746; x_wconf 85' lang='lat' dir='ltr'>ma,</span> <span class='ocrx_word' id='word_1_6' title='bbox 476 679 598 756; x_wconf 87' lang='lat' dir='ltr'>quam</span> <span class='ocrx_word' id='word_1_7' title='bbox 627 656 679 732; x_wconf 86' lang='lat' dir='ltr'>de</span> <span class='ocrx_word' id='word_1_8' title='bbox 716 653 886 732; x_wconf 89' lang='lat' dir='ltr'>comuni</span> <span class='ocrx_word' id='word_1_9' title='bbox 911 654 1174 744; x_wconf 87' lang='lat' dir='ltr'>concordio,</span> <span class='ocrx_word' id='word_1_10' title='bbox 1214 664 1257 733; x_wconf 88' lang='lat' dir='ltr'>et</span> <span class='ocrx_word' id='word_1_11' title='bbox 1295 680 1457 745; x_wconf 90' lang='lat' dir='ltr'>amore,</span> <span class='ocrx_word' id='word_1_12' title='bbox 1589 657 1590 732; x_wconf 77' lang='grc' dir='ltr'>ἶ</span> 
     </span>
    </p>
   </div>
   <div class='ocr_carea' id='block_1_3' title="bbox 329 772 1458 2323">
    <p class='ocr_par' dir='ltr' id='par_1_3' title="bbox 329 772 1458 2323">
     <span class='ocr_line' id='line_1_3' title="bbox 368 772 1457 874; baseline 0 -24"><span class='ocrx_word' id='word_1_13' title='bbox 368 774 491 850; x_wconf 91' lang='lat' dir='ltr'>sicuti</span> <span class='ocrx_word' id='word_1_14' title='bbox 517 773 617 874; x_wconf 91' lang='lat' dir='ltr'>ipsis</span> <span class='ocrx_word' id='word_1_15' title='bbox 646 772 853 852; x_wconf 90' lang='lat' dir='ltr'>ambobus</span> <span class='ocrx_word' id='word_1_16' title='bbox 889 773 939 850; x_wconf 93' lang='lat' dir='ltr'>ad</span> <span class='ocrx_word' id='word_1_17' title='bbox 968 775 1171 854; x_wconf 88' lang='lat' dir='ltr'>maiorem</span> <span class='ocrx_word' id='word_1_18' title='bbox 1206 774 1457 853; x_wconf 87' lang='lat' dir='ltr'>confirmati·</span> 
     </span>
     <span class='ocr_line' id='line_1_4' title="bbox 370 893 1456 998; baseline 0.003 -27"><span class='ocrx_word' id='word_1_19' title='bbox 370 918 507 981; x_wconf 89' lang='lat' dir='ltr'>onem,</span> <span class='ocrx_word' id='word_1_20' title='bbox 535 893 856 972; x_wconf 81' lang='lat' dir='ltr'><strong>stabilimentum</strong></span> <span class='ocrx_word' id='word_1_21' title='bbox 884 904 926 973; x_wconf 90' lang='lat' dir='ltr'>et</span> <span class='ocrx_word' id='word_1_22' title='bbox 954 895 1085 971; x_wconf 90' lang='lat' dir='ltr'>robur</span> <span class='ocrx_word' id='word_1_23' title='bbox 1114 896 1228 974; x_wconf 87' lang='lat' dir='ltr'>dicte</span> <span class='ocrx_word' id='word_1_24' title='bbox 1243 895 1360 998; x_wconf 89' lang='lat' dir='ltr'>pacis</span> <span class='ocrx_word' id='word_1_25' title='bbox 1376 921 1456 974; x_wconf 85' lang='lat' dir='ltr'>nra·</span> 
     </span>
     <span class='ocr_line' id='line_1_5' title="bbox 329 1014 1457 1119; baseline 0 -27"><span class='ocrx_word' id='word_1_26' title='bbox 329 1015 333 1028; x_wconf 89' lang='lat'><em>&#39;</em></span> <span class='ocrx_word' id='word_1_27' title='bbox 369 1014 432 1114; x_wconf 81' lang='lat' dir='ltr'>gis</span> <span class='ocrx_word' id='word_1_28' title='bbox 461 1015 703 1092; x_wconf 75' lang='lat' dir='ltr'>conducere</span> <span class='ocrx_word' id='word_1_29' title='bbox 731 1014 958 1094; x_wconf 85' lang='lat' dir='ltr'>videretur.</span> <span class='ocrx_word' id='word_1_30' title='bbox 1010 1015 1278 1119; x_wconf 75' lang='lat' dir='ltr'>Quapropter</span> <span class='ocrx_word' id='word_1_31' title='bbox 1313 1023 1457 1119; x_wconf 84' lang='lat' dir='ltr'>partes</span> 
     </span>
     <span class='ocr_line' id='line_1_6' title="bbox 368 1133 1457 1238; baseline 0.003 -28"><span class='ocrx_word' id='word_1_32' title='bbox 368 1133 558 1238; x_wconf 80' lang='lat' dir='ltr'>predicte</span> <span class='ocrx_word' id='word_1_33' title='bbox 587 1134 834 1214; x_wconf 86' lang='lat' dir='ltr'>unanimiter</span> <span class='ocrx_word' id='word_1_34' title='bbox 861 1137 1137 1216; x_wconf 90' lang='lat' dir='ltr'>concorditer</span> <span class='ocrx_word' id='word_1_35' title='bbox 1163 1145 1206 1216; x_wconf 87' lang='lat' dir='ltr'>et</span> <span class='ocrx_word' id='word_1_36' title='bbox 1234 1137 1457 1217; x_wconf 82' lang='lat' dir='ltr'>amicabili·</span> 
     </span>
     <span class='ocr_line' id='line_1_7' title="bbox 369 1255 1457 1355; baseline 0.006 -25"><span class='ocrx_word' id='word_1_37' title='bbox 369 1261 446 1345; x_wconf 87' lang='lat' dir='ltr'>ter,</span> <span class='ocrx_word' id='word_1_38' title='bbox 473 1264 518 1334; x_wconf 90' lang='lat' dir='ltr'>nt</span> <span class='ocrx_word' id='word_1_39' title='bbox 543 1255 676 1334; x_wconf 92' lang='lat' dir='ltr'>omnis</span> <span class='ocrx_word' id='word_1_40' title='bbox 692 1255 772 1333; x_wconf 88' lang='lat' dir='ltr'>litis</span> <span class='ocrx_word' id='word_1_41' title='bbox 788 1265 829 1333; x_wconf 86' lang='lat' dir='ltr'>et</span> <span class='ocrx_word' id='word_1_42' title='bbox 845 1256 1035 1355; x_wconf 86' lang='lat' dir='ltr'>disturbij</span> <span class='ocrx_word' id='word_1_43' title='bbox 1064 1263 1310 1336; x_wconf 87' lang='lat' dir='ltr'>amoveatur</span> <span class='ocrx_word' id='word_1_44' title='bbox 1337 1283 1457 1338; x_wconf 90' lang='lat' dir='ltr'>occa·</span> 
     </span>
     <span class='ocr_line' id='line_1_8' title="bbox 369 1375 1457 1480; baseline 0.002 -28"><span class='ocrx_word' id='word_1_45' title='bbox 369 1375 449 1460; x_wconf 86' lang='lat' dir='ltr'>sio,</span> <span class='ocrx_word' id='word_1_46' title='bbox 475 1382 603 1477; x_wconf 88' lang='lat' dir='ltr'>utque</span> <span class='ocrx_word' id='word_1_47' title='bbox 632 1401 714 1475; x_wconf 89' lang='lat' dir='ltr'>pax</span> <span class='ocrx_word' id='word_1_48' title='bbox 743 1375 1002 1476; x_wconf 81' lang='lat' dir='ltr'>fraternitas,</span> <span class='ocrx_word' id='word_1_49' title='bbox 1033 1385 1075 1456; x_wconf 89' lang='lat' dir='ltr'>et</span> <span class='ocrx_word' id='word_1_50' title='bbox 1103 1375 1283 1456; x_wconf 87' lang='lat' dir='ltr'>amicitia</span> <span class='ocrx_word' id='word_1_51' title='bbox 1309 1401 1457 1480; x_wconf 88' lang='lat' dir='ltr'>porpe-</span> 
     </span>
     <span class='ocr_line' id='line_1_9' title="bbox 370 1493 1454 1597; baseline 0.006 -27"><span class='ocrx_word' id='word_1_52' title='bbox 370 1493 451 1572; x_wconf 91' lang='lat' dir='ltr'>tuis</span> <span class='ocrx_word' id='word_1_53' title='bbox 480 1497 745 1597; x_wconf 81' lang='lat' dir='ltr'>temporibus</span> <span class='ocrx_word' id='word_1_54' title='bbox 774 1497 924 1576; x_wconf 87' lang='lat' dir='ltr'>nedum</span> <span class='ocrx_word' id='word_1_55' title='bbox 955 1503 1262 1584; x_wconf 85' lang='lat' dir='ltr'>conservetur,</span> <span class='ocrx_word' id='word_1_56' title='bbox 1303 1506 1346 1576; x_wconf 87' lang='lat' dir='ltr'>et</span> <span class='ocrx_word' id='word_1_57' title='bbox 1374 1522 1454 1576; x_wconf 89' lang='lat' dir='ltr'>ma·</span> 
     </span>
     <span class='ocr_line' id='line_1_10' title="bbox 369 1615 1457 1705; baseline 0.002 -11"><span class='ocrx_word' id='word_1_58' title='bbox 369 1622 632 1705; x_wconf 88' lang='lat' dir='ltr'>nuteneatur,</span> <span class='ocrx_word' id='word_1_59' title='bbox 659 1643 804 1696; x_wconf 88' lang='lat' dir='ltr'>verum</span> <span class='ocrx_word' id='word_1_60' title='bbox 822 1624 997 1697; x_wconf 88' lang='lat' dir='ltr'>auctore</span> <span class='ocrx_word' id='word_1_61' title='bbox 1025 1621 1106 1696; x_wconf 89' lang='lat' dir='ltr'>deo</span> <span class='ocrx_word' id='word_1_62' title='bbox 1135 1615 1285 1696; x_wconf 81' lang='lat' dir='ltr'>fortius</span> <span class='ocrx_word' id='word_1_63' title='bbox 1307 1617 1457 1696; x_wconf 86' lang='lat' dir='ltr'>solide·</span> 
     </span>
     <span class='ocr_line' id='line_1_11' title="bbox 371 1735 1455 1837; baseline -0.001 -23"><span class='ocrx_word' id='word_1_64' title='bbox 371 1744 451 1829; x_wconf 86' lang='lat' dir='ltr'>tur,</span> <span class='ocrx_word' id='word_1_65' title='bbox 495 1735 651 1830; x_wconf 84' lang='lat' dir='ltr'>Christi</span> <span class='ocrx_word' id='word_1_66' title='bbox 678 1742 720 1813; x_wconf 89' lang='lat' dir='ltr'>et</span> <span class='ocrx_word' id='word_1_67' title='bbox 749 1737 987 1816; x_wconf 87' lang='lat' dir='ltr'>beatissime</span> <span class='ocrx_word' id='word_1_68' title='bbox 1001 1738 1182 1837; x_wconf 83' lang='lat' dir='ltr'>Virginis</span> <span class='ocrx_word' id='word_1_69' title='bbox 1208 1739 1351 1818; x_wconf 86' lang='lat' dir='ltr'>matris</span> <span class='ocrx_word' id='word_1_70' title='bbox 1366 1741 1455 1836; x_wconf 88' lang='lat' dir='ltr'>ejus</span> 
     </span>
     <span class='ocr_line' id='line_1_12' title="bbox 369 1857 1454 1958; baseline 0.001 -24"><span class='ocrx_word' id='word_1_71' title='bbox 369 1857 537 1934; x_wconf 89' lang='lat' dir='ltr'>nomine</span> <span class='ocrx_word' id='word_1_72' title='bbox 552 1857 765 1944; x_wconf 87' lang='lat' dir='ltr'>invocato,</span> <span class='ocrx_word' id='word_1_73' title='bbox 794 1860 908 1936; x_wconf 89' lang='lat' dir='ltr'>omni</span> <span class='ocrx_word' id='word_1_74' title='bbox 922 1859 1062 1950; x_wconf 89' lang='lat' dir='ltr'>modo,</span> <span class='ocrx_word' id='word_1_75' title='bbox 1076 1858 1153 1949; x_wconf 83' lang='lat' dir='ltr'>via,</span> <span class='ocrx_word' id='word_1_76' title='bbox 1176 1862 1289 1958; x_wconf 87' lang='lat' dir='ltr'>jure.</span> <span class='ocrx_word' id='word_1_77' title='bbox 1317 1858 1454 1938; x_wconf 85' lang='lat' dir='ltr'>etfor·</span> 
     </span>
     <span class='ocr_line' id='line_1_13' title="bbox 371 1979 1458 2085; baseline 0 -29"><span class='ocrx_word' id='word_1_78' title='bbox 371 2001 450 2067; x_wconf 88' lang='lat' dir='ltr'>ma,</span> <span class='ocrx_word' id='word_1_79' title='bbox 492 1979 643 2080; x_wconf 89' lang='lat' dir='ltr'>quibus</span> <span class='ocrx_word' id='word_1_80' title='bbox 670 1981 799 2080; x_wconf 81' lang='lat' dir='ltr'>magis</span> <span class='ocrx_word' id='word_1_81' title='bbox 835 1987 877 2062; x_wconf 89' lang='lat' dir='ltr'>et</span> <span class='ocrx_word' id='word_1_82' title='bbox 906 1980 1110 2060; x_wconf 87' lang='lat' dir='ltr'>efficatius</span> <span class='ocrx_word' id='word_1_83' title='bbox 1137 1987 1387 2085; x_wconf 81' lang='lat' dir='ltr'>potuerunt,</span> <span class='ocrx_word' id='word_1_84' title='bbox 1415 1986 1458 2056; x_wconf 91' lang='lat' dir='ltr'>et</span> 
     </span>
     <span class='ocr_line' id='line_1_14' title="bbox 370 2083 1457 2204; baseline 0.002 -28"><span class='ocrx_word' id='word_1_85' title='bbox 370 2099 609 2178; x_wconf 87' lang='lat' dir='ltr'>debuerunt</span> <span class='ocrx_word' id='word_1_86' title='bbox 636 2125 687 2179; x_wconf 91' lang='lat' dir='ltr'>ac</span> <span class='ocrx_word' id='word_1_87' title='bbox 714 2102 871 2181; x_wconf 86' lang='lat' dir='ltr'>debent</span> <span class='ocrx_word' id='word_1_88' title='bbox 905 2109 947 2178; x_wconf 91' lang='lat' dir='ltr'>et</span> <span class='ocrx_word' id='word_1_89' title='bbox 973 2109 1162 2204; x_wconf 85' lang='lat' dir='ltr'>possunt,</span> <span class='ocrx_word' id='word_1_90' title='bbox 1190 2102 1323 2180; x_wconf 88' lang='lat' dir='ltr'>dictas</span> <span class='ocrx_word' id='word_1_91' title='bbox 1352 2083 1457 2178; x_wconf 82' lang='lat' dir='ltr'>diffe-</span> 
     </span>
     <span class='ocr_line' id='line_1_15' title="bbox 372 2217 1456 2323; baseline 0.002 -27"><span class='ocrx_word' id='word_1_92' title='bbox 372 2217 548 2309; x_wconf 88' lang='lat' dir='ltr'>rentias,</span> <span class='ocrx_word' id='word_1_93' title='bbox 577 2227 619 2298; x_wconf 89' lang='lat' dir='ltr'>et</span> <span class='ocrx_word' id='word_1_94' title='bbox 647 2221 826 2322; x_wconf 79' lang='lat' dir='ltr'>capitula</span> <span class='ocrx_word' id='word_1_95' title='bbox 853 2225 1121 2302; x_wconf 85' lang='lat' dir='ltr'>deduxerunt</span> <span class='ocrx_word' id='word_1_96' title='bbox 1148 2222 1199 2303; x_wconf 89' lang='lat' dir='ltr'>ad</span> <span class='ocrx_word' id='word_1_97' title='bbox 1224 2219 1456 2323; x_wconf 82' lang='lat' dir='ltr'>infrascrip·</span> 
     </span>
    </p>
   </div>
   <div class='ocr_carea' id='block_1_4' title="bbox 251 2340 1456 2446">
    <p class='ocr_par' dir='ltr' id='par_1_4' title="bbox 251 2340 1456 2446">
     <span class='ocr_line' id='line_1_16' title="bbox 251 2340 1456 2446; baseline 0.001 -29"><span class='ocrx_word' id='word_1_98' title='bbox 251 2379 254 2386; x_wconf 93' lang='lat'>·</span> <span class='ocrx_word' id='word_1_99' title='bbox 371 2349 456 2417; x_wconf 88' lang='lat' dir='ltr'>tum</span> <span class='ocrx_word' id='word_1_100' title='bbox 472 2341 763 2435; x_wconf 88' lang='lat' dir='ltr'>concordium,</span> <span class='ocrx_word' id='word_1_101' title='bbox 779 2342 925 2436; x_wconf 85' lang='lat' dir='ltr'>modis,</span> <span class='ocrx_word' id='word_1_102' title='bbox 941 2342 1251 2424; x_wconf 87' lang='lat' dir='ltr'>conditionibus</span> <span class='ocrx_word' id='word_1_103' title='bbox 1267 2349 1309 2421; x_wconf 86' lang='lat' dir='ltr'>et</span> <span class='ocrx_word' id='word_1_104' title='bbox 1321 2340 1456 2446; x_wconf 87' lang='lat' dir='ltr'>pactis</span> 
     </span>
    </p>
   </div>
   <div class='ocr_carea' id='block_1_5' title="bbox 370 2461 1458 3288">
    <p class='ocr_par' dir='ltr' id='par_1_5' title="bbox 370 2461 1458 3288">
     <span class='ocr_line' id='line_1_17' title="bbox 373 2461 1457 2544; baseline 0.002 -4"><span class='ocrx_word' id='word_1_105' title='bbox 373 2461 547 2540; x_wconf 87' lang='lat' dir='ltr'>inferius</span> <span class='ocrx_word' id='word_1_106' title='bbox 562 2462 754 2542; x_wconf 86' lang='lat' dir='ltr'>distincte</span> <span class='ocrx_word' id='word_1_107' title='bbox 770 2465 985 2544; x_wconf 87' lang='lat' dir='ltr'>annotatis.</span> <span class='ocrx_word' id='word_1_108' title='bbox 1011 2465 1063 2544; x_wconf 80' lang='lat' dir='ltr'>lu</span> <span class='ocrx_word' id='word_1_109' title='bbox 1077 2464 1191 2542; x_wconf 86' lang='lat' dir='ltr'>circa</span> <span class='ocrx_word' id='word_1_110' title='bbox 1206 2461 1457 2542; x_wconf 82' lang='lat' dir='ltr'>differentias</span> 
     </span>
     <span class='ocr_line' id='line_1_18' title="bbox 370 2582 1455 2687; baseline 0.004 -27"><span class='ocrx_word' id='word_1_111' title='bbox 370 2588 611 2687; x_wconf 81' lang='lat' dir='ltr'>spectantes</span> <span class='ocrx_word' id='word_1_112' title='bbox 632 2582 782 2664; x_wconf 85' lang='lat' dir='ltr'>illustri</span> <span class='ocrx_word' id='word_1_113' title='bbox 805 2585 977 2664; x_wconf 92' lang='lat' dir='ltr'>domino</span> <span class='ocrx_word' id='word_1_114' title='bbox 1003 2585 1182 2686; x_wconf 88' lang='lat' dir='ltr'>desp&#39;oto</span> <span class='ocrx_word' id='word_1_115' title='bbox 1208 2591 1252 2661; x_wconf 91' lang='lat' dir='ltr'>et</span> <span class='ocrx_word' id='word_1_116' title='bbox 1276 2585 1455 2686; x_wconf 83' lang='lat' dir='ltr'>capituto</span> 
     </span>
     <span class='ocr_line' id='line_1_19' title="bbox 370 2702 1458 2784; baseline 0.001 -3"><span class='ocrx_word' id='word_1_117' title='bbox 370 2729 457 2782; x_wconf 88' lang='lat' dir='ltr'>non</span> <span class='ocrx_word' id='word_1_118' title='bbox 472 2703 682 2784; x_wconf 83' lang='lat' dir='ltr'>declarato</span> <span class='ocrx_word' id='word_1_119' title='bbox 696 2705 736 2780; x_wconf 88' lang='lat' dir='ltr'>in</span> <span class='ocrx_word' id='word_1_120' title='bbox 754 2703 929 2782; x_wconf 76' lang='lat' dir='ltr'>cataro:</span> <span class='ocrx_word' id='word_1_121' title='bbox 956 2705 1051 2782; x_wconf 89' lang='lat' dir='ltr'>Pri</span> <span class='ocrx_word' id='word_1_122' title='bbox 1067 2729 1105 2782; x_wconf 92' lang='lat' dir='ltr'>rn</span> <span class='ocrx_word' id='word_1_123' title='bbox 1123 2733 1149 2784; x_wconf 90' lang='lat' dir='ltr'>o</span> <span class='ocrx_word' id='word_1_124' title='bbox 1177 2702 1377 2782; x_wconf 86' lang='lat' dir='ltr'>videlicet</span> <span class='ocrx_word' id='word_1_125' title='bbox 1391 2703 1458 2782; x_wconf 87' lang='lat' dir='ltr'>obi</span> 
     </span>
     <span class='ocr_line' id='line_1_20' title="bbox 370 2824 1457 2928; baseline -0.001 -24"><span class='ocrx_word' id='word_1_126' title='bbox 370 2825 541 2904; x_wconf 80' lang='lat' dir='ltr'>illustris</span> <span class='ocrx_word' id='word_1_127' title='bbox 580 2824 771 2902; x_wconf 85' lang='lat' dir='ltr'>dominns</span> <span class='ocrx_word' id='word_1_128' title='bbox 812 2825 1016 2928; x_wconf 88' lang='lat' dir='ltr'>despotus</span> <span class='ocrx_word' id='word_1_129' title='bbox 1046 2825 1260 2928; x_wconf 87' lang='lat' dir='ltr'>predictus</span> <span class='ocrx_word' id='word_1_130' title='bbox 1287 2825 1457 2928; x_wconf 79' lang='lat' dir='ltr'>petebat</span> 
     </span>
     <span class='ocr_line' id='line_1_21' title="bbox 371 2943 1458 3048; baseline -0.001 -25"><span class='ocrx_word' id='word_1_131' title='bbox 371 2947 551 3024; x_wconf 89' lang='lat' dir='ltr'>ducatos</span> <span class='ocrx_word' id='word_1_132' title='bbox 568 2969 719 3040; x_wconf 88' lang='lat' dir='ltr'>novem</span> <span class='ocrx_word' id='word_1_133' title='bbox 749 2943 877 3038; x_wconf 83' lang='lat' dir='ltr'>milio,</span> <span class='ocrx_word' id='word_1_134' title='bbox 904 2969 983 3048; x_wconf 94' lang='lat' dir='ltr'>pro</span> <span class='ocrx_word' id='word_1_135' title='bbox 1000 2945 1113 3022; x_wconf 85' lang='lat' dir='ltr'>mille</span> <span class='ocrx_word' id='word_1_136' title='bbox 1134 2943 1327 3036; x_wconf 88' lang='lat' dir='ltr'>ducatos,</span> <span class='ocrx_word' id='word_1_137' title='bbox 1355 2969 1458 3046; x_wconf 86' lang='lat' dir='ltr'>quos</span> 
     </span>
     <span class='ocr_line' id='line_1_22' title="bbox 372 3063 1456 3169; baseline -0.002 -25"><span class='ocrx_word' id='word_1_138' title='bbox 372 3066 552 3145; x_wconf 86' lang='lat' dir='ltr'>annatim</span> <span class='ocrx_word' id='word_1_139' title='bbox 579 3066 804 3169; x_wconf 88' lang='lat' dir='ltr'>percipere</span> <span class='ocrx_word' id='word_1_140' title='bbox 832 3065 958 3143; x_wconf 87' lang='lat' dir='ltr'>debet</span> <span class='ocrx_word' id='word_1_141' title='bbox 984 3065 1037 3142; x_wconf 90' lang='lat' dir='ltr'>de</span> <span class='ocrx_word' id='word_1_142' title='bbox 1063 3063 1304 3143; x_wconf 88' lang='lat' dir='ltr'>introitibus</span> <span class='ocrx_word' id='word_1_143' title='bbox 1325 3088 1456 3143; x_wconf 86' lang='lat' dir='ltr'>camo·</span> 
     </span>
     <span class='ocr_line' id='line_1_23' title="bbox 372 3183 1457 3288; baseline 0.001 -26"><span class='ocrx_word' id='word_1_144' title='bbox 372 3210 419 3262; x_wconf 89' lang='lat' dir='ltr'>re</span> <span class='ocrx_word' id='word_1_145' title='bbox 447 3184 627 3279; x_wconf 68' lang='lat' dir='ltr'>scotori,</span> <span class='ocrx_word' id='word_1_146' title='bbox 656 3187 707 3265; x_wconf 88' lang='lat' dir='ltr'>de</span> <span class='ocrx_word' id='word_1_147' title='bbox 724 3187 872 3288; x_wconf 85' lang='lat' dir='ltr'>quihus</span> <span class='ocrx_word' id='word_1_148' title='bbox 887 3186 1001 3263; x_wconf 87' lang='lat' dir='ltr'>annis</span> <span class='ocrx_word' id='word_1_149' title='bbox 1017 3209 1167 3264; x_wconf 89' lang='lat' dir='ltr'>novem</span> <span class='ocrx_word' id='word_1_150' title='bbox 1188 3185 1287 3262; x_wconf 88' lang='lat' dir='ltr'>nihii</span> <span class='ocrx_word' id='word_1_151' title='bbox 1301 3183 1457 3264; x_wconf 90' lang='lat' dir='ltr'>habuit.</span> 
     </span>
    </p>
   </div>
   <div class='ocr_carea' id='block_1_6' title="bbox 208 3305 1457 3408">
    <p class='ocr_par' dir='ltr' id='par_1_6' title="bbox 208 3305 1457 3408">
     <span class='ocr_line' id='line_1_24' title="bbox 208 3305 1457 3408; baseline -0.008 -16"><span class='ocrx_word' id='word_1_152' title='bbox 208 3381 213 3392; x_wconf 93' lang='lat'>.</span> <span class='ocrx_word' id='word_1_153' title='bbox 371 3307 392 3386; x_wconf 94' lang='lat' dir='ltr'>l</span> <span class='ocrx_word' id='word_1_154' title='bbox 407 3317 422 3386; x_wconf 96' lang='lat' dir='ltr'>t</span> <span class='ocrx_word' id='word_1_155' title='bbox 437 3333 461 3384; x_wconf 93' lang='lat' dir='ltr'>e</span> <span class='ocrx_word' id='word_1_156' title='bbox 477 3333 517 3384; x_wconf 94' lang='lat' dir='ltr'>m</span> <span class='ocrx_word' id='word_1_157' title='bbox 545 3306 616 3385; x_wconf 91' lang='lat' dir='ltr'>nbi</span> <span class='ocrx_word' id='word_1_158' title='bbox 642 3307 812 3408; x_wconf 74' lang='lat' dir='ltr'>petebat</span> <span class='ocrx_word' id='word_1_159' title='bbox 828 3306 1024 3384; x_wconf 89' lang='lat' dir='ltr'>denarios</span> <span class='ocrx_word' id='word_1_160' title='bbox 1040 3305 1110 3408; x_wconf 86' lang='lat' dir='ltr'>qui</span> <span class='ocrx_word' id='word_1_161' title='bbox 1125 3306 1263 3384; x_wconf 85' lang='lat' dir='ltr'>exacti</span> <span class='ocrx_word' id='word_1_162' title='bbox 1291 3305 1457 3382; x_wconf 86' lang='lat' dir='ltr'>fuerunt</span> 
     </span>
    </p>
   </div>
   <div class='ocr_carea' id='block_1_7' title="bbox 356 3423 1456 4254">
    <p class='ocr_par' dir='ltr' id='par_1_7' title="bbox 356 3423 1456 4254">
     <span class='ocr_line' id='line_1_25' title="bbox 373 3423 1454 3524; baseline -0.006 -20"><span class='ocrx_word' id='word_1_163' title='bbox 373 3453 396 3504; x_wconf 91' lang='lat' dir='ltr'>a</span> <span class='ocrx_word' id='word_1_164' title='bbox 422 3426 531 3502; x_wconf 86' lang='lat' dir='ltr'>villis</span> <span class='ocrx_word' id='word_1_165' title='bbox 553 3426 734 3518; x_wconf 77' lang='lat' dir='ltr'>hostico,</span> <span class='ocrx_word' id='word_1_166' title='bbox 754 3425 1104 3524; x_wconf 84' lang='lat' dir='ltr'>Bogdasitiorum,</span> <span class='ocrx_word' id='word_1_167' title='bbox 1133 3431 1175 3506; x_wconf 89' lang='lat' dir='ltr'>et</span> <span class='ocrx_word' id='word_1_168' title='bbox 1193 3423 1454 3506; x_wconf 86' lang='lat' dir='ltr'>Resevichio·</span> 
     </span>
     <span class='ocr_line' id='line_1_26' title="bbox 372 3542 1456 3651; baseline -0.004 -27"><span class='ocrx_word' id='word_1_169' title='bbox 372 3571 464 3626; x_wconf 90' lang='lat' dir='ltr'>rum</span> <span class='ocrx_word' id='word_1_170' title='bbox 494 3571 545 3627; x_wconf 89' lang='lat' dir='ltr'>ac</span> <span class='ocrx_word' id='word_1_171' title='bbox 573 3546 987 3651; x_wconf 49' lang='lat' dir='ltr'>Pastrovichiorum„</span> <span class='ocrx_word' id='word_1_172' title='bbox 1015 3547 1157 3622; x_wconf 90' lang='lat' dir='ltr'>ltem</span> <span class='ocrx_word' id='word_1_173' title='bbox 1186 3569 1282 3623; x_wconf 90' lang='lat' dir='ltr'>cum</span> <span class='ocrx_word' id='word_1_174' title='bbox 1310 3545 1363 3624; x_wconf 85' lang='lat' dir='ltr'>ab</span> <span class='ocrx_word' id='word_1_175' title='bbox 1387 3542 1456 3620; x_wconf 91' lang='lat' dir='ltr'>ho·</span> 
     </span>
     <span class='ocr_line' id='line_1_27' title="bbox 356 3659 1454 3771; baseline -0.008 -23"><span class='ocrx_word' id='word_1_176' title='bbox 356 3659 552 3748; x_wconf 73' lang='lat' dir='ltr'>&#39;minibus</span> <span class='ocrx_word' id='word_1_177' title='bbox 578 3669 785 3747; x_wconf 90' lang='lat' dir='ltr'>dictarum</span> <span class='ocrx_word' id='word_1_178' title='bbox 812 3669 1002 3748; x_wconf 86' lang='lat' dir='ltr'>villarum</span> <span class='ocrx_word' id='word_1_179' title='bbox 1032 3691 1108 3771; x_wconf 91' lang='lat' dir='ltr'>per</span> <span class='ocrx_word' id='word_1_180' title='bbox 1134 3664 1454 3750; x_wconf 81' lang='lat' dir='ltr'>illustrissimum</span> 
     </span>
     <span class='ocr_line' id='line_1_28' title="bbox 373 3786 1455 3888; baseline -0.003 -22"><span class='ocrx_word' id='word_1_181' title='bbox 373 3787 601 3867; x_wconf 87' lang='lat' dir='ltr'>dominium</span> <span class='ocrx_word' id='word_1_182' title='bbox 614 3788 888 3868; x_wconf 77' lang='lat' dir='ltr'>venetiarum</span> <span class='ocrx_word' id='word_1_183' title='bbox 905 3795 1100 3867; x_wconf 88' lang='lat' dir='ltr'>exactum</span> <span class='ocrx_word' id='word_1_184' title='bbox 1122 3786 1251 3866; x_wconf 86' lang='lat' dir='ltr'>fuerit</span> <span class='ocrx_word' id='word_1_185' title='bbox 1263 3809 1455 3888; x_wconf 84' lang='lat' dir='ltr'>yperper,</span> 
     </span>
     <span class='ocr_line' id='line_1_29' title="bbox 374 3905 1455 4012; baseline -0.004 -28"><span class='ocrx_word' id='word_1_186' title='bbox 374 3907 532 4012; x_wconf 87' lang='lat' dir='ltr'>etipse</span> <span class='ocrx_word' id='word_1_187' title='bbox 563 3907 864 3986; x_wconf 87' lang='lat' dir='ltr'>illustrissimus</span> <span class='ocrx_word' id='word_1_188' title='bbox 898 3908 1088 3986; x_wconf 79' lang='lat' dir='ltr'>dominus</span> <span class='ocrx_word' id='word_1_189' title='bbox 1125 3905 1326 4008; x_wconf 87' lang='lat' dir='ltr'>despotus</span> <span class='ocrx_word' id='word_1_190' title='bbox 1362 3911 1455 4007; x_wconf 87' lang='lat' dir='ltr'>post</span> 
     </span>
     <span class='ocr_line' id='line_1_30' title="bbox 374 4023 1454 4128; baseline -0.007 -22"><span class='ocrx_word' id='word_1_191' title='bbox 374 4028 706 4128; x_wconf 80' lang='lat' dir='ltr'>designationem</span> <span class='ocrx_word' id='word_1_192' title='bbox 734 4029 815 4107; x_wconf 91' lang='lat' dir='ltr'>sibi</span> <span class='ocrx_word' id='word_1_193' title='bbox 839 4029 891 4108; x_wconf 93' lang='lat' dir='ltr'>de</span> <span class='ocrx_word' id='word_1_194' title='bbox 919 4027 1041 4106; x_wconf 86' lang='lat' dir='ltr'>dictis</span> <span class='ocrx_word' id='word_1_195' title='bbox 1058 4025 1164 4105; x_wconf 86' lang='lat' dir='ltr'>villis</span> <span class='ocrx_word' id='word_1_196' title='bbox 1181 4025 1334 4104; x_wconf 86' lang='lat' dir='ltr'>factam</span> <span class='ocrx_word' id='word_1_197' title='bbox 1350 4023 1454 4121; x_wconf 79' lang='lat' dir='ltr'>exigi</span> 
     </span>
     <span class='ocr_line' id='line_1_31' title="bbox 377 4148 1453 4254; baseline -0.006 -28"><span class='ocrx_word' id='word_1_198' title='bbox 377 4149 529 4228; x_wconf 85' lang='lat' dir='ltr'>iecerit</span> <span class='ocrx_word' id='word_1_199' title='bbox 553 4151 761 4240; x_wconf 90' lang='lat' dir='ltr'>ducatum,</span> <span class='ocrx_word' id='word_1_200' title='bbox 783 4152 957 4254; x_wconf 89' lang='lat' dir='ltr'>petebat</span> <span class='ocrx_word' id='word_1_201' title='bbox 979 4150 1256 4228; x_wconf 81' lang='lat' dir='ltr'>reiectionem</span> <span class='ocrx_word' id='word_1_202' title='bbox 1273 4148 1325 4225; x_wconf 90' lang='lat' dir='ltr'>ab</span> <span class='ocrx_word' id='word_1_203' title='bbox 1340 4165 1453 4247; x_wconf 84' lang='lat' dir='ltr'>yper-</span> 
     </span>
    </p>
   </div>
   <div class='ocr_carea' id='block_1_8' title="bbox 0 0 1625 5112">
    <p class='ocr_par' dir='ltr' id='par_1_8' title="bbox 0 0 1625 5112">
     <span class='ocr_line' id='line_1_32' title="bbox 0 0 1625 5112; baseline 0 0"><span class='ocrx_word' id='word_1_204' title='bbox 0 0 1625 5112; x_wconf 95' lang='lat' dir='ltr'> </span> 
     </span>
    </p>
   </div>
  </div>
 </body>
</html>
