3206 5110
1173 385 1240 450 167

147 581 242 664 bitis
269 609 347 690 pen
375 609 469 672 eos,
499 591 543 663 et
585 585 638 664 de
676 584 912 666 intentione
955 588 1114 668 domini
1154 590 1241 670 des-

144 707 234 808 poti
275 706 422 784 venine
457 705 509 782 ed
538 728 687 808 pecem
795 763 805 784 .
837 713 880 784 et
908 691 1035 787 etiem
1077 710 1238 789 dedis·

142 825 350 926 positione
373 831 542 916 uestro,
584 824 821 906 destinandi
848 829 1000 925 iterum
1042 831 1096 908 od
1117 811 1242 932 “pnoe-

144 945 299 1023 dictum
329 946 543 1026 dominum
572 947 814 1050 despotum,
851 947 965 1028 iuxta
1003 950 1240 1051 requisitio·
1314 981 1318 1000 ·

144 1089 240 1146 nem
268 1091 396 1155 suam,
433 1069 548 1146 ittum
577 1066 725 1146 Osto
743 1068 876 1156 iem,
916 1071 1104 1149 nuntium
1131 1078 1241 1149 vest·

144 1211 248 1278 rum,
275 1189 500 1268 habentem
530 1191 642 1270 dicte
673 1215 798 1270 causo
828 1188 919 1268 eius
955 1192 1115 1273 salvum
1144 1214 1240 1271 eon·

143 1311 315 1388 ductum
353 1315 421 1387 eto
449 1365 459 1387 .
486 1365 496 1387 .
524 1365 535 1388 .
564 1311 662 1412 quie
704 1309 1031 1413 disponeremus
1070 1335 1241 1416 semper

141 1456 220 1514 nos
261 1429 442 1510 honeste
484 1431 534 1509 od
572 1435 681 1509 vium
725 1433 883 1532 pacis.
916 1491 926 1512 .
958 1490 967 1511 .
997 1436 1240 1514 mandemus

140 1555 262 1634 vobis
291 1609 301 1631 .
330 1607 380 1630 ..
420 1553 588 1630 mittere
630 1551 823 1631 debeatis
867 1556 918 1631 od
960 1553 1239 1659 praesentiam

139 1676 273 1782 ipsius
314 1663 470 1754 domini
512 1675 680 1776 despoti
719 1675 943 1778 providum
980 1676 1116 1755 vinum
1160 1675 1241 1754 Ser

139 1793 504 1876 Marinumde
535 1793 1236 1897 Drusco‚proutdictisvest·

140 1917 199 1994 ris
228 1913 376 1994 titteris
405 1913 528 1993 nobis
554 1913 738 2018 seriptis,
756 1911 808 1991 de
837 1915 1141 1994 eiusfidetitnte
1170 1913 1238 1992 be·

138 2061 193 2116 ne
222 2047 264 2116 et
292 2037 429 2141 ample
459 2034 735 2120 confidimus,
779 2036 847 2112 vet
890 2036 1074 2138 aliquem
1111 2037 1237 2116 otium

140 2157 265 2236 fidum
310 2163 352 2234 et
379 2161 520 2259 aptum
552 2211 560 2227 .
590 2217 597 2228 .
628 2211 636 2229 .
665 2154 716 2232 lu
757 2154 792 2230 si
833 2155 943 2234 idem
972 2155 1237 2236 Matrinus

138 2281 207 2360 uei
236 2276 338 2356 otius
369 2335 376 2351 .
406 2333 416 2354 .
444 2333 454 2352 .
482 2274 695 2378 reperiret
722 2273 992 2379 praedictum
1021 2276 1238 2355 dominum

140 2401 361 2503 despotum
405 2419 499 2473 oum
554 2394 835 2498 dispositione
875 2395 1047 2476 uolendi
1094 2395 1237 2474 venire

139 2525 192 2602 ad
222 2543 371 2624 paoem
401 2539 497 2594 oum
526 2527 675 2596 nostro
704 2517 937 2604 dominio„
967 2573 977 2596 .
1008 2573 1018 2594 .
1051 2515 1157 2597 detis
1186 2519 1236 2595 si·

141 2641 181 2719 bi
212 2643 452 2719 libertatem
479 2639 519 2716 in
548 2639 632 2715 boo
661 2657 774 2729 eesu,
802 2637 1081 2716 existentibus
1108 2641 1236 2748 rebus

140 2764 181 2842 in
211 2761 399 2842 terminis
444 2765 486 2836 et
513 2783 605 2838 esso
633 2757 674 2836 iu
702 2758 853 2860 quibus
883 2764 1027 2846 erant,
1070 2755 1235 2862 quondo

141 2881 301 2962 ieoistis
336 2881 543 2986 protioom
580 2877 824 2981 praedictae
851 2881 994 2982 pacis,
1034 2877 1237 2983 possendi

141 3007 271 3109 ipsum
313 3023 463 3106 paoem
506 2998 763 3080 oonotudene
817 2995 858 3077 in
899 3001 1073 3078 modum
1112 2999 1233 3078 inim·

140 3123 344 3227 seriptum
373 3119 596 3198 videiioet:

244 3299 254 3320 .
281 3299 291 3320 .
320 3299 330 3321 .
357 3241 493 3320 dietus
521 3239 715 3321 domiuus
742 3247 884 3320 teneat
921 3241 1017 3320 toea
1046 3238 1182 3314 Driv
1199 3259 1234 3313 n·

142 3365 218 3444 sti
260 3372 301 3442 et
329 3361 610 3441 Antibani
650 3385 747 3439 oum
792 3359 1165 3444 suis-continibus‚
1194 3362 1247 3434 et·

142 3485 256 3586 quod
298 3487 445 3562 nostro
494 3481 723 3561 dominatio
761 3485 901 3560 teneat
942 3487 985 3558 et
1024 3477 1237 3580 possident

144 3607 240 3683 loce
281 3601 382 3680 Dui
400 3629 424 3684 o
439 3605 450 3683 i
468 3627 495 3704 g
511 3605 564 3680 ui
606 3607 648 3680 et
675 3602 873 3681 Budue
903 3625 998 3680 oum
1026 3599 1234 3704 pertinen·

143 3723 211 3800 tiis
237 3724 323 3800 suis
365 3727 407 3802 et
434 3723 699 3804 districtibus
727 3725 826 3807 suis,
855 3729 898 3800 et
925 3745 1020 3798 eum
1063 3718 1234 3798 residuo
1324 3775 1327 3784 .

145 3841 394 3931 Soboionne
423 3846 691 3923 eteivitotem
720 3841 897 3922 Scuta
916 3840 963 3916 ni
994 3837 1234 3920 eumdistni·

144 3971 213 4044 otu
244 3973 287 4042 et
313 3963 577 4068 pertinentiis
604 3964 712 4052 suis,
741 3967 783 4041 et
808 3985 885 4064 pen
913 3959 1104 4056 modum,
1147 3983 1232 4060 quo

107 4091 109 4096 '
144 4085 297 4164 dietam
326 4083 539 4164 civitatem
566 4083 789 4163 habuimus
816 4108 839 4162 o
866 4081 1233 4162 condamdomino

146 4206 331 4306 Georgio
361 4260 371 4284 .
401 4261 412 4284 .
442 4263 452 4284 .
482 4213 524 4284 et
550 4207 585 4284 si
612 4227 695 4284 non
723 4211 869 4308 posset
896 4202 1010 4283 omni
1039 4201 1236 4308 possibili
