3206 5110
1207 421 1273 486 217

179 631 344 736 prefate
360 621 557 732 nigrioris,
584 629 623 708 in
653 627 692 706 le
720 633 836 706 terre
854 627 906 704 de
934 625 1272 728 lelorsignorie‚

180 779 304 847 sepza
333 754 481 854 alguna
512 749 734 832 condicion
764 749 806 824 ni
833 748 1025 826 moleslia
1054 748 1270 850 daalguna

181 874 234 952 (le
259 875 298 952 le
325 879 446 977 parte
474 870 683 978 predicte,
710 870 926 948 declarato
954 891 1033 970 per
1068 868 1108 944 le
1146 893 1274 947 sorra

181 994 269 1073 dile
294 1001 428 1096 parte,
463 993 544 1070 che
577 1013 661 1068 non
688 985 903 1068 s'inteuda
942 1011 1021 1090 per
1060 987 1087 1064 li
1113 987 1272 1091 publici

182 1111 396 1204 traditori,
423 1113 437 1188 i
465 1109 577 1214 quali
603 1133 754 1190 sarano
783 1109 866 1186 dati
895 1109 935 1186 in
963 1115 1060 1186 nola
1087 1131 1164 1210 per
1191 1131 1273 1186 una

179 1241 298 1338 parte
328 1240 370 1310 et
395 1255 476 1338 per
503 1231 644 1310 l’altra.

282 1353 451 1440 item,
492 1351 572 1429 che
614 1351 690 1429 luti
732 1349 939 1429 iciladini
968 1349 1020 1426 de
1050 1349 1085 1426 la
1113 1351 1273 1452 prelata

181 1472 369 1573 signoria
396 1471 688 1558 deveniexia,
716 1474 760 1546 et
787 1469 883 1546 altri
912 1469 1083 1548 homeni
1108 1469 1164 1549 dc
1191 1473 1274 1552 che

180 1592 377 1672 mainiera
420 1599 463 1670 et
502 1591 728 1670 condicion
762 1614 810 1668 se
837 1597 970 1679 siano,
1010 1591 1163 1693 iquali
1191 1587 1271 1672 ano

180 1717 428 1819 possession
469 1713 674 1817 paternali
714 1713 998 1805 emalcrnali‚
1034 1737 1213 1817 compre
1247 1740 1273 1791 o

180 1835 311 1922 dolie,
342 1859 441 1914 case
483 1861 508 1913 o
535 1834 663 1934 vigne
704 1859 728 1911 e
769 1835 906 1938 campi
946 1843 989 1912 et
1031 1835 1130 1935 ogni
1170 1836 1273 1912 allra

179 1955 423 2058 possession
453 1956 606 2034 dentre
636 1956 703 2033 dai
732 1955 845 2055 luogi
874 1953 1029 2032 confini
1067 1964 1109 2034 et
1137 1958 1274 2034 eliade

181 2075 234 2154 de
265 2075 293 2152 li
321 2077 394 2156 diti
421 2075 598 2176 sIgnori
626 2075 898 2154 liberamente
932 2099 1115 2178 possano
1144 2077 1275 2156 hever
1369 2152 1372 2160 .

182 2204 225 2274 el
253 2195 403 2296 tegrin
432 2197 587 2297 golder
612 2203 654 2274 el
683 2196 903 2302 possiedor
931 2197 1071 2275 ledite
1099 2197 1274 2303 lorpos-

180 2320 358 2408 session,
385 2318 578 2421 pagando
621 2319 660 2395 el
689 2317 823 2396 dredo
853 2318 905 2394 de
934 2317 960 2395 li
988 2319 1073 2396 dile
1100 2319 1275 2420 signori.

152 2439 232 2518 'El
258 2463 382 2518 versa
410 2441 505 2518 vice
535 2439 562 2516 li
590 2440 748 2516 homini
778 2437 830 2516 de
859 2430 886 2518 li
914 2440 987 2519 diti
1004 2441 1161 2541 signori
1177 2465 1272 2548 pos·
1358 2531 1361 2548 ³

179 2583 282 2639 sano
311 2561 402 2641 iare
431 2570 556 2640 enlro
600 2560 611 2636 i
640 2559 756 2660 luogi
794 2561 933 2639 cilade
962 2567 1002 2639 el
1029 2564 1273 2662 tegnimenti

181 2681 234 2758 de
263 2680 301 2756 la
328 2679 493 2784 prefata
521 2679 665 2758 inclite
681 2681 864 2779 signoria
887 2681 1172 2764 deVeniexia.
1198 2683 1275 2760 De-

181 2797 341 2879 clarato
370 2799 414 2878 l'o
444 2801 483 2878 el
501 2801 684 2905 capitolo
714 2823 793 2904 per
817 2801 989 2904 leparle
1005 2802 1273 2891 sovrascrite,

181 2917 263 2997 che
305 2927 458 3024 qneslo
501 2913 687 3025 capitolo
723 2945 806 2998 non
836 2919 957 3001 habia
987 2923 1219 3024 luogoper
1247 2923 1273 3000 li

180 3039 336 3144 publici
368 3041 613 3130 (rediturii
643 3041 754 3145 quali
782 3065 960 3121 saranno
991 3045 1075 3122 dali
1105 3042 1145 3121 in
1173 3049 1274 3123 nola
1419 3034 1421 3040 ’

178 3181 257 3263 per
284 3183 364 3238 una
390 3170 512 3264 parte
538 3187 618 3264 per
646 3163 797 3242 l’allra.
825 3163 877 3242 ill
904 3186 982 3265 per
1009 3163 1192 3242 iermeza
1221 3161 1274 3240 de

180 3303 231 3357 zo
274 3277 316 3358 io
360 3290 457 3360 soto
499 3282 680 3382 sigilladi
722 3283 775 3362 de
816 3283 841 3359 li
875 3283 999 3381 sigilli
1024 3283 1079 3361 *de
1109 3281 1148 3360 le
1175 3305 1275 3361 soro

179 3400 265 3478 dite
280 3405 413 3501 parte.
440 3401 542 3481 Data
574 3403 612 3479 in
640 3403 673 3481 P
691 3404 701 3479 l
718 3431 741 3482 a
756 3431 782 3481 n
798 3427 833 3492 3,
864 3403 930 3481 die
957 3403 1106 3482 XXVl.
1122 3403 1274 3480 mensis

180 3519 374 3617 Augusti,
403 3520 622 3600 millesimo
661 3523 1071 3625 quadringentesimo
1109 3528 1274 3626 quarto.

711 3665 986 3727 Commemoriale
1008 3669 1061 3726 xl.
1084 3669 1134 3726 clr.
1160 3661 1230 3726 113.

244 3797 680 3950 ooonxxxvr.
718 3871 830 3946 1425.
869 3875 904 3946 9.
943 3869 1210 3972 raguse.
1342 3839 1347 3855 ’

174 4021 354 4098 Oprosopr·
369 4041 460 4101 ,aare
485 4043 678 4101 uocaanuay
691 4045 858 4086 serasera
874 4028 1021 4101 noinoue
1046 4031 1209 4105 Canpaaa,
1234 4049 1272 4088 ua

556 4131 680 4188 narona
704 4147 896 4192 sarreraua.

279 4259 402 4360 Quod
429 4265 691 4346 ambaxatori
726 4269 1040 4370 magnifici
1067 4270 1273 4352 domini
