3234 5116
480 541 564 618 Per
593 539 752 617 litteras
779 547 946 618 vestras
975 539 1089 620 datas
1117 543 1157 618 in
1181 540 1467 620 Constantino·
1593 505 1595 538 ¹

378 661 465 764 poli
494 662 563 740 die
589 660 792 760 vigesimo
820 661 1010 738 secundo
1039 662 1197 740 mensis
1215 660 1330 738 Junii
1359 663 1466 764 elap-

314 859 318 879 ‚
378 782 439 867 si,
481 801 583 882 quas
611 779 848 882 recepimus
877 780 947 858 die
986 781 1189 882 vigesimo
1217 783 1469 885 praesentis,

378 901 649 981 remansimus
678 900 866 1002 plenarie
907 901 1121 981 informati
1161 902 1226 979 de
1267 902 1468 984 adven·

378 1019 1466 1112 ‘tu'l'urohorumadobsidionemCon·

377 1141 821 1244 stantinopolis
876 1199 885 1219 .
941 1201 950 1218 .
1005 1199 1016 1218 .
1069 1151 1152 1223 etc.

469 1383 534 1476 lit
560 1381 594 1458 si
622 1393 846 1463 ocurreret
875 1384 985 1483 quod
1015 1385 1123 1462 eatis
1151 1383 1202 1458 ad
1239 1382 1469 1486 praesenti·

348 1551 352 1558 -
379 1529 444 1580 am
473 1504 573 1582 dicti
600 1503 829 1595 Turcbi,
858 1529 937 1607 pro
955 1506 1304 1609 interpositionae
1334 1505 1470 1606 pacis,

378 1626 570 1704 volomus
613 1625 727 1726 quod
767 1624 882 1706 dicto
924 1625 1283 1726 Morathbey
1324 1625 1469 1702 dicere

378 1745 564 1824 debeatis
617 1803 880 1824 .....

480 1866 651 1966 Quando
668 1889 772 1946 vero
796 1867 840 1942 in
857 1865 1109 1970 receptione
1136 1869 1373 1971 praesentis
1396 1891 1470 1942 no·
1536 1934 1540 1942 .
1594 1919 1595 1972 ,

377 1991 453 2068 stri
482 1989 664 2082 mandati
692 2013 774 2090 pax
790 1998 949 2066 secuta
964 1995 1078 2068 essct
1104 1989 1213 2068 inter
1229 1987 1385 2068 dictum
1401 1987 1472 2064 do·
1594 1975 1595 1988 Ε

310 2193 323 2228 N
377 2107 1472 2212 minumdmperatoremetllllorethbep,

237 2283 242 2288 -
378 2237 545 2316 etcum
585 2231 697 2308 dicto
739 2232 993 2332 Morathbey
1022 2257 1105 2310 uon
1151 2233 1472 2311 conclusisselis

377 2377 526 2455 pacem
567 2341 736 2432 nominc
776 2353 908 2430 nostri
938 2352 1139 2442 dominii,
1171 2355 1267 2453 quia
1295 2355 1347 2430 ad
1377 2353 1470 2430 eius

378 2476 660 2574 praesentiam
688 2496 773 2550 non
801 2471 995 2564 ivissetis‚
1024 2473 1219 2551 volumus
1247 2479 1292 2552 et
1318 2475 1379 2552 sic
1398 2501 1468 2551 vo·

379 2594 441 2672 bis
469 2595 722 2676 mandamus,
752 2597 953 2693 quatenus
983 2592 1019 2668 si
1047 2593 1185 2672 dictus
1216 2593 1472 2695 Moratbbey

377 2721 492 2794 esset
520 2713 675 2792 distans
718 2713 940 2792 acivitate
970 2711 1362 2820 Constantinopolis
1391 2725 1472 2818 per

245 2911 248 2918 .
377 2838 509 2915 dietas
537 2859 613 2912 sex
641 2837 684 2908 et
710 2859 796 2910 uon
824 2833 946 2924 ultra,
975 2834 1061 2910 sive
1089 2843 1258 2936 aparte
1287 2834 1470 2912 Greciae
1594 2843 1595 2916 3

352 2946 463 3034 'sive
499 2981 520 3032 a
550 2964 669 3058 parte
696 2953 932 3038 Turchiae,
979 2955 1147 3033 adeius
1187 2956 1469 3057 praesentiam

375 3075 436 3152 ire
465 3074 651 3152 debeatis
704 3131 973 3152 .....
1006 3133 1037 3172 .·
1084 3075 1299 3152 audientes
1327 3077 1470 3154 excel·
1594 3061 1595 3138 ἶ

377 3199 548 3278 lentiam
576 3219 690 3274 suam
720 3195 770 3274 ad
786 3197 1031 3296 dignitatem
1063 3195 1237 3274 dominii
1267 3198 1468 3276 locodic·

375 3319 405 3395 ti
433 3319 566 3420 patris
594 3319 659 3392 soi
687 3315 926 3394 ascendisse
982 3375 990 3391 .
1045 3377 1051 3390 .
1225 3325 1373 3396 nostra
1400 3316 1469 3395 do·

375 3438 546 3517 minatio
579 3445 777 3516 contenta
806 3447 870 3516 est
899 3437 1052 3516 dictam
1093 3461 1243 3541 pacem
1273 3438 1325 3514 de
1353 3461 1467 3515 novo

377 3584 470 3638 cum
500 3583 574 3637 sus
603 3559 852 3638 excellentia
889 3559 1146 3638 confirmare
1200 3617 1209 3634 .
1264 3614 1274 3635 .
1328 3615 1339 3636 .

479 3681 734 3758 Confirmata
771 3687 908 3759 autem
951 3679 1059 3758 dicta
1101 3703 1207 3780 pace
1250 3703 1345 3758 cum
1385 3679 1466 3756 illis
1593 3669 1595 3740 l

375 3802 680 3904 pertinentibus
711 3801 864 3890 verbis,
893 3823 1000 3901 quae
1020 3809 1189 3878 vestrae
1218 3799 1466 3878 discretioni

374 3921 650 4008 videbuntur,
695 3923 883 4000 debeatis
935 3921 1049 4002 dicto
1092 3921 1263 3999 domiuo
1305 3920 1465 4006 dicere,

376 4041 489 4140 quod
516 4045 662 4142 vigore
690 4043 791 4121 dicti
819 4041 1002 4144 capituli,
1032 4043 1065 4119 si
1096 4044 1187 4120 loca
1216 4047 1362 4118 nostra
1390 4039 1464 4120 Al·

376 4163 586 4243 boniac
615 4153 701 4267 per'
721 4163 900 4265 aliquem
930 4164 1224 4248 molestantur,
1253 4161 1381 4239 deb'et
1407 4159 1460 4260 ip·
1544 4239 1550 4246 ,
