3234 5116
407 305 410 312 ι

334 591 522 690 rediret,
550 589 644 696 quia
672 587 801 670 habet
825 587 1085 693 syndioatum
1113 597 1156 670 et
1183 591 1420 672 libertatem

334 713 386 791 ad
414 713 611 818 pieuum3
640 711 899 817 vaditpars:
928 711 1237 815 respondeatur
1265 711 1421 791 ambas·

333 833 481 912 siatori
515 893 523 912 .
555 892 564 912 .
592 891 604 913 .
630 894 640 908 .
668 871 681 910 1.
718 855 861 911 sumus
902 836 1092 913 contenti
1133 841 1421 934 treuguas

332 975 663 1059 prorogare
690 976 769 1057 per
794 957 959 1054 tempus
989 953 1247 1033 couveniens
1273 961 1317 1033 et
1342 976 1423 1058 per

332 1075 530 1169 modum,
561 1101 645 1178 quo
674 1079 918 1153 consvetum
946 1081 1011 1152 est
1036 1077 1234 1176 treuguas
1261 1075 1420 1172 iacere,

332 1196 556 1280 videlicet:
598 1197 711 1300 quod
741 1197 812 1298 qui
839 1185 985 1275 tenent
1027 1196 1213 1278 fortiiitia
1253 1201 1423 1278 teneant

332 1313 557 1409 districtus,
585 1315 762 1396 confinia
792 1321 835 1394 et
859 1315 1135 1418 pertinentias
1163 1326 1350 1398 terarum
1378 1321 1422 1392 et

332 1439 639 1530 fortiiioiorum‚
668 1463 774 1542 quae
802 1443 958 1528 tenent
985 1441 1079 1518 etsi
1105 1445 1329 1518 contentus
1357 1444 1422 1516 est

333 1567 534 1661 treuguas
562 1560 618 1640 ita
632 1557 904 1664 prolongare,
931 1583 1073 1638 sumus
1102 1562 1290 1640 contenti
1318 1559 1421 1636 mit·

332 1689 460 1760 tere
501 1680 565 1764 ad
605 1680 1014 1786 praesentiam
1066 1681 1289 1760 domini
1330 1677 1420 1756 sui
1496 1733 1499 1748 .

330 1823 495 1879 unum
525 1802 998 1884 ambassatorem
1027 1807 1137 1881 eto
1140 1853 1344 1882 ......

604 1938 709 2006 Secr.
735 1942 847 2008 Coos.
871 1941 1003 2031 Rogat.
1026 1939 1100 2006 Lib.
1123 1939 1219 2006 Vnt.
1245 1941 1303 2009 cir.
1324 1941 1377 2004 52

432 2143 821 2250 cccxxxvi.
852 2169 963 2248 rua.
990 2169 1053 2245 aa.
1080 2167 1329 2272 Aps-urs.
1381 2184 1387 2194 ·

329 2356 535 2432 llpopyaeae
557 2355 712 2432 uoropoa
741 2376 779 2416 oa
803 2374 1045 2422 uocausnon
1069 2375 1219 2436 peanum
1243 2360 1420 2436 Cpoouort

551 2537 554 2546 1
668 2465 835 2524 Greoaua.
860 2461 1077 2558 (Crpaieao).

433 2631 538 2711 Cum
565 2632 694 2712 hodie
736 2635 1026 2739 comparuerit
1052 2634 1103 2712 ad
1144 2657 1420 2740 praesen·

330 2741 466 2830 tiam
494 2753 1184 2836 dominiiambassi'ator
1211 2755 1422 2834 domiui

329 2871 564 2977 despoti.
594 2879 636 2952 ot
661 2898 741 2977 per
768 2876 1080 2956 serenissimum
1110 2877 1324 2956 dominum
1351 2875 1421 2952 du·

330 3014 423 3072 uem
452 2990 589 3070 eidem
618 2991 748 3072 fuerit
775 2994 928 3074 dietum
956 2995 1082 3085 iilud,
1110 2997 1225 3098 quod
1252 3001 1420 3100 captum

172 3116 179 3129 '
273 3169 275 3176 .
327 3110 405 3189 iuit
431 3113 525 3192 heri
552 3111 593 3190 iu
619 3113 699 3193 isto
728 3115 925 3206 oonsilio,
953 3117 1007 3194 de
1034 3111 1283 3217 elongandis
1312 3121 1418 3194 treu-

328 3232 421 3332 guis
461 3239 505 3309 et
538 3231 819 3312 demittendo
860 3237 1175 3329 ambassatore,
1214 3241 1257 3313 at
1283 3233 1420 3314 dietus

329 3349 591 3432 ambassator
618 3355 849 3458 respondit,
879 3359 1079 3458 treuguas
1105 3355 1307 3454 elongare
1334 3377 1418 3432 nou

327 3497 455 3576 posse
468 3473 548 3551 uisi
561 3497 643 3575 per
667 3473 851 3564 modum,
881 3501 966 3581 quo
984 3477 1122 3556 iactae
1149 3474 1319 3554 fuerunt
1344 3497 1421 3576 per

328 3592 543 3672 domiuum
571 3619 704 3688 suum,
720 3604 764 3675 et
778 3598 902 3677 aliter
928 3623 1015 3678 uon
1036 3599 1200 3679 faceret
1226 3621 1307 3702 pro
1335 3621 1419 3674 non

329 3715 578 3795 excedendo
608 3717 799 3797 mandata
841 3720 1003 3800 domiui
1034 3720 1149 3807 auis.
1181 3777 1192 3798 .
1221 3775 1232 3798 .
1261 3775 1272 3796 .
1298 3717 1422 3795 Vadit

327 3859 427 3942 pars
455 3895 464 3913 .
494 3895 503 3912 .
531 3837 615 3916 dici
642 3837 795 3917 debeat
823 3839 963 3918 eidem
991 3835 1265 3920 ambassatori
1294 3891 1305 3912 .
1333 3894 1345 3915 .
1374 3891 1420 3912 ..

328 3983 471 4035 sumus
499 3961 687 4038 contenti
716 3961 917 4062 elongare
930 3966 1132 4062 treuguas
1159 3981 1294 4062 usque
1309 3957 1420 4036 diem

328 4090 524 4158 octavum
550 4078 663 4158 Junii
690 4080 884 4182 proximi,
909 4082 950 4158 in
968 4081 1035 4159 iiia
1063 4081 1199 4159 torma
1231 4101 1313 4181 qua
1342 4079 1421 4157 iao·

329 4205 396 4280 tae
433 4200 601 4279 fuerunt
638 4207 737 4306 (per
762 4209 930 4280 nostros
971 4201 1235 4304 provisores)
1266 4207 1424 4278 ...et
