3224 5110
743 451 762 494 Q
1089 375 1092 378 ι
1220 353 1286 428 n

189 569 222 646 si
250 569 408 648 Bude
435 567 502 648 vel
518 566 559 644 in
587 565 695 644 locis
721 563 805 642 illis
818 565 1029 667 proximis
1053 589 1102 644 sa
1130 566 1284 669 reperi·

189 699 268 777 ret,
294 690 346 769 ad
375 687 466 766 eius
492 686 774 765 visitationem
802 694 845 764 te
871 685 1073 766 conferas
1102 742 1113 764 .
1144 695 1187 765 et
1214 712 1284 768 nor

188 811 265 888 stri
295 813 413 912 parte
442 804 808 906 congratulaberis
838 806 890 882 de
920 806 1126 906 gloriosis
1154 809 1285 887 victo·
1440 854 1445 870 ·

190 929 263 1006 riis
303 952 381 1031 per
405 951 517 1008 ¹eum
547 926 744 1015 obtentis,
786 925 994 1006 mediante
1023 924 1162 1004 divina
1203 927 1286 1004 cle·

190 1052 357 1149 mentia,
387 1056 430 1130 et
456 1050 585 1130 multa
612 1047 949 1148 magnanimitate
965 1049 1176 1128 etvirtute
1200 1073 1306 1138 nuo,x

190 1169 420 1250 offerendo·
436 1191 513 1246 nus
540 1175 584 1246 et
609 1175 797 1248 nostram
826 1168 1132 1269 rempublicam
1148 1167 1198 1244 ad
1215 1169 1284 1246 lio-2

188 1315 316 1370 norea
357 1275 400 1368 et
440 1291 663 1370 commoda
702 1287 1010 1388 magnifieutiae
1052 1312 1153 1366 suae
1195 1296 1284 1366 tota
1442 1349 1449 1360 .

189 1421 328 1492 ments
357 1397 601 1512 dispositos.

269 1533 397 1610 vltem
418 1531 493 1610 ,die
521 1531 662 1610 Xlllll
690 1531 831 1608 Martii
870 1531 1055 1610 additurn
1072 1530 1161 1610 vfuit
1190 1557 1284 1612 cum

189 1655 374 1753 collegio
402 1652 667 1755 supradictae
697 1650 945 1730 comissioni
973 1652 1200 1755 capitulum
1233 1653 1285 1730 in·

189 1777 468 1878 trancriptum:

289 1893 495 1972 Volumus
521 1891 706 1996 iusuper,
745 1893 859 1996 quod
896 1895 931 1973 si
967 1891 1008 1969 in
1045 1893 1200 1972 lluda
1236 1897 1284 1972 ud

188 2015 407 2120 appulsum
438 2023 552 2092 tuum
579 2039 628 2094 sa
658 2016 869 2118 reperiret
894 2015 935 2092 il
955 2017 965 2092 Ι
983 2040 1009 2090 ιι
1023 2039 1043 2091 a
1057 2022 1074 2092 t
1089 2039 1109 2091 r
1124 2013 1172 2092 is
1200 2016 1226 2093 d
1244 2041 1284 2120 ⁰:

188 2135 1053 2240 minusdespotusllnssie,seu
1084 2136 1285 2214 eidonec

188 2256 243 2334 ibi
272 2256 403 2334 stabis
433 2254 532 2332 illuc
567 2256 758 2340 tinniret,
787 2255 958 2334 adeius
1000 2255 1285 2358 praesentiam

189 2385 229 2456 te
258 2377 476 2461 conferas,
505 2377 668 2476 sibique
704 2377 963 2479 presentatis
991 2376 1149 2454 nostris
1178 2376 1284 2451 litte·

188 2499 246 2576 ris
274 2495 548 2584 credulitatis,
577 2496 786 2599 lactisque
814 2496 1161 2576 convenientibus
1180 2497 1284 2582 saiwv

188 2617 413 2697 talionibus
429 2623 472 2694 et
485 2617 789 2717 oblationibus,
820 2643 1026 2722 expones,
1055 2616 1285 2720 quodcum

188 2761 357 2842 semper
383 2736 603 2816 habuimus
628 2759 731 2816 cuae
770 2739 1123 2818 excellentiae
1150 2736 1284 2836 singu*

188 2861 318 2938 larem
347 2859 669 2938 benivolentiam
700 2867 742 2938 at
777 2859 1042 2940 affectionem
1079 2863 1163 2937 etc.
1206 2858 1284 2932 Vs·

188 3005 279 3058 rum
314 2982 367 3059 de
396 2979 521 3058 rebus
550 2980 636 3058 suis
668 2981 860 3060 adversis
900 3003 1104 3058 summam
1142 2978 1284 3082 dioplia

188 3103 367 3182 centiam
393 3101 651 3180 habuimus·
673 3103 836 3181 Deinde
864 3124 969 3180 vero
1009 3098 1177 3204 qrrando
1214 3123 1282 3176 nu⁶

187 3247 264 3325 per
289 3223 499 3302 sensimus
526 3225 664 3328 ipsum
702 3225 980 3302 ilustrcm
1018 3219 1284 3300 dominum
1401 3287 1403 3294 ,

186 3343 1049 3448 recuperassebonam·partem
1078 3343 1160 3418 sui
1189 3345 1283 3419 eta·

188 3473 290 3550 tus,
319 3463 514 3567 prolecto
543 3487 737 3564 magnam
771 3465 898 3543 animi
939 3461 1280 3544 consolationem

186 3587 453 3690 accepimus,
496 3587 920 3690 congratulamneque
959 3586 1184 3692 plurimum
1219 3607 1282 3686 aef

186 3709 281 3787 oum
309 3707 362 3782 de
389 3703 740 3808 prosperitatibus
768 3706 881 3795 suls,
910 3731 1044 3808 quas„
1074 3729 1169 3782 cum
1198 3699 1282 3778 dili·

187 3849 331 3928 gamus
360 3848 456 3901 earm
492 3823 623 3900 veluti
663 3825 921 3903 carissimum
963 3827 1161 3913 fratrem,
1188 3847 1284 3926 pro-

187 3947 298 4049 prias
327 3949 593 4049 reputaturum
633 3952 907 4046 tenemusque
935 3954 978 4022 et
1005 3946 1286 4050 tirmiter'noe

188 4070 250 4147 bis
278 4067 605 4166 perevademus,
646 4063 759 4167 quod
798 4065 849 4142 ad
887 4065 971 4146 hoc
1011 4068 1135 4144 etiam
1164 4065 1204 4141 in
1233 4067 1287 4142 in-

186 4189 410 4267 terrentia.-
432 4187 615 4287 operans
657 4188 980 4288 operationibus
994 4195 1061 4267 net
1087 4187 1310 4302 exhorta-K
