3230 5104
353 381 419 450 476

352 597 574 686 tentorum,
602 615 682 694 pro
713 587 1031 671 conservatione
1061 594 1270 673 amicitiae
1298 601 1339 671 et
1363 595 1436 671 bo·

353 733 431 788 nae
458 711 685 796 vicinitatis
714 721 899 792 nostrae.

693 883 796 950 Secr.
823 906 924 957 cons.
950 905 1029 970 rog.
1053 885 1127 954 Lib.
1150 883 1243 952 XXl.
1269 887 1323 952 cb.
1346 887 1398 949 59.

378 1023 815 1170 cnnxxxvur.
847 1095 957 1172 nu.
986 1101 1020 1172 1.
1056 1092 1413 1172 necessus.

267 1353 272 1366 Β
350 1282 531 1358 Oproaopn
556 1299 747 1358 nocsrauucy
770 1301 873 1358 spana
907 1287 1129 1346 Bneaucaorn
1155 1303 1193 1344 na
1219 1303 1316 1344 carue
1341 1287 1442 1346 alaro-

493 1402 532 1440 nu
559 1403 779 1460 npepaoraerus
805 1407 822 1445 n
851 1405 1043 1446 neucesaria.
1078 1385 1294 1466 (eupaterio.)

450 1535 567 1634 Quod
595 1535 816 1638 spectabili
852 1537 1013 1616 oratori
1052 1561 1108 1614 se
1123 1561 1144 1612 r
1158 1562 1222 1616 en
1243 1538 1323 1616 iss
1340 1537 1409 1616 im
1428 1541 1441 1616 i

348 1659 511 1756 regis
552 1657 815 1748 Bossine‚
841 1659 914 1760 qui
942 1682 1077 1759 nuper
1103 1659 1153 1734 ad
1180 1662 1441 1760 presentiam

347 1787 536 1856 nostram
576 1805 620 1859 se
650 1780 842 1867 contulit,
883 1786 926 1858 et
961 1789 1043 1857 tam
1073 1789 1275 1858 oretenus
1312 1801 1439 1880 quam

347 1921 424 2000 per
450 1898 703 2000 scripturam
741 1900 968 2003 explicavit
997 1909 1041 1975 et
1078 1901 1274 2001 porrexit
1312 1902 1439 1979 nobis

345 2021 522 2122 capitulo
552 2023 661 2098 lecta
686 2021 785 2100 buio
814 2021 1006 2107 consilio,
1036 2021 1360 2123 respondeatur:

445 2139 565 2236 Quod
581 2141 817 2237 gratissimo
833 2141 970 2218 animo
1000 2141 1285 2218 intelleximus
1312 2166 1441 2242 quan«

344 2267 429 2336 tum
458 2315 468 2336 .
497 2319 504 2334 .
535 2315 546 2334 .
575 2267 694 2362 parte
722 2262 977 2340 serenissimi
1021 2261 1178 2339 domini
1217 2262 1280 2339 sui
1320 2261 1440 2360 regis

345 2365 571 2482 enplicnvit
597 2383 735 2469 nobis,
763 2407 858 2458 cnm
888 2405 966 2460 nos
994 2383 1199 2459 maiestati
1229 2383 1436 2483 suaeplu.

343 2502 489 2577 simum
519 2501 814 2580 allectisnmus
840 2557 852 2580 .
882 2559 892 2580 .
921 2559 933 2579 .
962 2507 1005 2577 et
1032 2505 1337 2602 circapartem‚
1355 2525 1438 2602 par

344 2646 466 2722 quam
494 2626 598 2725 petit
627 2626 780 2702 assumi
808 2623 852 2699 in
879 2647 1058 2701 numero
1100 2622 1301 2700 nobilium
1339 2645 1437 2699 nns-

341 2753 507 2820 trorum
536 2746 726 2834 dicimus,
755 2745 869 2847 quod
892 2801 1059 2824 .....
1088 2743 1437 2823 contentisumus

340 2865 499 2942 babere
528 2873 570 2943 et
598 2868 796 2968 recipere
833 2868 1106 2944 serenitatem
1120 2887 1235 2942 suam
1264 2865 1304 2940 in
1333 2889 1435 2942 eon·

338 2979 474 3062 sortio
502 2987 708 3062 nobilium
736 2994 1021 3064 nostrorum..
1050 3041 1061 3061 .
1089 3041 1096 3058 .

439 3107 514 3183 De
543 3107 708 3184 domo
738 3129 862 3209 quem
890 3106 996 3210 petit
1023 3107 1064 3183 in
1094 3106 1174 3184 bac
1203 3105 1307 3182 urbe
1336 3128 1434 3180 nos·

338 3237 399 3305 tro
426 3224 630 3306 vellemus
657 3253 732 3305 sue
760 3225 965 3306 maiestati
1006 3227 1253 3306 satisfacere
1280 3247 1433 3326 posse,

336 3350 411 3425 sed
442 3405 452 3426 .
482 3405 493 3427 .
522 3403 533 3424 .
563 3372 658 3432 cum
687 3352 865 3429 maxima
893 3348 1142 3428 difficultate
1169 3345 1238 3423 bic
1266 3347 1433 3446 reperi·

337 3475 463 3546 untur
490 3472 642 3548 domus
678 3473 875 3560 venales,
901 3490 998 3572 ymo
1029 3477 1077 3547 nt
1102 3468 1242 3545 verius
1284 3466 1431 3567 loqua-

334 3615 425 3668 mur
453 3589 602 3670 baberl
629 3616 713 3669 non
742 3600 931 3695 possunt,
960 3591 1224 3690 meximeque
1252 3587 1305 3664 de
1333 3586 1431 3672 illis,

335 3734 442 3812 quoe
457 3712 581 3815 digne
595 3717 688 3788 sunt
704 3721 745 3790 et
760 3712 937 3790 alicuius
950 3709 1221 3805 conditionis,
1239 3707 1427 3808 ideoque

333 3853 533 3932 rogamus
573 3827 867 3910 celsitudinem
909 3855 1038 3922 suam,
1066 3833 1111 3907 ut
1149 3829 1190 3904 in
1231 3827 1319 3906 boc
1345 3849 1426 3904 nos

331 3961 605 4057 supportatus
633 3953 792 4031 habere
819 3951 932 4029 velit.
963 3992 1006 4007 -
1036 3949 1088 4027 nt
1121 3947 1323 4049 quoniam
1349 3973 1421 4050 pe·

332 4079 380 4155 tit
409 4074 531 4155 etiam
573 4099 652 4178 per
678 4095 758 4152 roos
784 4073 864 4152 sibi
892 4071 1042 4150 donari
1084 4093 1206 4149 unam
1246 4069 1418 4146 domum

332 4203 384 4278 in
411 4201 437 4278 J
453 4203 603 4286 adra,
633 4198 732 4275 facti
759 4219 898 4274 sumus
927 4193 1132 4274 certiores
1160 4215 1245 4268 non
1263 4213 1357 4268 esee
1377 4189 1418 4269 iu
