3206 5110
330 577 464 655 vich
506 577 930 676 Rugus‘ie'nsis,
975 576 1154 656 nuncius
1181 599 1257 654 seu
1286 583 1439 654 orator

332 697 603 776 illustris
645 695 968 774 etexeeisi
998 694 1221 772 domini
1263 695 1435 791 Bupa-

333 817 432 894 reb
470 817 763 896 voirodoe
801 815 1333 918 Transutpiensis,
1376 816 1434 888 ri·

331 963 421 1018 sum
451 947 516 1016 est
543 935 684 1022 nobis,
714 936 782 1010 sio
806 933 1012 1014 suadente
1039 935 1227 1014 amicitie
1244 947 1296 1034 *et
1322 933 1436 1012 heni-

332 1057 528 1142 roieofiu,
558 1079 638 1157 qua
667 1053 944 1134 vehementer
972 1055 1273 1156 prosequimur
1299 1055 1438 1157 ipsum

331 1179 543 1256 dominum
572 1176 806 1284 uniendam,
834 1201 913 1252 neo
941 1176 1076 1252 minus
1112 1177 1317 1274 dignitate
1345 1182 1436 1278 pe'r·

332 1323 462 1378 sonae
479 1296 795 1382 dictiorutoris,
823 1295 1002 1373 eundem
1032 1295 1267 1374 honoribus
1298 1295 1434 1372 tituto·

332 1441 416 1520 que
448 1419 668 1496 comuni..
690 1475 727 1496 ..
753 1418 976 1504 decorante
995 1443 1079 1518 quo
1112 1417 1307 1495 omnibus
1337 1423 1437 1492 uoto

331 1539 382 1613 sit
399 1540 488 1614 eius
503 1543 770 1641 praestantia.
796 1538 938 1639 {psum
953 1535 1077 1634 igitur
1092 1535 1309 1614 dominum
1341 1535 1435 1614 Hie·

331 1681 552 1760 ronymum
582 1669 677 1761 post
705 1659 1019 1762 expositionem
1049 1666 1092 1734 et
1119 1658 1434 1759 expeditionem

332 1782 487 1882 eurum*
508 1802 616 1878 quoe
644 1778 684 1854 in
707 1776 913 1856 mandetis
943 1775 1158 1861 habuerat,
1188 1801 1333 1855 eorum
1364 1801 1435 1854 no·

1584 1501 1586 1560 ἦ

333 1897 396 1974 bis
424 1899 464 1973 in
493 1898 704 1997 frequenti
744 1897 927 1994 ouiiegio
970 1903 1117 1975 nostro
1147 1895 1444 1984 connitum,
1584 1849 1586 1860 Α

333 2019 411 2098 ritu
441 2017 602 2096 soienni
631 2027 824 2103 serrato,
852 2020 901 2095 ed
930 2019 1160 2104 honorem,
1190 2015 1365 2115 gradum
1392 2025 1438 2094 et

332 2137 691 2239 dignitatern
734 2141 1049 2240 equestris
1081 2139 1282 2219 ordinis
1324 2163 1432 2242 pro·

331 2283 371 2339 m
389 2286 413 2337 ο
430 2285 453 2334 v
471 2259 536 2336 im
554 2285 577 2335 u
595 2286 639 2346 s.
669 2263 926 2362 militemque
955 2263 1204 2350 creavimus,
1219 2285 1334 2352 ense,
1350 2263 1433 2339 oin·

330 2380 442 2478 gulo,
459 2381 695 2456 calcaribus
713 2379 851 2458 eureis
879 2379 1114 2458 solenniter
1143 2381 1194 2456 de
1226 2404 1346 2458 more
1367 2405 1432 2459 uc·

314 2497 540 2612 eiectum.
584 2523 677 2575 oum
707 2499 1004 2600 prerogotiva.
1045 2505 1088 2575 ut
1131 2503 1171 2577 in
1214 2509 1431 2603 posterum
1506 2568 1514 2588 ,

331 2618 451 2695 mites
480 2617 722 2720 splendidus
753 2620 1103 2718 cognominetur,
1135 2623 1432 2702 auctoritatem

331 2763 413 2844 que
441 2740 594 2817 hulieni
622 2748 665 2818 et
693 2740 948 2826 tenuitatem,
977 2750 1114 2818 restes
1145 2745 1352 2832 serentes,
1367 2765 1430 2820 eo·

330 2883 445 2948 sem,
474 2859 712 2960 uingutum.
743 2863 923 2940 entcsrio
952 2868 992 2938 et
1020 2863 1099 2940 otiu
1129 2864 1432 2963 cuiuscumque

331 2980 497 3076 generis
539 2989 708 3057 oureuta
752 2981 927 3082 insignia
978 2981 1170 3060 miiiturin
1221 2991 1431 3080 perpetuo

330 3099 534 3199 gestandi.
550 3103 754 3198 gaudendi
771 3101 952 3194 honoro,
968 3103 1286 3205 preeminentio,
1308 3103 1434 3199 juris·
1556 3079 1584 3130 '⁴

331 3217 501 3296 dicione
543 3219 736 3298 libertate
779 3229 820 3298 et
862 3219 1094 3321 privitegiis
1125 3219 1342 3304 omnibns,
1383 3221 1433 3297 ud

330 3359 473 3415 verum
490 3335 690 3426 mititiam,
707 3349 1035 3442 equestremque
1051 3339 1295 3440 dignitatem
1311 3365 1432 3442 spec·

330 3459 526 3537 tontibus,
579 3457 625 3536 ln
669 3461 788 3536 cuius
818 3460 879 3536 rei
917 3461 1200 3538 testimonium
1230 3469 1272 3540 et
1300 3457 1435 3537 robur

330 3575 542 3687 hostien,
580 3587 815 3680 nostroque
845 3575 1044 3682 plumbeo
1073 3581 1215 3680 sigiiio
1248 3604 1436 3658 commn-

331 3695 410 3772 niri
433 3697 646 3794 jussimus.
675 3697 805 3776 Datne
832 3697 900 3774 die
928 3699 1105 3801 septimo
1119 3699 1275 3800 iiiortii,
1304 3700 1435 3780 indie-

331 3812 446 3892 tione
474 3825 603 3906 sexto,
633 3817 890 3898 M.D.Xthl.

629 4006 679 4070 Ex
704 4007 795 4072 tibro
821 4007 1159 4094 privilegiorurnii.
1185 4011 1311 4078 cliente
1335 4015 1388 4076 75.
