3192 5112
313 399 382 468 no

312 609 446 686 adram
485 606 679 687 idoneum
721 610 849 686 vestri
890 609 1080 688 comunis
1121 631 1213 688 eum
1257 608 1407 686 biteris

312 729 463 806 vestris
492 729 542 804 ad
569 726 715 806 fideles
742 737 912 807 nostros
943 729 1095 830 Catari,
1127 732 1198 833 qui
1225 751 1323 806 cum
1350 729 1406 829 ip·

311 849 367 926 sis
398 848 689 927 (laterensibus
720 851 943 930 confirmet
969 858 1148 951 pactaet
1175 848 1406 926 eoncordia

315 979 358 1048 ut
385 975 481 1045 ante
509 969 692 1058 ineruut3
719 969 814 1071 quia
837 995 915 1047 nos
942 968 1137 1047 fidelibus
1165 969 1320 1046 nostris
1337 952 1407 1046 Cass

312 1087 547 1169 tarensibus
576 1087 707 1176 dictis,
748 1089 914 1167 seriose
943 1095 985 1166 et
1019 1088 1207 1166 districte
1244 1090 1408 1166 manda·

312 1236 402 1290 mus
444 1219 487 1287 et
526 1209 828 1314 praecipimus,
869 1211 982 1313 quod
1023 1213 1176 1290 factam
1214 1215 1337 1314 pacta
1365 1216 1408 1286 et

314 1329 554 1417 concordia,
581 1330 779 1431 usquead
805 1334 903 1408 octo
932 1351 1062 1408 annos
1089 1331 1285 1434 proxime
1311 1353 1406 1406 ven·

314 1459 433 1529 turos
472 1449 735 1535 confirment,
763 1454 807 1526 ut
844 1451 960 1554 prius
989 1451 1064 1528 init
1091 1451 1201 1529 inter
1227 1474 1406 1530 comune

315 1577 503 1648 vestrum
532 1576 575 1649 et
601 1595 781 1648 comune
816 1577 1032 1668 nostrum,
1073 1575 1261 1676 ipsorum
1290 1571 1406 1650 Cata·

315 1692 523 1781 rensium,
551 1690 648 1793 quia
675 1716 844 1792 semper
872 1693 1061 1770 volumus
1091 1697 1132 1770 et
1158 1693 1405 1772 intendimus

313 1812 541 1918 adimplere
569 1813 823 1891 voluntatem
851 1819 1059 1904 vestram,
1100 1822 1299 1916 quantum
1327 1837 1407 1890 ma·

312 1937 373 2034 gis
414 1957 653 2036 possumus,
709 1931 918 2032 Rogamus
959 1934 1082 2013 etiam
1110 1943 1155 2012 ut
1182 1932 1407 2033 dignemini

315 2056 540 2161 precipere
582 2053 844 2137 vestratibus.
881 2080 935 2132 ue
981 2055 1114 2134 nostri
1158 2053 1406 2136 Gatareuses

314 2177 365 2254 ab
395 2177 455 2255 eis
476 2175 566 2252 sine
582 2176 677 2272 jure
693 2174 862 2277 aliquod
877 2197 1098 2274 gravamen
1113 2200 1197 2254 uon
1213 2172 1404 2251 habeant.

960 2295 1099 2362 Gomm.
1123 2295 1180 2362 lv,
1211 2297 1267 2362 rb·
1293 2293 1364 2358 119.

339 2431 612 2530 bXXXV.
643 2455 751 2527 rans.
781 2451 985 2529 indict.
1013 2451 1044 2530 r.
1076 2457 1120 2528 ιο
1146 2451 1380 2554 Aprilis.

313 2609 528 2667 Basaroueuo:
553 2627 591 2665 aa
616 2611 724 2683 uoatiy
752 2629 835 2686 napa
861 2611 1040 2685 Cptionor'n
1066 2629 1084 2666 ιι
1109 2615 1260 2685 Ppueorr»
1284 2625 1405 2678 poeno-

313 2727 458 2782 norma
482 2729 573 2770 noue
598 2715 726 2780 podnru
753 2731 815 2772 usn
842 2717 994 2772 blaernsa
1017 2731 1080 2787 rpu
1105 2711 1207 2791 rania,
1232 2713 1406 2786 onpenub·

313 2829 353 2871 na
378 2833 394 2870 ιι
420 2829 637 2888 ιιιορμιιιιος
661 2831 767 2891 yspno
805 2833 957 2889 upnuann
982 2831 1112 2888 uoappy
1148 2814 1276 2887 ebroay
1302 2829 1321 2867 o
1346 2827 1408 2868 no-

314 2932 516 2991 opopouaruo
573 2921 699 2994 nsnaby
747 2921 901 2978 Moeram
939 2937 956 2975 ιι
993 2934 1096 2994 spara
1126 2917 1352 2992 &reponem
1386 2933 1404 2972 ιι
1520 2971 1523 2976 Α

358 3039 486 3080 ιιοιιιτιι
511 3041 544 3078 ra
567 3041 605 3094 pa
630 3039 669 3082 oe
695 3023 843 3080 sandoro
876 3039 998 3096 anyaua
1022 3039 1059 3080 aa
1083 3017 1201 3094 usioey
1226 3037 1364 3094 canape.

417 3141 558 3244 Capto:
588 3139 691 3220 Cum
719 3139 840 3220 nobis
869 3140 1054 3218 debitum
1082 3141 1137 3216 sit
1172 3139 1407 3240 complace.

314 3285 361 3340 re
402 3261 636 3338 domiuo
694 3261 1055 3364 Imperatori
1096 3258 1313 3336 flexiae
1355 3265 1409 3336 et

314 3382 694 3467 Graecorum,
737 3383 807 3484 qui
847 3383 888 3458 in
918 3379 1110 3466 omnibus
1150 3379 1277 3480 gratis
1305 3403 1407 3457 sem·

316 3526 394 3606 per
431 3525 477 3577 se
519 3503 700 3580 ostendit
754 3501 1028 3579 favorabilem
1069 3508 1111 3577 et
1152 3504 1408 3602 promptum,

197 3617 201 3624 “
316 3624 538 3700 consulunt
562 3623 675 3724 quod
691 3621 970 3724 superprimo
1001 3620 1184 3724 capitulo
1205 3618 1409 3720 requisiti·

316 3743 406 3820 onis
433 3769 509 3821 seu
546 3745 792 3821 ambaxatae
834 3767 946 3832 suae,
973 3745 1165 3822 volumus
1207 3751 1408 3820 oretenus

319 3865 544 3969 explicare,
572 3890 650 3966 per
678 3865 910 3966 quodpetit
936 3872 1021 3944 tres
1048 3867 1187 3960 galeas
1217 3860 1409 3940 omuibus

315 3989 443 4064 armis
472 3988 721 4066 necessariis
758 3989 949 4077 munitas,
978 4011 1057 4091 pro
1099 3983 1302 4086 aliquibus
1330 3982 1409 4061 sibi

316 4108 663 4198 incumbentibus,
690 4110 823 4212 possit
837 4108 932 4186 biuo
957 4108 1118 4186 extrahi
1134 4108 1285 4186 iacere.
1313 4103 1408 4182 Res·

318 4230 578 4332 pandentur,
622 4231 884 4310 considerata
921 4228 1147 4308 dilectione
1186 4225 1409 4306 hincinde
