3228 5108
1229 412 1290 506 sti

197 647 418 726 moturum
446 632 655 748 predicti,
684 645 807 722 sicuti
835 625 1076 724 continetur
1105 654 1148 724 et
1174 648 1293 752 oppti-

198 775 268 845 rot
294 789 374 869 per
415 765 673 872 subscriptos
702 755 1004 845 conventiones
1034 773 1077 844 et
1104 768 1295 870 capitolo.

197 882 264 966 iit
300 885 490 990 primo
517 886 617 967 dicti
644 887 813 964 domino
842 885 1002 964 Heleno
1031 895 1073 966 ot
1100 887 1293 965 dominus

198 1005 323 1084 Boius
353 1003 524 1082 fuerunt
555 1006 742 1084 contenti
770 1013 815 1082 et
846 1003 1157 1108 promiserunt,
1197 1013 1292 1083 sunt

200 1128 415 1220 contenti,
454 1135 581 1227 atquc
618 1123 869 1229 promittunt
895 1125 1065 1202 nomine
1093 1150 1171 1204 suo
1199 1151 1293 1230 pro·

201 1247 309 1350 prio,
338 1269 464 1326 conso
481 1247 642 1324 terendi
671 1267 838 1322 omnem
867 1245 1109 1326 scandalum
1137 1247 1204 1324 vei
1234 1271 1294 1326 er·

199 1387 357 1454 rorem,
387 1365 458 1468 qui
485 1364 663 1444 tuissent
684 1365 751 1442 vei
767 1373 863 1444 esse
888 1371 1063 1467 possent
1090 1363 1199 1443 inter
1227 1365 1293 1444 sii·

89 1526 95 1552 s
202 1509 323 1589 quum
369 1488 576 1589 portium,
617 1487 718 1564 dure
746 1494 788 1564 ct
816 1486 961 1565 fucere
991 1479 1228 1586 consignari
1254 1487 1294 1566 in

198 1607 392 1684 munibus
421 1605 754 1709 supradictorum
796 1595 1055 1686 sindico'rum
1096 1607 1164 1684 vei
1194 1607 1293 1686 otio-

204 1751 308 1817 rum‚
324 1723 802 1806 nominenominauonis
827 1721 1115 1811 venetiorum,
1143 1749 1291 1804 omnes

202 1847 349 1936 vilius,
378 1871 532 1950 equos,
561 1846 726 1940 insulas,
755 1856 905 1936 terras,
933 1845 1098 1944 domos,
1128 1843 1291 1924 nobiles

198 1967 329 2055 viros,
342 1967 619 2059 habitatores,
632 1969 838 2048 rotioncm
853 1971 896 2045 et
909 1965 1197 2074 pertinentias,
1209 1975 1292 2070 que

198 2089 445 2190 spectarent
471 2087 539 2164 vei
566 2095 741 2190 possent
766 2095 962 2192 spectare
989 2087 1125 2188 aliquo
1160 2081 1291 2164 modo

197 2207 367 2313 profete
396 2207 669 2286 dominationi
697 2209 985 2299 venetiorum,
1013 2205 1066 2284 de
1095 2230 1148 2284 eo
1178 2207 1292 2312 quoti
1411 2307 1414 2317 Ι

198 2327 276 2408 sihi
304 2327 381 2406 init
406 2327 694 2427 consignatum
721 2335 802 2432 per
827 2327 942 2407 bone
985 2327 1194 2407 memorie
1219 2329 1290 2405 do·

197 2451 357 2530 minum
393 2449 620 2549 Georgium
661 2449 896 2536 Strutimir,
939 2473 1033 2530 oum
1073 2449 1153 2527 iilis
1195 2468 1292 2528 con·-

22 2561 40 2665 J
196 2567 437 2648 dicionibus
464 2577 507 2648 et
534 2557 671 2647 modis
701 2568 772 2671 qui
798 2569 1037 2674 pertineant
1065 2570 1114 2646 od
1143 2565 1286 2646 terito·

198 2689 306 2766 riom
334 2685 578 2766 Scutari
606 2695 649 2766 et
676 2687 942 2766 Drivusti
968 2687 1101 2767 libere
1130 2695 1171 2765 ct
1198 2687 1288 2764 sinc

198 2801 568 2904 contradictione,
612 2813 655 2884 et
681 2807 922 2886 renuntiare
950 2804 1143 2885 omnibus
1168 2805 1290 2884 rotic-

197 2927 324 3007 nibus
349 2949 455 3028 quus
481 2925 593 3005 dicta
621 2925 789 3004 domino
818 2923 993 3024 Heleno,
1024 2933 1068 3004 et
1094 2926 1289 3006 dominus

197 3047 322 3131 Boion
348 3043 554 3126 heberent
580 3046 649 3124 vei
677 3047 819 3150 utiquo
856 3049 983 3125 modo
1010 3049 1173 3127 habere
1198 3071 1290 3150 por·
1445 3088 1449 3096 ·

197 3174 306 3266 sent,
334 3167 376 3244 in
405 3168 511 3246 iocis
538 3173 581 3244 et
608 3167 871 3270 pertinentiis
898 3168 1172 3272 supradictis,
1201 3165 1292 3243 ruti·

201 3285 393 3373 hunno,
435 3293 479 3363 et
505 3283 794 3366 confirmando
836 3289 926 3366 sine
954 3289 1093 3388 aliqua
1127 3290 1290 3368 contra·

200 3407 403 3494 dictione,
431 3415 474 3485 ct
500 3409 641 3486 omnio
664 3409 776 3501 ioco,
805 3409 1290 3513 otpertineniiussupro·

201 3525 334 3606 dictos
360 3529 734 3632 secundum·quod
765 3531 881 3609 bone
919 3530 1138 3608 memorie·
1158 3527 1286 3605 nonu

203 3666 281 3725 uus
306 3647 520 3748 Georgius
544 3651 633 3754 ipso
660 3649 777 3728 dedit
802 3649 990 3728 dominio
1016 3645 1290 3728 venetiarum

199 3767 412 3870 predicto.
465 3769 610 3848 item
639 3771 752 3873 quod
794 3793 941 3848 omnes
966 3769 1220 3873 pertinentis
1249 3775 1291 3848 et

200 3889 382 3970 confinio
411 3891 488 3968 Du
507 3893 518 3969 Ι
535 3892 685 3993 cigni
726 3892 860 3970 iibero
886 3891 967 3968 siut
993 3889 1289 3969 dominationis

198 4011 487 4090 Venetiorum.
515 4009 570 4090 itt
596 4012 908 4091 Antivornm
935 4009 1164 4088 secumdum
1193 4033 1290 4089 con>

197 4131 398 4210 ditionem
415 4157 539 4235 qurum
571 4131 748 4210 fecimus
774 4131 962 4234 usquein
981 4131 1089 4210 diem
1117 4155 1288 4235 presen·

198 4258 295 4328 tem.
350 4251 401 4332 itt
426 4253 607 4355 predicti
635 4249 826 4329 dominus
854 4251 1066 4331 Rohertus
1092 4259 1136 4328 et
1162 4249 1287 4330 ‹iorni-

199 4391 276 4449 ous
302 4369 687 4453 -Jccobusnominc
710 4371 1004 4454 dominationis
1032 4370 1287 4477 supradicte.
