3234 5116
1194 321 1198 328 ’
1215 329 1275 400 ΙΙΙ

180 531 331 632 minio.
351 556 431 638 per
466 529 812 622 ambassiatorem
849 534 980 638 ipsius
1020 536 1211 638 domini,
1235 549 1279 616 et

181 656 631 756 responsiones
673 653 723 734 ad
762 653 852 758 ipsa
881 657 1074 760 capitula.

281 771 650 852 Francisous
702 773 958 854 Fosoari
1012 777 1080 860 dai
1148 781 1279 882 gratia
1386 803 1390 808 '

181 891 263 986 dux
309 893 583 972 venetiarum
624 905 703 974 eto.
770 891 982 974 Universis
1023 909 1066 976 et
1094 899 1280 1001 singulis

180 1023 263 1092 tam
292 1013 438 1094 amicis
481 1039 605 1118 quam
635 1013 841 1102 firleiibus,
884 1025 1036 1102 ettam
1077 1023 1280 1124 presenti·

181 1131 258 1212 bus
282 1159 405 1236 quam
435 1135 600 1222 futuris,
627 1159 805 1239 presens
822 1138 1090 1240 privilegium
1120 1140 1277 1242 inspee-

180 1256 308 1342 turis,
344 1257 538 1354 ¹,salutem
583 1267 623 1335 et
648 1257 830 1334 *sineere
871 1257 1112 1338 dilectionis
1158 1259 1278 1340 affec·

181 1384 266 1452 tum
296 1383 379 1455 ato.
957 1471 959 1474 ¹

221 1525 224 1532 ⁴
281 1496 526 1597 Principum
546 1496 830 1577 munificentie
846 1499 1164 1604 decusaspicit,
1179 1526 1276 1604 pro·

180 1615 316 1694 missis
355 1638 435 1718 per
481 1618 610 1717 ipsos,
651 1617 717 1694 vei
757 1641 906 1696 eorum
955 1620 1280 1700 ambassiatores

180 1738 350 1816 nuntios
372 1737 560 1815 sindicus
586 1739 653 1816 vel
680 1746 998 1840 procuratores,
1028 1763 1111 1818 non
1140 1743 1278 1819 solum

92 1855 96 1870 '
181 1858 493 1940 assentire,sed
525 1857 649 1935 etiam
679 1858 747 1934 iila
777 1861 1044 1952 confirmare,
1072 1869 1115 1940 et
1141 1861 1279 1942 valida

181 1981 378 2056 cautione
407 1978 633 2056 roborare.
672 1977 777 2056 Cum
805 1980 949 2082 itaque
978 1983 1200 2084 nuperime
1228 1981 1278 2060 ad

180 2106 370 2176 nostram
400 2125 654 2202 compareas
678 2105 953 2203 presentiam,
982 2103 1045 2178 vir
1071 2105 1277 2208 spectabi-

181 2219 1278 2328 iiseomesPribisIausPoehqualioh,

181 2339 461 2420 ambassiator
514 2343 725 2444 magnifici
802 2356 843 2424 et
896 2346 1081 2450 potentis
1123 2342 1279 2439 domini

182 2460 443 2560 sandali,
488 2467 675 2564 magni
717 2467 970 2545 vairode
1011 2465 1279 2550 Bos‘sino

182 2581 316 2662 intimi
347 2585 468 2664 amini
498 2585 632 2662 nostri
662 2585 848 2672 dominii,
879 2585 1000 2664 nobis
1029 2567 1279 2690 porrexerit

181 2701 330 2794 decem
373 2705 580 2807 capitula,
625 2713 667 2782 et
695 2730 771 2807 per
800 2703 989 2808 ipsorum
1017 2730 1201 2796 nonum,
1228 2705 1277 2782 si·

182 2833 253 2902 cut
281 2823 321 2898 in
351 2823 423 2902 iilo
440 2823 615 2901 inferius
643 2824 966 2912 caverunnobis
994 2826 1279 2928 supiicaverit‚

182 2954 225 3023 ut
266 2943 486 3044 dignemur
536 2945 623 3045 ipsa
668 2945 845 3047 capitula
889 2953 932 3023 et
977 2945 1280 3050 responsiones

182 3069 364 3152 nostras,
392 3087 473 3144 neo
501 3089 585 3143 non
608 3063 871 3166 privilegium
901 3063 989 3142 sive
1016 3073 1278 3145 contractum

183 3185 408 3266 concordii
437 3193 479 3264 et
507 3187 636 3286 pacis,
653 3186 858 3267 celebrati
875 3186 998 3280 inter
1024 3211 1104 3265 nos
1132 3193 1174 3264 et
1201 3211 1310 3268 mam

182 3305 465 3402 gniiioentiam
508 3331 640 3397 suam,
682 3331 759 3410 per·
797 3307 979 3384 medium
1021 3305 1098 3381 viri
1126 3305 1280 3382 nobilis

180 3421 384 3503 iohannis
414 3426 602 3525 Georgio
633 3426 928 3506 ambasiatoris
957 3428 1106 3512 nostri,
1129 3425 1168 3502 in
1198 3447 1280 3500 uno

182 3547 334 3624 eodem
362 3553 511 3624 nostro
538 3549 775 3647 privilegio,
796 3547 908 3624 bulla
932 3555 1076 3628 nostra
1106 3547 1280 3643 bullato,
1326 3531 1327 3542 ἵ

183 3666 327 3744 facere
356 3667 561 3746 annotari.
613 3669 698 3746 Nos
738 3668 818 3746 etsi
860 3693 914 3746 ex
956 3669 1092 3746 innata
1130 3676 1278 3746 nostru

185 3784 370 3866 dominio
399 3786 495 3875 tide,
537 3811 624 3864 non¹
649 3789 787 3865 solum
817 3786 1149 3890 privilegiasse
1184 3809 1279 3889 que·

185 3933 265 4009 que
308 3913 510 3986 oretenus
539 3908 675 4006 etiam,
707 3935 790 4010 que
830 3909 1070 4012 inscriptis
1110 3906 1281 4002 minime.

183 4039 397 4134 apparent,
439 4027 651 4133 promissa
690 4028 990 4114 inviolabiliter
1018 4028 1282 4107 attendamus

182 4158 225 4228 et
253 4155 550 4256 observemus,
589 4155 645 4231 ob
669 4152 790 4257 ,quod
818 4153 975 4232 dietum
1014 4149 1280 4254 privilegium
