3230 5104
322 421 387 488 462

328 629 457 716 tenti,
486 629 526 706 el
556 631 671 707 ‹liclo
704 629 882 706 castello
910 628 971 707 sia
1000 629 1174 707 ruinado
1204 628 1423 732 ctspiana·

326 751 381 828 do
411 747 606 848 segondo
638 748 676 824 el
707 749 1061 825 comandamento
1102 747 1153 826 de
1192 748 1229 824 la
1255 748 1421 851 prelata

282 857 289 864 ’
326 868 602 946 illustrissima
631 868 831 968 signoria,
859 891 955 944 cum
985 878 1150 970 questo,
1179 867 1274 946 chel
1302 868 1419 948 dicio

326 993 474 1092 signor
501 991 638 1068 Leclra
668 995 710 1066 cl
725 987 900 1074 fradelli,
929 1015 982 1066 nc
1010 991 1118 1070 altre
1134 1013 1415 1093 personcnon

328 1135 457 1218 possa
485 1111 627 1213 quello
658 1111 832 1190 castello
859 1111 928 1212 piu
960 1109 1226 1192 rehcdilicar:
1268 1136 1321 1190 ne
1348 1111 1415 1188 lla-

331 1234 441 1312 bilar
467 1257 598 1336 sopra
626 1257 721 1310 esso
750 1243 908 1324 monte,
935 1255 1061 1311 senza
1102 1235 1272 1311 liccnlia
1302 1235 1355 1313 de
1383 1234 1423 1310 la
1478 1274 1483 1286 ·

327 1353 537 1455 prelibala
566 1353 844 1431 illuslrissima
872 1353 1056 1452 signoria
1084 1354 1356 1432 chenexia.

429 1471 450 1548 Ι
465 1478 481 1548 l
497 1498 521 1551 e
538 1497 577 1549 m
608 1498 683 1551 azo
714 1475 809 1552 chel
839 1471 955 1550 dicto
971 1471 1109 1550 hecha
1137 1471 1329 1553 Dirchain
1344 1498 1425 1576 ρει·

328 1615 429 1670 rara
459 1592 721 1695 experientia
751 1590 917 1670 inlenda
953 1621 975 1668 e
1005 1615 1233 1692 cognoscas,
1263 1590 1343 1671 che
1386 1593 1425 1669 la

329 1714 494 1818 prelata
522 1715 801 1792 illuslrissima
828 1716 1010 1814 signoria
1026 1717 1078 1791 de
1092 1714 1296 1792 Veniexia
1313 1714 1428 1816 quel·

329 1835 369 1910 lo
397 1833 530 1912 haver
555 1859 632 1939 per
661 1835 743 1912 bon
772 1835 858 1930 flul,
895 1833 1034 1936 quella
1061 1835 1242 1934 signoria
1271 1861 1295 1910 e
1322 1859 1426 1912 con.-

330 1961 458 2042 tenta,
487 1979 510 2030 e
538 1956 552 2030 i
579 1955 778 2058 prelibati
804 1953 1014 2053 magnifici
1045 1957 1204 2037 rectori
1246 1978 1323 2056 per
1350 1979 1425 2032 no·
1490 2038 1494 2046 ,

331 2077 479 2152 mede
509 2099 603 2153 essa
632 2099 741 2152 sono
772 2073 979 2152 contenti:
1008 2099 1031 2149 e
1062 2075 1173 2152 cussi
1212 2081 1427 2176 promele-

334 2219 403 2272 no:
432 2193 512 2272 circ
555 2195 664 2271 oltra
694 2195 732 2270 la
762 2193 858 2271 ville
902 2193 982 2273 che
1025 2196 1080 2271 lui
1121 2195 1204 2272 lien
1246 2195 1352 2271 ullra
1382 2195 1422 2271 el

333 2321 478 2391 monte
509 2314 577 2390 del
608 2314 730 2402 Salii,
747 2314 798 2390 da
815 2315 852 2389 la
867 2316 1028 2416 prelala
1057 2313 1333 2393 illustrissima
1344 2315 1428 2414 sig·

332 2433 453 2510 noria
470 2433 665 2512 luihabia
694 2443 738 2510 et
765 2458 1031 2534 recognosca
1059 2435 1097 2512 in
1127 2434 1254 2511 feudo
1282 2445 1361 2536 per
1388 2433 1425 2510 si

330 2555 450 2632 esoi
476 2551 626 2630 heredi
655 2559 697 2628 ct
725 2555 984 2642 successori,
1012 2556 1051 2632 lc
1080 2552 1424 2631 villeinirascril·

328 2684 382 2762 te,
411 2674 449 2750 lc
479 2674 576 2774 qual
606 2699 714 2751 sono
745 2674 808 2748 ala
837 2683 956 2752 cosla
985 2673 1052 2750 dcl
1080 2683 1225 2753 monte
1260 2674 1423 2752 deflat-

329 2794 374 2898 ti,
403 2819 426 2872 e
455 2793 507 2872 de
537 2817 618 2894 qua
646 2795 699 2870 da
727 2817 825 2870 csso
855 2799 1010 2873 monle:
1037 2795 1132 2872 zioe
1162 2793 1313 2870 isvilla
1342 2793 1419 2872 ra·

329 2913 433 3001 lazo,
449 2913 630 3000 Armeni,
645 2913 769 2994 Piera
786 2939 921 3002 rossa,
949 2915 1206 3002 Scaramani,
1221 2939 1295 2992 sau
1311 2915 1421 2992 Mar·

329 3036 412 3111 tim:
427 3033 686 3125 Fontanella‚
705 3034 1010 3116 Chimeclrichi:
1028 3037 1162 3123 Lausi,
1179 3034 1422 3134 Cragliano,

327 3152 456 3240 rista,
483 3153 668 3241 lermixi,
699 3155 929 3255 Caxeglini:
958 3165 1001 3234 et
1036 3155 1180 3233 Steian
1224 3157 1423 3257 pragoni.

330 3275 484 3352 bavilla
500 3285 743 3354 veramente
759 3280 813 3355 dc
828 3278 1028 3356 ltrossani
1062 3277 1222 3380 perche
1241 3277 1279 3354 le
1295 3299 1421 3377 passo

328 3397 366 3471 cl
397 3394 511 3474 dicto
537 3419 697 3496 segnor
714 3397 852 3477 Locha
881 3400 1006 3479 debia
1035 3399 1315 3496 consignaral
1332 3419 1423 3502 pre·

331 3513 414 3590 fato
444 3516 664 3593 missario
696 3525 822 3595 conte
861 3543 884 3594 e
925 3517 1135 3617 capitanio
1164 3519 1216 3595 dc
1254 3517 1421 3596 Sculari

329 3657 433 3712 over
459 3662 482 3713 a
509 3660 586 3714 suo
617 3661 871 3730 commesso,
899 3663 976 3743 per
1009 3663 1134 3717 nome
1164 3643 1216 3717 de
1245 3643 1284 3717 la
1312 3641 1421 3717 dicla

333 3755 609 3836 illustrissima
636 3759 823 3858 signoria
852 3760 905 3839 dc
933 3763 1151 3840 Veniexis.

432 3876 561 3954 ilem
590 3878 685 3957 chal
716 3879 828 3959 dicto
857 3903 1017 3980 segnor
1045 3881 1185 3960 hecha
1227 3881 1420 3960 Dachain

332 3999 372 4075 in
402 3997 441 4076 cl
470 3998 564 4102 pian
591 3999 659 4075 del
677 3997 780 4078 Satri
795 4001 889 4078 zioe
906 4002 944 4080 la
963 3999 1177 4086 Xadrima.
1192 4003 1228 4078 la
1255 4001 1425 4080 villade

337 4117 529 4206 Chotari,
558 4120 775 4209 daldarzi,
804 4123 883 4198 cla
896 4123 994 4200 villa
1022 4126 1074 4201 dc
1102 4123 1114 4198 i
1144 4124 1280 4203 Cruttl
1310 4123 1428 4202 ultra

333 4239 371 4315 cl
399 4237 527 4317 iiume
557 4239 624 4316 del
653 4238 799 4333 ladio,
840 4242 880 4320 in
908 4241 1078 4348 pheudo
1109 4253 1153 4323 ut
1179 4265 1306 4347 supra
1322 4265 1428 4322 cum
