3206 5110
169 587 321 666 auditis
359 595 401 664 et
433 585 663 686 diligenter
697 587 924 666 intellectis
953 594 995 666 et
1023 597 1261 694 praesenta·

162 706 224 785 *tis
260 708 384 786 etlam
421 731 471 786 ac
499 705 712 807 porrectis
739 705 779 782 in
807 705 977 808 scriptis
1015 714 1166 786 nostro
1194 709 1266 786 do·

172 827 301 908 minio
342 825 607 930 exponendis
644 826 775 904 vestri
816 835 951 930 parte,
981 849 1058 928 per
1085 829 1267 930 pruden-

68 954 74 965 “
170 956 255 1026 tem
283 947 416 1026 virum
444 946 702 1026 Marinum
737 945 801 1024 de
825 947 1067 1036 'Drusum
1096 946 1264 1026 fidelem

170 1077 362 1146 nostrum
401 1067 472 1146 Ca
491 1077 503 1146 t
521 1069 769 1152 urinum,
798 1091 924 1168 quem
954 1093 1049 1146 cum
1079 1069 1268 1170 praedic·

170 1187 223 1266 tis
249 1189 400 1268 vestris
429 1188 591 1278 litteris,
608 1186 957 1265 concludentibus
985 1189 1098 1289 qrrud
1129 1189 1265 1267 eidem

171 1309 438 1390 credulitatis
466 1309 590 1386 tidem
620 1305 822 1384 adbibere
847 1306 1088 1406 dignemur,
1117 1306 1168 1386 ad
1196 1332 1267 1387 no·

164 1439 300 1510 stram
328 1427 612 1528 praesentiam
641 1427 880 1506 destinastis
898 1477 1037 1506 ......
1054 1433 1097 1506 et
1122 1427 1263 1507 volen-

171 1559 237 1628 tes
264 1549 380 1654 quod
408 1550 599 1630 habeatis
634 1554 821 1628 nostram
858 1550 1174 1628 determinatam
1204 1571 1265 1626 re·

170 1673 466 1776 sponsionem.
486 1674 811 1750 ...denotamus
838 1670 979 1748 vobis:
1008 1672 1121 1772 quod
1150 1671 1266 1750 eirea

170 1794 478 1894 provisionem,
516 1815 626 1895 quae
663 1815 716 1870 ex
743 1791 965 1894 praedicto
994 1798 1138 1869 vestro
1167 1793 1266 1870 scri·

171 1912 489 1994 bere...uobis
515 1911 737 1990 videretur
763 1909 924 1990 debere
954 1911 1045 1990 lieri
1073 1919 1153 1990 etc.
1186 1911 1266 1990 No·

172 2037 326 2113 luanus·
345 2035 432 2112 ullo
470 2032 598 2111 modo
634 2033 877 2135 quicunque
906 2031 998 2112 lieri
1026 2033 1266 2138 superinde,

171 2165 214 2235 at
240 2157 296 2234 ita
324 2155 449 2238 etiam
477 2150 672 2232 uidebitis
700 2151 910 2231 contineri
934 2209 1074 2231 ......
1098 2161 1265 2232 nostras

171 2274 490 2377 responsiones,
507 2257 758 2352 deliberatus
785 2277 829 2348 et
856 2279 998 2376 captas
1024 2282 1266 2377 pernostra

171 2395 350 2474 consilia
379 2403 625 2493 rogatorum
655 2400 698 2470 et
724 2389 924 2470 editionis
952 2449 962 2469 .
989 2449 1000 2472 .
1028 2447 1038 2467 .
1066 2394 1266 2475 mittimus

169 2517 295 2596 robis
322 2514 504 2614 scriptas
531 2514 572 2592 in
602 2512 710 2592 folio
738 2510 1031 2616 praesentibus
1067 2513 1262 2592 introclu-

170 2663 236 2725 so‚
262 2635 455 2714 volentes
485 2642 642 2712 et
667 2631 856 2710 fidelitati
879 2641 1047 2710 vestrae
1074 2635 1264 2714 mandan-

172 2766 262 2844 tes,
300 2761 503 2860 quatenus
533 2776 603 2831 eas
631 2761 675 2832 ut
704 2751 842 2830 iacent
878 2752 1069 2832 debeatis
1096 2753 1266 2833 invicia·

173 2879 317 2959 biliter
345 2875 578 2958 observare
595 2932 605 2952 .
622 2925 633 2949 .
651 2929 688 2954 ..
715 2873 779 2954 Ad
808 2879 1001 2978 partem,
1039 2873 1161 2976 quam
1187 2898 1267 2980 per

172 3003 315 3081 literas
340 3003 504 3075 vestras
532 2994 744 3080 scribitis,
783 2995 896 3096 quod
928 3019 1025 3074 cum
1053 2995 1267 3073 senseritis

171 3121 388 3199 dominum
425 3103 760 3216 Georgium¹
788 3114 854 3192 de
894 3115 1079 3192 Vulco
1120 3116 1267 3194 subtus

173 3238 448 3317 Scutarum
484 3235 753 3340 applicuisse,
771 3258 856 3336 quo
885 3241 1086 3311 secturus
1114 3239 1193 3330 est,
1223 3244 1269 3311 ut

174 3357 385 3438 informati
426 3378 643 3434 menemus
669 3377 747 3457 per
772 3356 885 3457 ipsas
921 3359 1083 3430 vestras
1123 3350 1267 3430 literas

174 3487 217 3559 et
244 3479 369 3558 etiarn
397 3500 476 3580 per
505 3476 647 3556 literas
682 3474 784 3554 dieti
824 3475 983 3552 domini
1017 3471 1268 3573 Georgii

173 3602 296 3680 nobis
324 3598 485 3684 missas,
513 3599 683 3699 quasin
711 3597 815 3702 ipsis
849 3596 1000 3675 vestris
1036 3593 1183 3673 litteris
1210 3593 1267 3671 in·

175 3723 385 3802 troclusas
413 3730 561 3798 nostro
578 3719 768 3797 dominio
797 3715 1048 3804 destinastis,
1064 3713 1264 3818 adipsum

174 3843 404 3922 dominum¹
420 3839 651 3938 Georgium
693 3834 981 3918 transmittetis
1007 3832 1148 3912 subito
1182 3831 1210 3908 d
1225 3857 1265 3912 o·

173 3964 388 4043 bannem'
424 3959 489 4036 de
523 3957 691 4056 busa,
721 3979 845 4037 causa
871 3955 990 4061 pacis
1019 3953 1267 4036 contraben-

174 4083 252 4165 dae
280 4089 363 4162 ete.
388 4079 610 4159 Vellemus
637 4079 819 4157 libenter
860 4077 1141 4158 consideratis
1169 4095 1264 4154 con·

175 4203 420 4295 siderandis,
434 4227 512 4281 ros
526 4202 664 4282 eidem
686 4199 872 4280 dobanni
888 4197 1123 4287 obmisisse,
1150 4195 1263 4300 quod

1590 3969 1596 4192 l

1589 4202 1594 4367 ἐ
