3192 5112
176 615 257 693 quo
276 589 457 672 discreto
484 613 683 694 persono,
712 589 844 692 quatis
858 589 1046 694 placebit
1061 575 1263 672 dobrinio.

177 713 439 804 consiliariis,
468 712 673 816 capitibus
701 722 743 790 et
764 713 1021 816 sapientibus
1035 713 1102 796 vei
1117 713 1264 812 mojori

176 833 295 934 perti,
309 835 360 912 od
386 833 698 937 procurandum
714 833 901 936 quietem
917 842 960 912 et
987 835 1264 916 concordium

175 955 284 1032 inter
309 955 550 1058 praedictos
577 955 787 1036 dominum
815 955 966 1034 bonurn
996 965 1039 1035 et
1067 958 1263 1036 comitem

175 1075 438 1160 Matodinum‚
467 1101 563 1156 cum
591 1075 672 1154 iilis
692 1077 848 1162 verbis,
878 1101 984 1180 quae
1012 1074 1265 1156 ridebuntur

176 1193 363 1276 dominio
407 1197 687 1286 consistendo,
733 1203 776 1272 et
816 1197 1024 1277 rescribat
1065 1195 1263 1302 quidquid

175 1317 385 1395 invenerit
412 1325 454 1396 et
483 1319 627 1396 fecere
668 1317 853 1420 poterit,
893 1325 934 1395 et
970 1325 1160 1396 nostrum
1199 1341 1264 1394 ex-

173 1445 319 1540 pectet
347 1439 597 1518 mandatum.

273 1593 326 1672 Et
352 1599 595 1676 comitiatur
623 1599 746 1676 etiam
774 1593 892 1674 dicto
918 1601 1064 1672 nostro
1093 1595 1264 1688 nuncio,

174 1712 287 1814 quod
314 1713 350 1793 si
377 1714 508 1794 bonus
537 1719 575 1796 ei
611 1723 804 1818 tangeret
832 1715 999 1818 atiquid,
1027 1721 1109 1792 tam
1137 1739 1265 1818 super

173 1833 297 1914 factis
323 1838 613 1940 spectantibus
655 1835 924 1926 omboxatoe,
965 1859 1087 1936 quom
1128 1835 1264 1938 pridie

173 1957 225 2040 od
254 1980 332 2032 nos
360 1957 481 2046 misit,
510 1979 633 2060 quom
661 1982 791 2061 super
829 1953 1033 2058 aliquibus
1071 1954 1160 2034 otiis
1187 1955 1265 2034 icc·

173 2075 241 2172 tis,
271 2101 379 2178 quoe
416 2077 538 2158 nobis
580 2085 754 2184 possent
795 2085 1017 2182 spectorc3
1057 2075 1197 2160 audiat
1224 2085 1266 2156 et

172 2196 311 2276 trahat
348 2197 527 2299 provide
563 2199 736 2302 abipso
779 2205 914 2278 totum
942 2198 1053 2309 quod
1094 2200 1264 2302 poterit,

172 2325 216 2396 et
243 2320 407 2396 senciat
443 2319 496 2395 de
523 2319 757 2400 intentione
785 2341 882 2405 suc,
910 2325 953 2398 et
989 2315 1197 2398 rescribat
1223 2323 1265 2399 et

171 2443 373 2538 expectet
398 2447 588 2516 nostrum
618 2439 870 2517 mandatum.

274 2609 504 2688 Praetereo
533 2614 775 2691 comittatur
802 2613 916 2690 dicto
932 2617 1080 2690 nostro
1096 2609 1264 2698 nuncio,

173 2729 288 2830 quod
315 2739 521 2833 procuret
548 2757 626 2836 per
655 2758 823 2834 omnem
851 2733 1033 2822 modum,
1055 2732 1264 2835 quodior·
1361 2768 1364 2779 ·

137 2879 141 2895 ·
172 2850 300 2930 titicic
329 2875 451 2953 quom
492 2853 711 2933 bcditiccri
740 2855 838 2932 tacit
876 2851 1264 2932 Constantinus

173 2972 390 3066 ruinetur,
433 2975 628 3052 faciendo
668 2983 710 3053 et
736 2975 1006 3079 procurando
1049 2997 1144 3052 cum
1184 2973 1263 3051 iliis

172 3091 454 3173 deSibenico
485 3103 649 3174 etcum
692 3099 914 3175 comite
949 3093 1264 3201 MotcdinQ

171 3215 286 3318 quod
329 3217 490 3294 mittant
517 3219 570 3294 de
598 3217 683 3294 suis
726 3215 919 3316 gentibus
948 3215 998 3292 cd
1028 3210 1263 3295 faciendum

173 3359 263 3412 eom
292 3336 460 3422 ruinari,
491 3361 618 3438 quum
648 3338 769 3415 aliter
798 3337 980 3416 obtineri
1006 3361 1091 3414 non
1119 3343 1265 3437 posset

172 3457 285 3558 quod
313 3459 565 3538 ruinorctur.
604 3458 657 3536 Et
686 3457 895 3537 scribetur
935 3459 1155 3560 capitaneo
1192 3483 1263 3534 no·

171 3585 260 3656 stro
289 3586 454 3670 terrae,
491 3579 605 3682 quod
635 3581 866 3684 praedictis
894 3583 947 3658 de
976 3577 1033 3654 Si
1048 3577 1074 3652 b
1091 3601 1154 3655 en
1170 3578 1183 3654 i
1199 3597 1263 3656 co

171 3707 213 3776 et
254 3699 397 3779 comiti
437 3699 674 3792 Matodino,
714 3701 935 3778 subveniat
975 3699 1026 3776 de
1067 3697 1262 3798 gentibus

170 3819 353 3908 nostr-ts,
375 3844 453 3922 pro
482 3819 671 3900 facienda
701 3820 937 3898 ruinotione
965 3820 1192 3921 praedicta,
1221 3817 1260 3894 in

170 3965 220 4020 ea
247 3939 486 4042 quontitate,
514 3965 636 4042 quam
663 3939 817 4019 viderit
844 3940 1057 4045 expedire.

698 4115 806 4181 Scor.
829 4115 918 4203 nog.
944 4114 1016 4179 Lib.
1040 4113 1066 4178 1.
1090 4115 1147 4180 cb.
1168 4113 1220 4180 54.
