3206 5110
323 585 513 692 cipaliteu
551 583 784 682 obligando
812 583 992 686 quilibet
1019 585 1169 663 uorum
1199 607 1278 686 ono
1310 581 1428 660 libris

321 709 431 784 etin
462 701 714 782 lib'nia'CCC
743 702 1014 781 denaniorum
1044 703 1306 782 Venetorum
1334 729 1427 805 pan·

321 851 486 915 vonum,
515 832 556 902 et
586 847 745 910 omnes,
773 831 817 902 et
845 822 1021 924 quilibet
1045 846 1198 900 eorum
1225 847 1271 900 se
1299 823 1430 900 obbli.

323 947 463 1045 gando
492 953 537 1022 ut
563 946 721 1022 ‹llotum
753 943 1013 1046 eat,aolepni
1043 943 1315 1045 stipulatione
1333 967 1428 1046 pro·

322 1065 526 1144 ntisenunt
553 1087 630 1165 pet·
656 1089 728 1151 se,
757 1069 800 1141 et
828 1087 1004 1150 eorum,
1031 1071 1075 1141 at
1103 1062 1328 1160 cujuslibet
1358 1089 1426 1138 eo·

321 1209 413 1261 utun
442 1181 638 1269 heredes,
666 1189 708 1258 et
736 1205 1013 1260 succesores
1027 1181 1144 1260 dieto
1158 1181 1330 1259 domino
1349 1179 1427 1255 llo·

320 1307 440 1405 genio
470 1305 733 1386 Mauroceuo
762 1303 939 1402 egregio
966 1303 1153 1384 ladnenai
1180 1305 1337 1380 comite
1364 1325 1426 1377 ne.

321 1425 525 1524 uiolenti,
567 1436 610 1502 et
646 1424 858 1526 stipulanti
894 1423 1014 1516 viee,
1054 1433 1099 1502 et
1127 1424 1302 1502 nomine
1330 1421 1427 1500 dicti

320 1544 479 1624 domini
505 1545 626 1623 ducis
655 1545 954 1631 Venellorum,
984 1541 1199 1631 comunis,
1228 1538 1274 1619 et
1298 1541 1427 1618 bomi-

319 1691 417 1744 num
459 1665 654 1752 Venetia,
679 1673 724 1741 ut
751 1689 879 1766 stupra
907 1667 1111 1767 seriptum
1140 1671 1276 1744 estse
1305 1663 1428 1740 lactu

322 1809 394 1863 uos
422 1789 466 1860 et
494 1793 733 1876 curaturos,
749 1783 864 1862 omni
892 1783 1165 1885 exceptione,
1196 1789 1240 1858 et
1267 1785 1425 1862 occasi·

320 1931 402 1982 one
432 1906 623 1992 remotis,
651 1904 764 2006 quod
792 1904 1011 2008 prediatus
1039 1929 1184 1982 comes
1214 1901 1422 2000 Georgius

319 2031 403 2102 tum
431 2049 509 2102 auo
537 2025 738 2110 nomine,
767 2031 810 2101 et
836 2048 1011 2101 suorum
1041 2021 1269 2111 bominum,
1303 2045 1424 2124 quern

320 2145 513 2223 comunis
541 2153 584 2222 et
612 2143 828 2222 hominum
846 2143 1085 2235 Almisi1‚ut
1113 2167 1239 2247 supra
1268 2141 1425 2222 dictum

319 2263 396 2350 eal,
424 2260 541 2340 lirma
571 2265 612 2339 'et
641 2269 730 2340 rata
759 2261 984 2341 babebitet
1009 2263 1184 2352 tenebit,
1211 2271 1255 2341 et
1283 2263 1425 2340 obser.

318 2381 456 2469 vabit,
500 2395 542 2460 et
569 2381 817 2486 adimplebit
855 2383 994 2462 omnia
1024 2386 1066 2461 et
1093 2383 1256 2482 singula
1283 2407 1425 2487 supra·

319 2503 489 2604 scripta,
518 2511 561 2579 et
590 2503 766 2603 quilibet
793 2526 970 2592 eorum,
1010 2507 1052 2580 et
1082 2527 1164 2580 non
1195 2511 1344 2581 contra
1373 2503 1426 2581 la-

319 2617 402 2696 oiet
429 2623 496 2698 vel
539 2624 704 2700 veniret
731 2625 869 2725 aliqua
905 2622 1083 2711 natione,
1113 2625 1309 2721 ingenio,
1336 2624 1425 2701 sive

320 2765 445 2818 eausa
474 2742 660 2841 dejure,
689 2727 757 2822 uel
784 2747 837 2822 de
866 2743 1088 2830 facto,sub
1116 2743 1233 2846 penis
1262 2743 1425 2848 predic-

318 2861 371 2937 tis
399 2885 478 2962 pel·
505 2887 594 2956 eos,
622 2873 664 2940 et
692 2863 924 2965 quemlibet
953 2888 1103 2942 eorum
1127 2865 1344 2966 expressis
1358 2889 1426 2942 so·

320 2979 474 3082 lampui
516 2981 784 3085 stipulatione
813 2983 1046 3086 premissa,
1084 2993 1126 3062 el
1167 2985 1426 3084 obligatione
1510 2991 1514 2998 '

318 3099 504 3175 omnium
522 3103 731 3178 bonorum
756 3125 949 3201 auorum,
977 3107 1019 3180 et
1038 3101 1262 3200 cuiuslibet
1275 3128 1425 3183 eorum

318 3242 397 3319 pro
428 3221 730 3321 quantitatibus
759 3223 1013 3326 supradictis
1042 3223 1259 3302 mobilium
1290 3233 1331 3302 et
1358 3223 1430 3299 im·

233 3357 239 3364 ·
319 3337 552 3429 mobilium,
581 3345 857 3446 presentium,
885 3353 928 3421 et
955 3344 1209 3422 futurorum.

420 3462 526 3540 Acta
556 3469 598 3543 et
637 3463 797 3542 lit-mata
847 3465 1015 3544 luerunt
1057 3466 1246 3569 predicta
1287 3467 1428 3544 omnia

318 3585 361 3656 et
402 3583 565 3681 singula
606 3586 656 3662 ad
694 3582 898 3664 Obrovitz
940 3585 1076 3664 villam
1114 3591 1264 3662 sancte
1292 3585 1429 3662 Mario

316 3701 557 3780 monialium
598 3703 651 3781 de
679 3703 814 3795 latina,
847 3705 885 3781 in
917 3706 1025 3806 logia
1053 3705 1165 3782 dicte
1192 3705 1305 3789 ville,
1331 3729 1427 3806 pre-

316 3822 506 3900 sentibus
535 3823 746 3903 nobilibus
768 3826 865 3903 vinis
882 3827 1063 3905 dominia
1078 3825 1175 3905 Vita
1203 3825 1255 3902 de
1284 3825 1430 3903 Cerne

316 3944 369 4019 de
386 3943 561 4044 Mergia,
592 3945 803 4024 Michaele
826 3949 879 4024 de
893 3945 1109 4043 Varioasa,
1127 3949 1170 4023 et
1197 3945 1356 4024 Iacobo
1372 3946 1430 4022 tle

317 4061 534 4142 Zadolinis
562 4089 612 4146 ac
652 4067 832 4145 dominia
861 4069 1045 4167 Angelus
1075 4065 1240 4166 negdus
1269 4067 1320 4144 de
1350 4067 1427 4144 bo·

318 4185 570 4276 weeltenai,
600 4187 782 4268 Volziba
810 4179 863 4267 de
893 4190 1137 4280 Matalanno,
1181 4187 1322 4266 Micba
1351 4187 1432 4290 Py·
