3220 5118
326 395 392 460 bib

416 601 638 680 ,Volentes
678 597 896 680 securitati
936 606 979 676 et
1019 595 1333 677 conservationi
1360 595 1418 674 lo·
1485 675 1489 686 ,

232 714 235 728 ’
330 729 737 802 corumnostrorum
765 721 1062 800 Dalmatiae
1090 724 1133 798 et
1159 715 1418 795 Albaniae

247 913 249 916 ,
327 843 474 923 lacere
502 841 818 948 provisionem,
848 840 1037 922 fidelitati
1064 845 1230 916 vestrae
1258 834 1419 913 manda·

238 1047 239 1050 γ
327 989 420 1044 mus
437 1019 575 1044 ......
606 964 796 1044 debeatis
824 986 918 1040 cum
950 960 1144 1038 omnibus
1172 957 1261 1036 aliis
1289 957 1419 1059 galeis

179 1113 181 1119 ⁸
326 1083 445 1160 vobis
464 1083 668 1174 comissis,
679 1089 722 1162 et
737 1107 831 1160 cum
847 1078 1095 1169 ballistariis,
1107 1101 1216 1183 quos
1230 1100 1309 1181 pro
1327 1079 1421 1156 sub·
1513 1081 1519 1098 '

328 1202 525 1282 ventione
543 1205 739 1282 locorum
753 1208 996 1280 nostrorum
1014 1198 1233 1279 Scutari
1258 1203 1302 1274 et
1315 1197 1349 1274 D
1361 1221 1382 1274 r
1394 1199 1422 1278 i·

326 1323 464 1402 vasti
492 1323 701 1413 mittimus,
731 1349 827 1405 cum
854 1347 934 1402 una
961 1323 1129 1422 galeata
1157 1317 1420 1398 banchorum

325 1442 469 1544 viginti
498 1501 734 1524 .......
766 1445 828 1522 ire
855 1441 1117 1548 prestissime
1144 1466 1293 1521 versus
1327 1439 1421 1516 Bo·
1572 1453 1573 1478 ¹

326 1565 498 1645 ianam
526 1621 766 1646 .......
794 1577 961 1644 etcum
1004 1563 1119 1642 eritis
1149 1565 1258 1668 apud
1299 1560 1422 1638 Dul·'

327 1685 575 1786 cignum,
616 1683 807 1766 debeatis
836 1685 875 1762 in
904 1685 1019 1766 dicto
1048 1693 1192 1764 vestro
1230 1705 1422 1774 accessu,
1571 1677 1573 1740 ἑ

327 1808 424 1910 quia
451 1805 508 1886 ibi
542 1815 605 1885 est
633 1830 715 1886 una
748 1809 942 1908 galeota,
984 1807 1020 1884 si
1047 1808 1166 1884 vobis
1194 1803 1420 1890 videbitur,
1572 1799 1573 1810 ²

326 1932 547 2029 autequam
587 1926 749 2004 intretis
790 1928 1016 2018 Boianam,
1062 1927 1173 2004 illam
1209 1925 1421 2026 galeciam

328 2051 591 2128 comburere·
626 2049 695 2124 vel
725 2048 820 2149 capi
860 2047 1002 2134 lacere
1031 2101 1313 2126 ........
1340 2069 1421 2146 per

327 2168 529 2248 Boianam
558 2165 745 2252 debeatis
773 2167 836 2245 ire'
864 2191 1031 2246 sursum
1061 2175 1259 2269 quantum
1303 2173 1420 2270 pote·
1571 2237 1573 2274 ,

327 2291 421 2368 ritis
425 2347 535 2380 .....
558 2299 709 2370 etcum
738 2289 854 2368 eritis
882 2313 1045 2368 sursum
1063 2345 1173 2368 .....
1189 2287 1421 2388 providere

326 2408 532 2510 debeatis,
562 2411 614 2488 de
644 2410 850 2490 mittendo
881 2411 1019 2490 dictos
1046 2409 1296 2488 ballistarios
1326 2433 1423 2488 cum

326 2531 571 2619 securitate,
588 2531 637 2608 ad
655 2531 796 2610 locum
811 2538 1004 2612 nostrum
1021 2528 1199 2620 Scutari,
1227 2527 1420 2606 faciendo
1572 2551 1573 2556 ‘

327 2650 422 2730 illos
450 2653 513 2732 ire
540 2676 619 2754 per
660 2653 769 2730 viam
797 2649 978 2730 lluminis
1004 2653 1071 2728 vel
1099 2649 1313 2752 perviam
1340 2657 1421 2726 ter·

287 2809 293 2820 .
327 2797 430 2875 rae,
460 2781 505 2854 ut
532 2773 653 2853 vobis
680 2776 829 2853 mellus
858 2774 1079 2878 apparebit
1105 2827 1350 2850 .......
1378 2775 1423 2850 et

326 2895 464 2974 missis
505 2895 628 2976 dictis
667 2891 906 2974 ballistariis
948 2895 998 2972 ad
1040 2896 1180 2972 locum
1226 2897 1421 2987 nostrum

327 3015 495 3096 Scutari
528 3067 734 3094 ......
769 3014 959 3096 debeatis
1001 3014 1173 3114 vigilare
1216 3013 1421 3106 continue

328 3161 423 3216 cum
441 3135 629 3236 diligenti
653 3136 954 3228 sollicitudine,
968 3138 1021 3217 ad
1049 3134 1265 3227 ruinam,
1286 3135 1422 3222 {darri-¹

326 3279 441 3334 num
471 3255 961 3334 etexterminium
990 3254 1206 3334 Balsae
1236 3253 1430 3342 etloco·‚

327 3401 418 3456 rum
446 3400 632 3466 suorum,
660 3382 702 3454 et
726 3373 883 3454 inferre
912 3381 956 3454 et
969 3375 1118 3453 inferri
1147 3374 1291 3452 lacere
1318 3374 1419 3452 totis

326 3497 478 3578 vestris
505 3496 690 3596 viribus,
740 3495 932 3575 omnibus
961 3495 1099 3578 modis
1128 3495 1277 3600 quibus
1304 3497 1420 3600 pote·

327 3621 432 3710 ritis,
459 3645 539 3726 per
560 3621 711 3700 dictam
740 3617 942 3697 Bolanum
971 3627 1013 3695 et
1039 3643 1117 3721 per
1145 3641 1292 3696 omnes
1321 3617 1421 3694 alias

326 3735 415 3854 uias
432 3746 474 3819 et
490 3742 599 3834 loca,
620 3765 820 3844 perquae
847 3741 970 3819 uobis
998 3737 1266 3824 videbuntur,
1296 3761 1421 3842 quam

327 3863 452 3966 plura'
485 3859 633 3940 damna
673 3859 868 3965 poteritis
909 3858 1025 3939 dicto
1067 3859 1217 3940 Balsae
1246 3865 1289 3936 et
1315 3857 1421 3939 locis

329 3981 439 4073 eius,
467 3979 664 4061 iaciendo
694 3980 776 4058 illis
805 4005 900 4061 cum
928 3979 1159 4061 securitate
1187 3987 1329 4058 vestra
1355 4003 1419 4077 ga·

330 4103 489 4180 tearum
520 4109 562 4180 et
588 4125 824 4180 zurmarum
852 4103 974 4183 vobis
1003 4104 1291 4188 comissarum,
1319 4099 1420 4204 poni
1472 4105 1474 4110 '

329 4227 372 4300 et
399 4221 719 4324 lieripraedas,
747 4221 939 4302 incendia
968 4231 1010 4302 et
1038 4221 1350 4308 derobationes,
1378 4226 1422 4296 et
