3186 5112
141 590 308 672 Scutari
350 588 401 668 ad
436 589 636 694 placitum
677 597 720 666 et
748 588 1053 690 requietionem
1094 599 1237 670 vestre

140 711 465 813 magnificentie,
493 709 789 811 prenominato
821 709 994 789 domino
1013 709 1149 798 Bolse,
1169 713 1237 788 rel

140 831 394 935 cuicumque
423 829 883 930 legitimosuonuntio‚
911 828 1081 910 babenti
1109 855 1237 932 super

138 952 235 1031 iude
264 953 316 1030 ob
347 977 400 1030 eo
425 950 644 1030 arbitrium
675 957 716 1026 et
747 949 1002 1039 libertatem,
1032 952 1236 1055 recipien-

138 1073 179 1150 di
222 1079 265 1150 et
302 1071 555 1175 acceptandi
613 1073 762 1150 eadem
820 1073 916 1150 loca
958 1072 1155 1173 Dulcigni
1196 1080 1238 1152 et

137 1193 288 1270 Budue
315 1217 411 1270 cum
439 1216 587 1284 eorum
617 1189 875 1270 districtibus
893 1201 935 1270 et
956 1192 1233 1293 pertinentiis,

139 1315 275 1392 libere
305 1313 694 1414 consignabantur3
734 1319 777 1392 et
804 1313 998 1391 similiter
1043 1313 1235 1418 dispone·

139 1461 233 1514 mus
263 1445 304 1514 et
333 1432 620 1514 ordinabimus
649 1461 743 1514 cum
773 1435 938 1523 ellectu,
967 1433 1081 1537 quod
1109 1453 1235 1538 supra

139 1555 292 1660 scripti
320 1555 433 1658 mille
471 1557 611 1634 ducati
641 1555 775 1634 eidem
806 1556 979 1632 dominu
1005 1555 1152 1643 ‘Balse,
1193 1560 1236 1632 et

140 1682 231 1780 ejus
248 1677 490 1768 heredibus,
517 1704 597 1782 per
611 1703 687 1756 uos
703 1685 745 1755 et
757 1701 1033 1759 successores
1050 1660 1233 1764 nostros,

139 1823 236 1877 cum
264 1797 346 1874 illis
377 1798 688 1876 conditionibus
716 1799 850 1878 modis
881 1809 923 1875 et
951 1799 1120 1890 formis,
1148 1797 1233 1899 qui·

139 1917 217 1994 bus
257 1914 466 2020 prelibato
508 1919 689 2015 genitori
717 1943 794 1994 sno
822 1919 1122 2009 solvebantur,
1164 1941 1232 1994 an·

138 2037 296 2128 suatim
332 2038 639 2139 persolventur.
697 2037 984 2116 Remunsimus
1027 2038 1139 2116 enim
1167 2058 1233 2114 su·

139 2181 215 2262 pra
241 2156 440 2260 predictis
468 2159 818 2237 concordeseum
846 2165 1072 2262 prenotato
1101 2155 1229 2232 domi·
1257 2163 1259 2172 '

139 2301 194 2355 no
220 2277 447 2366 Grubacio,
465 2277 781 2358 ambasciatore
810 2285 951 2357 vestre
968 2275 1232 2377 magnificen-

140 2404 211 2485 tie,
244 2398 315 2502 qui
343 2423 522 2479 exnunc
549 2403 700 2502 vigore
728 2401 936 2479 libertatis
963 2423 1041 2502 per
1068 2403 1231 2475 uestras
1362 2485 1364 2492 Α

141 2520 285 2597 literas
327 2521 367 2597 ei
395 2522 571 2612 tradite,
610 2522 805 2626 promisit
854 2529 999 2598 nostro
1042 2519 1231 2598 dominio

138 2648 284 2720 restro
312 2645 497 2730 nomine,
526 2643 714 2746 predicto
732 2645 874 2722 omniu
890 2667 936 2720 se
952 2644 1174 2730 iacturum,
1191 2649 1232 2718 et.

137 2761 416 2840 effectualiter
444 2770 697 2840 curaturum.
754 2761 799 2840 ln
829 2784 1008 2865 quorum
1037 2761 1161 2840 fidem
1189 2768 1232 2838 et

6 2975 7 2992 Ν
116 2867 391 2958 'evidentium
427 2882 664 2984 pleniorem
691 2890 915 2986 presentes
957 2883 1099 2959 literas
1141 2879 1231 2956 lieri

132 3003 359 3100 jussimus,
400 3011 443 3080 et
470 3001 582 3080 bulle
609 3011 754 3082 nostre
782 2999 979 3106 plumbeo
1011 3001 1231 3105 pendentis

139 3121 368 3200 munimine
396 3119 603 3200 roborari.

243 3345 346 3424 Data
374 3347 414 3424 in
443 3351 589 3425 nostro
617 3347 752 3428 ducali
782 3349 962 3453 palatio,
989 3351 1057 3429 die
1087 3349 1230 3449 vigesi-

141 3493 209 3546 mo
238 3468 392 3544 mensis
416 3467 702 3558 murmuris,
741 3469 972 3550 indictione
1000 3469 1069 3568 Vl,
1100 3469 1226 3546 mille·

1 3663 2 3666 t
139 3587 247 3664 simo
277 3585 693 3688 quadringentesimo
723 3590 990 3668 duodecimo.
1050 3645 1056 3657 .

241 3813 437 3893 Predicta
470 3839 553 3918 pax
570 3817 611 3894 in
628 3815 761 3892 torma
792 3815 928 3914 litere,
959 3841 1040 3918 que
1070 3839 1228 3894 reman-

1 4003 2 4046 ἐ
139 3936 192 4014 sit
218 3936 327 4037 apud
356 3935 669 4014 serenissimum
698 3936 847 4014 ducale
875 3937 1103 4014 dominium
1132 3962 1227 4014 cum

77 4102 85 4120 ·
139 4056 250 4134 bulla
277 4079 350 4132 suo
379 4055 599 4158 plumbea,
631 4064 672 4134 et
699 4055 809 4134 bulla
838 4082 966 4136 aurea
995 4057 1127 4162 ipsius
1156 4059 1225 4136 do·

1 4181 2 4220 ³
139 4175 237 4256 mini
264 4174 453 4256 sandalis
481 4175 774 4281 pendentibus.

672 4348 945 4418 Comemoriele
969 4351 1009 4414 X.
1033 4352 1088 4418 cb.
1114 4353 1183 4418 132.
