3154 5102
572 483 726 613 XIX·
781 535 893 610 13³2.
932 537 981 608 ltl
1019 532 1047 608 J
1062 533 1206 616 unit„

327 695 490 754 Cre-saun
515 707 617 766 upa-n,
641 683 788 764 Cpbcailt
815 703 1034 766 uumapyaray
1061 707 1275 752 aseraaaona
1309 695 1428 768 Φρει·

325 810 442 870 ueunty
458 796 623 868 lonay-ty,
646 771 683 862 aa
699 793 738 850 be
762 809 953 850 caesaraea
976 810 1043 865 aaa
1070 813 1176 856 ecura
1202 797 1427 872 oyuroaaora

462 911 630 964 uopaauaa
655 895 758 972 cyre,
782 911 898 970 rureay
920 913 992 956 noro
1017 915 1033 952 e
1058 898 1143 957 cauit
1165 897 1287 973 pannio

662 997 798 1056 Eurota
822 999 997 1074 Bpn'ueey.
1313 999 1318 1008 '

343 1161 345 1166 ·
425 1130 679 1232 Exemplum
703 1131 919 1208 cuiusdam
938 1131 1102 1211 litterae
1126 1134 1275 1210 missae
1296 1129 1425 1210 domt-

322 1250 506 1326 no-duei
533 1272 613 1351 per
647 1269 795 1348 regern
822 1247 1004 1342 naxiae,
1047 1273 1174 1354 super
1214 1251 1328 1330 facto
1358 1249 1427 1328 Sr.

324 1369 409 1448 Nic.
449 1369 665 1446 Brivosso.

427 1503 713 1582 stefanus
754 1506 824 1583 dei
873 1508 1004 1606 gratia
1046 1497 1428 1598 servicem,

321 1625 481 1726 inclyto
531 1633 573 1702 et
600 1623 850 1723 'magnifico
900 1627 991 1706 uiro
1047 1627 1218 1705 domino
1261 1623 1428 1705 Fran-

325 1747 493 1824 cisco
523 1743 803 1836 Dandulo,
833 1745 980 1824 eadem
1010 1750 1141 1848 gratia
1171 1745 1268 1828 duci
1288 1751 1428 1829 Vene-

323 1867 487 1958 tiorum,
514 1867 715 1968 proximo
732 1891 812 1943 suo
837 1867 1068 1960 carissimo,
1097 1869 1230 1945 salute
1252 1877 1428 1973 etpros·

238 2043 243 2054 ,
322 1987 437 2089 peris
464 1983 736 2064 successibus
764 1985 804 2061 in
830 1985 1002 2064 domino
1033 1983 1218 2085 gloriari.
1245 1989 1429 2068 Vestrae

322 2105 530 2184 amicitiae
572 2129 710 2208 nuper
737 2105 979 2210 recepimus
1020 2108 1219 2208 quasdam
1254 2103 1430 2201 litteras,

321 2225 647 2305 derobationetn
677 2236 718 2304 et
747 2225 984 2305 molestiam
1024 2236 1167 2306 vestro
1205 2223 1323 2304 fideli
1363 2223 1429 2306 Ni·

322 2346 499 2424 colao
542 2345 837 2424 Brivosso
868 2347 906 2422 in
945 2355 1092 2426 nostro
1133 2343 1262 2425 iactas
1304 2353 1427 2448 regni

321 2467 538 2557 districtu,
579 2488 658 2570 per
700 2470 926 2570 quemdam
976 2477 1167 2546 nostrum
1215 2469 1428 2549 vassalum

321 2585 542 2665 Sumam
570 2589 755 2665 nomine.
810 2587 969 2686 Quibus
997 2587 1221 2688 diligenter
1263 2589 1431 2696 auditis,

318 2709 442 2788 vobis
470 2707 666 2784 duximus
702 2707 1074 2811 respondendum,
1103 2709 1217 2809 quod
1254 2711 1426 2815 predio·

319 2839 386 2908 tus
413 2827 654 2913 Demetrius
681 2829 806 2905 nobis
835 2835 898 2906 est
927 2827 1109 2907 effectus
1136 2831 1330 2926 rebellis,
1360 2837 1430 2912 ab·
1513 2845 1517 2853 '

320 2957 488 3027 sentens
516 2973 562 3026 se
591 2973 614 3025 a
642 2949 766 3026 nobis
796 2947 994 3026 latitando
1023 2949 1122 3028 hinc
1150 2951 1272 3042 inde,
1299 2965 1433 3058 prout

319 3069 515 3172 poteritis
543 3069 699 3147 clarius
721 3067 959 3156 informari.
1015 3065 1100 3144 Sed
1129 3089 1252 3168 quam
1294 3071 1433 3151 cicius

318 3189 359 3264 in
375 3213 519 3265 manus
534 3198 702 3267 nostras
729 3188 938 3278 inciderit,
967 3195 1097 3290 prout
1114 3185 1243 3289 ipsius
1271 3213 1432 3296 expos·

320 3317 419 3388 crant
447 3309 624 3387 Demitri
660 3309 913 3412 pravitates,
954 3307 1020 3382 rel
1048 3306 1083 3382 si
1120 3305 1170 3381 ad
1211 3327 1288 3388 nos
1316 3308 1433 3391 'labe

318 3429 568 3507 rebellionis
598 3429 804 3532 deposita,
833 3431 1016 3504 devotos
1044 3427 1094 3502 ad
1122 3449 1200 3504 nos
1229 3429 1432 3511 direxxe·

319 3553 372 3628 rit
412 3548 605 3640 intuitus,
657 3553 800 3626 restro
843 3547 957 3624 fideli
997 3549 1216 3649 praedicto
1257 3547 1433 3654 plenam

318 3671 651 3750 satisfactionem
677 3671 730 3745 de
758 3669 954 3770 pecunia,
983 3675 1023 3744 et
1051 3669 1180 3744 rebus
1207 3669 1286 3748 sibi
1313 3674 1430 3752 abla-

318 3793 371 3869 tis
399 3787 495 3868 iieri
524 3789 753 3878 iaciemus,
783 3795 825 3866 et
863 3787 1159 3865 nichilominus
1200 3791 1354 3869 modos
1385 3803 1432 3874 et

318 3909 508 3989 remedia
526 3910 718 3987 adhiberi
747 3909 1048 3998 mandabimus,
1077 3909 1303 3986 maximum
1330 3937 1433 3992 nos·
1510 4003 1516 4015 ι

317 4043 429 4112 trum
466 4055 595 4134 posse
625 4027 815 4118 alselin,
858 4028 973 4127 quod
1002 4027 1073 4101 ille
1107 4029 1329 4128 nequitatis
1357 4037 1435 4114 mi·

317 4151 460 4242 nister,
497 4173 642 4227 manus
682 4155 854 4226 nostrae
897 4146 1121 4224 maiestatis
1160 4149 1306 4248 regiae
1335 4177 1429 4234 non
