3236 5108
1217 373 1284 446 25³

193 577 306 654 inter
333 578 410 654 alia
444 579 581 656 ducati
622 579 810 657 dominio
840 603 891 656 ex
919 587 1038 682 parte
1078 583 1284 683 praedicti

194 697 365 785 domini,
393 699 505 799 quod
533 699 779 798 dignaretur
806 699 1061 791 concedere,
1090 705 1202 802 quod
1227 704 1283 806 ip-

193 846 240 896 se
268 820 461 897 dominus
502 827 648 921 posset
689 820 842 895 armari
884 819 1023 897 iacere
1065 823 1169 899 duos
1206 824 1281 900 bri·
1371 921 1373 928 Α

194 941 402 1038 gantinoe,
430 963 510 1043 pro
551 939 743 1017 custodia
772 938 1050 1018 tiumariarum
1092 951 1133 1021 et
1161 945 1282 1046 perti·

193 1061 428 1140 nentiarum
457 1083 649 1148 suarum,
677 1063 719 1136 et
744 1084 825 1162 pro
854 1061 1088 1141 resistendo
1119 1065 1281 1143 cuidam

195 1181 393 1260 servitori
407 1205 500 1272 suo,
516 1181 587 1282 qui
616 1179 750 1258 factus
780 1187 843 1258 est
858 1179 936 1257 sibi
952 1183 1130 1262 rebeliis.
1159 1185 1282 1263 Vadit

194 1328 303 1407 pars:
319 1303 432 1406 quod
447 1325 543 1406 pars
557 1301 691 1406 pridie
719 1311 839 1406 capta
855 1303 907 1379 dc
936 1305 1073 1384 dando
1089 1304 1168 1384 eibi
1199 1330 1283 1383 res·

196 1426 447 1530 poncionem
477 1434 705 1503 revocetur
732 1431 775 1502 et
802 1425 1018 1503 ordinetur
1046 1433 1089 1504 et
1114 1429 1177 1506 sic
1198 1451 1282 1506 res·

194 1547 434 1650 pondeatur
449 1545 708 1626 ambaxiatae
724 1549 979 1650 praedictae.
1008 1547 1129 1647 Quod
1143 1573 1283 1628 sumus

197 1669 381 1750 contenti
411 1669 682 1771 complacere
710 1671 824 1751 dicto
853 1671 1039 1763 domino,
1064 1670 1283 1773 quodpoe·

194 1790 247 1867 sit
274 1790 427 1866 armari
480 1787 624 1868 iacere
653 1791 759 1868 duos
800 1789 1058 1892 brigantinoe
1086 1814 1164 1895 pro
1193 1815 1283 1868 cue·

195 1909 308 1987 todia
360 1909 566 1990 dictarum
595 1935 761 1988 sitarum
791 1911 1073 1990 ssumariarum
1116 1921 1158 1991 et
1194 1937 1284 2018 per·

195 2029 467 2110 tinentiarum
523 2037 566 2110 et
592 2055 672 2135 pro
703 2032 992 2122 resistendo..
1019 2041 1064 2112 ut
1090 2037 1284 2136 superius

195 2151 457 2230 dictumest.
509 2149 786 2251 intettigendo
818 2153 929 2252 quod
957 2151 1048 2255 ipse
1077 2177 1160 2230 non
1188 2180 1282 2258 poe·

194 2273 247 2350 sit
273 2299 320 2350 se
349 2263 583 2350 extendere
612 2272 651 2348 in
681 2271 799 2359 mari,
827 2293 907 2350 nco
935 2271 1214 2350 intromittere
1242 2275 1282 2350 in

194 2394 300 2470 mari
329 2391 483 2494 aliquid
510 2393 597 2470 uilo
633 2393 771 2468 modo.
829 2392 963 2470 salvis
994 2399 1036 2471 et
1063 2395 1285 2470 reservatis

194 2515 331 2619 pactis
358 2525 401 2592 et
442 2513 822 2604 consvetudinibus‚
851 2535 952 2614 quas
989 2515 1077 2614 ipse
1120 2516 1282 2592 domi·

194 2661 299 2712 nus
327 2633 620 2734 Georgius
647 2633 826 2712 haberet
854 2658 947 2712 cum
987 2633 1154 2713 civitate
1195 2633 1285 2710 Du-

194 2755 409 2832 rachii

629 2853 724 2921 Mieti
748 2855 807 2920 dei
831 2854 976 2922 Senato
1000 2855 1086 2924 XLI.
1111 2857 1166 2932 ch,
1189 2859 1241 2922 26.

225 3045 463 3144 οιΧΙΧ.
494 3005 983 3167 reconcinnetur.
1016 3069 1080 3140 21.
1109 3063 1256 3141 nau.

193 3261 354 3331 cymae
378 3259 532 3313 sanam
558 3253 740 3328 aadpanroe
764 3273 889 3330 gnparu
915 3257 1189 3314 Maerenieaaro
1205 3273 1281 3313 urro

192 3377 235 3435 oy
267 3377 307 3420 ce
341 3375 472 3434 ryuuan
519 3375 559 3416 na
602 3360 783 3417 Maareuhe
829 3375 911 3416 nean
945 3363 1066 3436 Typnn
1113 3361 1278 3440 Touepuu

239 3483 256 3522 n
281 3469 369 3524 naon
393 3482 508 3534 anana,
530 3483 567 3535 pa
592 3483 631 3540 cy
656 3463 688 3524 iri
713 3481 776 3524 oua
802 3481 822 3538 y
848 3467 959 3542 iipary
986 3483 1150 3541 conpone,
1175 3482 1240 3539 epa,

300 3587 339 3646 cp
352 3587 394 3628 ro
408 3586 558 3644 yuanuan
574 3587 676 3644 gpyrn
691 3587 795 3648 ange,
809 3586 847 3628 ra
860 3569 949 3627 raaie
973 3571 1184 3642 Eeonepcne.

298 3725 377 3802 Del
405 3747 520 3824 gram
548 3726 706 3826 oignon
735 3734 777 3804 et
812 3725 970 3824 grande
999 3726 1281 3804 armiraio

196 3846 390 3923 Baisit
416 3845 571 3945 signer,
601 3847 638 3922 ai
667 3846 750 3922 mio
780 3844 925 3922 Zalabi
955 3843 1140 3944 Curbeij.
1183 3843 1284 3922 Loi

197 3966 251 4041 de
278 3965 500 4045 voiuntade
535 3969 588 4044 de
615 3967 652 4041 ia
681 3964 761 4042 mia
802 3964 1011 4064 signoria,
1040 3963 1121 4041 che
1161 3964 1283 4064 aigun

195 4086 467 4166 Venician
495 4113 579 4166 non
608 4085 730 4164 habia
759 4087 908 4186 aiguno
938 4087 1056 4184 briga
1084 4107 1137 4160 ne
1165 4109 1283 4185 ques-

198 4207 284 4286 tion
313 4233 392 4313 per
421 4233 564 4289 casom
592 4209 645 4287 de
674 4209 787 4310 queii
816 4207 868 4285 dc
893 4203 1129 4294 Turchi,
1157 4204 1281 4306 iqua·
