3236 5108
192 571 479 656 Tor-chorum,
495 579 538 650 nt
564 571 697 670 magis
726 593 870 646 eurem
898 567 1080 646 habeant
1108 559 1287 648 feriendi

193 694 246 770 de
276 692 586 797 provisionibus
627 689 797 766 utilibus
838 714 932 792 pro·
961 688 1284 766 conservatione

192 787 441 890 Catholicae
480 811 579 889 fidei
596 818 639 888 et
658 835 747 896 sua,
762 815 804 886 et
820 810 1097 914 depressione
1116 807 1282 888 infideli·

193 957 261 1008 um
290 930 618 1034 praedictorum,
650 955 753 1030 quos
783 931 941 1008 litteras
969 931 1182 1008 offerimus
1208 956 1284 1008 nos

193 1047 390 1128 missuros
418 1050 597 1142 dominis
626 1057 667 1126 et
695 1049 952 1154 principibus
975 1043 1217 1128 'antedictis

293 1221 345 1298 nt
373 1247 427 1298 ex
456 1245 566 1300 nunc
595 1225 836 1302 comitiatur
877 1221 991 1299 dieto
1033 1221 1284 1322 vioeboJ‘uio‚

195 1342 309 1446 qood
338 1343 585 1422 adveniente
628 1367 726 1422 casu
755 1341 978 1447 predicto,
1008 1344 1121 1446 quod
1164 1343 1283 1432 absit,

193 1463 344 1542 debeat
383 1463 484 1542 dere
522 1465 561 1544 in
600 1464 803 1542 mandatis
844 1465 1004 1542 nostris
1046 1463 1178 1564 gnieis
1217 1466 1282 1542 vei

193 1583 279 1660 aliis
308 1583 464 1661 nostris
492 1585 679 1683 navigiis,
706 1610 834 1688 snper
851 1584 1003 1686 quibos
1037 1585 1126 1688 ipse
1155 1581 1284 1661 domi·

194 1729 267 1780 nus
303 1705 535 1806 imperator
576 1707 800 1794 levaretur,
828 1705 939 1806 quod
979 1707 1115 1808 ipsum
1145 1712 1186 1782 et
1214 1701 1282 1783 eo·
1354 1709 1357 1717 ’

193 1825 373 1902 mitivarn
424 1847 540 1900 suam
579 1825 821 1903 conducere
863 1825 1043 1903 debeant
1071 1825 1283 1913 Venetiae,

191 1945 442 2022 honorando
484 1969 602 2022 snam
630 1947 887 2023 maiestatem
918 1955 960 2023 et
994 1966 1114 2022 suum
1158 1944 1282 2046 impe·

193 2065 560 2154 rium,secondnm
589 2067 702 2167 quod
743 2065 899 2144 honori
928 2065 1154 2144 maiestatis
1182 2090 1283 2144 sone

193 2197 233 2265 et
248 2195 397 2265 nostro
426 2187 607 2266 viderint
633 2189 876 2279 convenire,
901 2213 987 2266 non
1005 2187 1283 2267 conducendo

192 2333 285 2385 erum
315 2310 364 2385 ad
393 2309 572 2412 ntiquom
601 2311 720 2387 otiam
749 2317 925 2413 portem,
955 2335 1078 2414 quom
1109 2311 1159 2387 ed
1190 2307 1283 2387 civi·

192 2435 318 2506 tatem
346 2437 533 2507 nostram
576 2431 828 2508 Venetia
843 2454 982 2524 rum,
1023 2429 1137 2506 satvo
1168 2427 1283 2530 quod

193 2551 242 2626 od
270 2547 445 2625 insuiam
474 2549 829 2656 Stetiminis,
858 2551 891 2626 si
920 2549 1020 2626 iiiuc
1048 2549 1109 2626 ire
1138 2549 1281 2627 veliet.

295 2701 357 2780 Ad
386 2702 614 2782 secundam
657 2729 759 2782 vero
789 2713 952 2809 portem
981 2706 1034 2782 de
1062 2703 1174 2784 facto
1215 2705 1281 2782 in·

192 2825 358 2901 suine
387 2823 748 2918 Staiiminis‚
777 2853 900 2928 quom
936 2825 1126 2904 dominus
1155 2824 1282 2930 impe·

192 2951 311 3024 rotor
337 2947 466 3024 veltet
493 2949 618 3025 nobis
646 2952 844 3038 vendere,
877 2949 1139 3028 rescribetur
1167 2947 1281 3024 dicto

189 3071 336 3144 nostro
365 3067 603 3168 vieebajulo
635 3078 677 3149 et
697 3069 973 3168 consiliariis,
990 3071 1116 3172 ·quod
1146 3071 1280 3170 piace-

192 3193 257 3262 ret
284 3183 433 3278 nobis,
474 3189 587 3290 quod
614 3191 668 3266 de
697 3171 811 3270 dic‘to
840 3189 951 3270 facto
980 3215 1064 3268 non
1095 3190 1282 3266 facerent

191 3308 469 3392 mentionem,
497 3308 613 3388 salvo
643 3313 678 3388 si
708 3309 901 3390 dominus
930 3311 1165 3414 imperator
1193 3331 1283 3410 pre.
1396 3317 1400 3326 ’

189 3425 422 3504 diotosnon
438 3429 679 3532 requireret
707 3433 1045 3534 responsionem,
1071 3437 1168 3508 tuno
1185 3452 1281 3506 cum

189 3546 270 3624 iilis
298 3546 458 3640 verbis,
494 3575 600 3652 quoe
627 3575 732 3632 strae
760 3553 991 3654 sapientiae
1022 3549 1282 3638 videbuntur,

189 3667 342 3748 debeat
370 3670 512 3750 dicere
542 3671 634 3775 ipso
662 3673 835 3751 domino
864 3669 1140 3776 imperatori,
1170 3671 1282 3770 qood

191 3811 268 3890 pro
298 3791 509 3889 praesenti
537 3793 765 3872 dominatio
795 3798 938 3870 nostra
967 3811 1052 3873 non
1070 3792 1281 3870 estinter·

191 3907 304 3982 mino
335 3909 533 4009 possendi
575 3910 793 3990 attendere
822 3909 986 3988 adhoc
1023 3909 1199 3997 tectum,
1240 3917 1282 3988 et

191 4029 306 4128 quod
321 4037 550 4151 propterea
565 4029 757 4128 dignetur
772 4029 931 4108 hebere
951 4055 1027 4108 nos
1044 4039 1279 4110 excusatos.
1465 4077 1474 4098 ·

291 4183 345 4262 let
372 4183 510 4263 habite
551 4187 833 4289 responsione
862 4187 992 4288 ipsius
1021 4185 1176 4263 domini
1208 4185 1275 4262 im·

190 4306 412 4409 potatoris,
444 4307 623 4388 debeant
645 4333 721 4386 nos
748 4309 801 4386 de
831 4309 900 4385 iiie
928 4314 969 4388 et
997 4309 1050 4388 de
1078 4307 1169 4386 otiis
1197 4333 1280 4386 om·
