3212 5116
345 369 407 432 tea

444 571 535 672 Ego
550 571 806 650 banzarctus
830 571 882 647 de
901 569 1133 648 Contrariis
1160 573 1212 648 dc
1228 571 1433 664 Ferraria,

345 694 536 796 publicus
575 691 778 793 imperiali
810 691 1061 769 auctoritate
1102 692 1314 780 notarius,
1353 717 1433 772 nec

341 838 425 894 non
453 813 639 891 notarius
669 819 712 890 et
740 811 1013 890 cancellarius
1055 812 1155 890 dicti
1183 813 1340 890 domini
1370 838 1431 892 ca-

342 933 499 1034 pitanei
528 933 760 1022 Sciavooie,
783 932 984 1033 predictis
1013 932 1206 1011 omnibus
1229 941 1271 1011 et
1297 933 1432 1033 singu·

345 1056 393 1132 iis
420 1053 606 1146 intertui
635 1062 676 1131 et
705 1061 877 1153 rogatus
904 1054 1068 1157 scripsi,
1096 1061 1137 1132 et
1164 1053 1390 1156 publicavi.

922 1205 1170 1273 Commemor.
1191 1211 1233 1276 V.
1259 1207 1316 1270 cb.
1340 1207 1391 1272 48.

371 1395 619 1496 cxviii·
650 1417 759 1492 1358.
786 1419 824 1493 6.
852 1411 1152 1502 Octobris
1179 1379 1405 1514 Tyitini.

346 1627 471 1686 Ιοιιιιι,
497 1624 585 1684 deuo
621 1621 869 1697 ¹domamurcsiir
907 1642 926 1679 ιι
951 1619 1164 1698 Xopsarcrii
1199 1639 1344 1681 sarran
1368 1640 1434 1696 op·-

345 1732 521 1787 Moeraone
545 1743 669 1802 suase,
690 1744 726 1798 pa
752 1743 793 1784 ue
816 1727 923 1803 dpaau
956 1721 1090 1799 rauimra
1116 1745 1134 1784 ιι
1159 1745 1294 1799 uocum
1330 1729 1432 1788 ubre·

342 1849 430 1892 auur,
457 1835 517 1890 ubo
554 1847 687 1904 tropen
720 1847 876 1904 npcrnor,
912 1847 1014 1906 speon
1048 1847 1108 1887 nau
1132 1850 1216 1906 uapn
1251 1833 1433 1907 decsorr.

388 1955 449 1996 nse
475 1939 656 2006 Pamscrn,
679 1951 741 1991 sorr
767 1953 784 1993 a
797 1955 817 2011 y
840 1954 921 2010 pary
947 1953 985 1993 ca
1009 1939 1163 2010 spaubrro
1187 1939 1390 2010 yrapcsm

661 2041 840 2098 obrosnrrr.
876 2056 1127 2114 rocnopaporrn.

343 2209 550 2295 Exemplum
593 2206 777 2280 literarum
813 2205 1052 2274 iohannis
1086 2205 1241 2274 totius
1275 2209 1433 2276 Doime

343 2313 430 2395 tie,
485 2320 533 2377 et
577 2303 820 2376 Grohatie
872 2312 1008 2394 bani,
1065 2311 1269 2400 dominique
1332 2321 1433 2378 terre

695 2413 821 2480 Haime
845 2413 1084 2480 honorabilis.

447 2553 553 2632 Cum
583 2553 774 2634 dominus
814 2561 959 2634 noster
998 2577 1100 2634 rex
1128 2553 1434 2658 Hungarie

348 2676 398 2750 ad
425 2698 599 2780 presens
626 2673 777 2752 habeat
804 2697 1000 2774 guerram
1029 2699 1148 2754 cum
1189 2697 1329 2772 rege
1369 2677 1432 2754 si·

344 2822 407 2873 ve
443 2799 814 2902 imperatore
852 2795 1031 2876 Raxie
1072 2821 1169 2875 seu
1210 2797 1433 2886 Ser-vie,

344 2927 387 2996 et
426 2920 565 3021 aliqua
606 2921 717 3020 tigna
769 2924 909 2996 nostra
964 2916 1225 2996 intendamus
1267 2918 1433 2996 mittere

346 3049 491 3119 contra
520 3041 700 3118 emuiios
728 3039 886 3118 domini
913 3041 1046 3118 nostri
1072 3039 1278 3144 regisper
1305 3031 1434 3118 mare.

345 3159 481 3260 Quare
511 3159 733 3240 amicitiam
774 3167 954 3267 uestram
996 3158 1261 3262 presentibus
1300 3156 1435 3262 requi·

346 3284 472 3360 rimus
506 3282 740 3382 diiigenter,
769 3288 973 3384 quatenus
1001 3282 1164 3384 placeat
1190 3281 1340 3358 vestris
1367 3303 1432 3380 ga·

348 3405 421 3482 teis
448 3401 652 3494 scribere,
679 3413 725 3481 ut
750 3406 906 3498 nostris
945 3401 1185 3481 hominibus
1214 3425 1291 3506 per
1318 3425 1435 3480 mare

345 3523 538 3603 euntibus
565 3548 617 3602 ne
656 3523 785 3602 velint
826 3546 1008 3615 nocere,
1051 3548 1130 3602 nec
1158 3523 1331 3602 eosdem
1365 3521 1435 3596 aii-

346 3671 428 3750 quo
458 3647 604 3724 colore
633 3646 853 3748 impedire.
881 3645 981 3724 Nam
1009 3647 1089 3748 ipsi
1117 3643 1310 3724 homines
1339 3666 1430 3720 nos-

347 3771 396 3848 tri
425 3769 526 3848 ostili
568 3766 801 3858 nocebunt,
842 3765 918 3842 nisi
946 3765 1106 3844 emuiiis
1148 3764 1248 3846 dicti
1276 3763 1435 3842 domini

344 3887 476 3968 nostri
512 3890 622 3987 regis
651 3885 896 3992 prenotatis.

444 4043 545 4121 Data
570 4041 707 4120 tinini
734 4048 855 4120 sexto
891 4041 959 4119 die
987 4037 1201 4118 Octobris.

645 4195 754 4282 (tanc
780 4215 895 4264 annus
919 4195 952 4264 in
984 4193 1101 4299 indice
1131 4197 1349 4283 expressus.)
