3230 5104
1216 399 1282 465 507

183 631 327 684 sumus
357 607 465 686 bene
496 603 698 694 contenti,
726 604 838 706 quod
879 605 921 680 in
950 605 1074 682 terris
1103 613 1146 686 et
1173 608 1281 688 locis

184 728 343 806 nostris
379 727 582 830 accipere
622 726 759 828 possit
797 725 1037 828 stipendio,
1076 753 1280 829 quoscun-

184 875 265 953 que
292 849 479 926 voluerit
508 845 770 938 balistarios,
809 872 971 951 eosque
999 848 1040 927 in
1082 848 1169 926 suis
1207 873 1279 952 op·

183 970 512 1075 portunitatibns
540 992 759 1048 exercere.

456 1140 563 1207 Secr.
588 1157 689 1204 cons.
715 1147 833 1226 rogat.
858 1135 933 1202 Lib.
957 1137 1054 1202 XXl.
1078 1138 1136 1202 ch.
1161 1141 1233 1204 ltt.

293 1268 624 1428 coxerit.
666 1348 777 1422 aa.
817 1347 881 1422 26.
910 1283 1149 1447 spiras.

184 1507 367 1581 quonopn
391 1521 538 1580 xepqery
571 1519 720 1561 cnororo
744 1503 854 1561 Canae
878 1501 1056 1577 Creoauy,
1081 1519 1121 1559 na
1146 1503 1275 1562 nlsrooo

184 1609 312 1664 naono,
337 1611 354 1648 a
379 1608 506 1650 nasoon
529 1605 807 1666 ynpaouressuua
837 1589 963 1664 Cuaqpa
987 1605 1006 1644 n
1026 1587 1197 1658 Aaoanie,
1220 1607 1277 1647 re·

501 1679 582 1752 syba
607 1693 646 1734 ce
669 1691 754 1733 rora
780 1691 958 1752 oqrosopa.

285 1811 404 1910 Quod
447 1808 601 1886 illustri
651 1806 824 1886 domino
866 1807 994 1885 duci
1041 1807 1277 1910 Stepha-

184 1959 254 2012 no
296 1932 491 2010 sancti
532 1931 682 2008 Save
724 1928 896 2008 adeius
938 1930 1099 2008 litteras
1141 1930 1274 2008 lectas

66 2087 69 2094 ·
182 2055 281 2132 huic
310 2053 506 2139 consilio,
533 2051 839 2154 respondeatur
867 2050 908 2128 in
937 2050 1017 2127 hac
1046 2051 1199 2128 forma:

282 2173 569 2275 Displicenter
597 2169 830 2250 audivimus
858 2171 1058 2274 prolecto
1089 2195 1143 2248 ex
1173 2171 1278 2249 litte-

182 2296 239 2372 ris
268 2294 524 2374 excellentie
564 2297 707 2371 vestre
745 2297 842 2370 8et
866 2298 920 2370 20
946 2291 1098 2370 mensis
1140 2292 1277 2370 Martii

181 2438 318 2519 prope
345 2413 540 2517 preteriti
568 2412 698 2503 datis,
738 2412 919 2514 aliquam
959 2411 1185 2490 novitatem
1213 2414 1280 2494 vel
1389 2499 1396 2514 q

179 2527 493 2614 incommodum
532 2535 659 2612 statui
716 2535 975 2612 excellentie
1027 2542 1169 2612 vestre
1211 2560 1280 2612 oc·

178 2679 368 2733 currere.
396 2654 497 2732 Nam
527 2653 719 2730 fraterne
747 2653 788 2732 ei
815 2652 955 2732 allecti
998 2652 1179 2731 maxime
1207 2677 1277 2755 op·

179 2780 311 2853 tamus
353 2781 487 2854 status
527 2775 658 2851 vestri
706 2773 1088 2852 conservationem.
1140 2775 1192 2852 nt
1232 2779 1277 2850 ut
1352 2773 1354 2778 ’

179 2905 363 2975 nostram
394 2897 545 2974 bonam
574 2895 853 2974 intentionem
883 2882 1033 2972 clarius
1061 2893 1277 2994 intelligat,

178 3019 384 3122 inspectis
412 3015 573 3094 duabus
601 3012 947 3118 requisitionibus
976 3017 1090 3102 sois,
1118 3015 1160 3092 in
1189 3017 1272 3094 dic·
1395 2999 1401 3010 ’

183 3143 234 3219 tis
264 3139 413 3216 litteris
443 3135 680 3225 declaratis,
695 3135 829 3240 parati
843 3159 985 3214 sumus
1000 3135 1040 3212 in
1057 3136 1149 3213 eius
1164 3161 1277 3215 com·

182 3257 432 3364 placentiam
460 3255 651 3338 scrihere
681 3266 724 3335 et
750 3258 831 3335 iam
872 3256 1119 3359 scripsimus
1161 3257 1276 3336 circa
1412 3263 1417 3272 “

183 3382 359 3485 primam
388 3385 563 3483 partem,
592 3379 835 3459 rectoribus
864 3378 1019 3458 nostris
1046 3377 1277 3460 Albanio

183 3502 222 3579 in
252 3509 494 3604 opportuna
521 3501 673 3592 forma‚'
700 3505 746 3576 ut
773 3501 827 3579 ad
855 3523 1023 3576 omnem
1050 3500 1179 3603 ipsius
1208 3522 1277 3574 ex·

184 3620 383 3702 cellentie
410 3629 552 3699 vestre
579 3621 916 3724 requisitionem,
942 3619 1032 3698 eius
1068 3617 1277 3699 desiderio

183 3743 455 3821 satisfaciant.
482 3743 536 3822 nt
563 3745 676 3822 circa
704 3743 948 3830 secundum,
976 3765 1030 3818 ex
1057 3741 1279 3820 allectione

184 3871 330 3942 nostra
358 3867 409 3942 ad
439 3864 732 3942 excellentiam
759 3875 943 3943 vestram
983 3863 1115 3966 parali
1156 3861 1279 3940 etiam

183 4009 340 4072 sumus,
380 4009 548 4062 omnem
589 3985 712 4061 nobis
754 3985 994 4064 instantiam
1030 3983 1280 4087 possibilem

183 4105 342 4192 lacere,
370 4109 415 4180 ut
441 4105 532 4207 ipsa
561 4105 816 4184 excellentia
843 4113 981 4184 vestra
1019 4106 1108 4182 eius
1137 4129 1281 4184 conse·

184 4234 335 4329 quatur
360 4227 578 4304 intentum.

1010 4346 1070 4411 15*
