3220 5118
165 610 305 684 tarum
332 607 400 684 vel
441 601 647 712 impediet
689 603 776 682 ullo
817 603 956 683 modo.
1009 604 1115 684 ltem
1143 607 1259 709 quod

164 725 280 803 aives
307 733 350 804 et
376 724 576 804 subditos·
607 723 900 829 predictorum
942 725 1134 804 locorum
1162 725 1256 804 Dul-

11 913 12 922 Ν
164 845 275 942 eigai
305 851 348 923 et
374 845 522 924 Budue
550 869 599 924 ae
628 869 778 923 eorum
805 845 1111 932 districtuales,
1151 853 1255 926 trae·

162 966 270 1044 tabit
294 966 535 1046 humaniter
563 971 607 1042 et
633 963 838 1064 benigne,
879 986 959 1042 nso
999 967 1134 1070 aliqua
1177 989 1256 1068 per

164 1105 241 1163 eos
269 1086 379 1165 laeta
407 1092 560 1166 eontra
586 1111 703 1164 suam
732 1085 1061 1186 magnitudinem
1086 1089 1256 1191 imputa·

163 1206 223 1284 bit
251 1205 434 1295 eisdem,
462 1229 542 1286 nee
571 1207 748 1310 aliquam
777 1207 1015 1285 molestiam
1043 1207 1104 1286 eis
1130 1208 1253 1286 infer·

11 1417 12 1422 Ν
162 1327 356 1404 rstdieta
383 1349 523 1420 eausa,
549 1329 625 1406 sed
651 1327 788 1405 omnia
815 1326 1026 1406 mandabit
1052 1325 1254 1408 oblivioni

161 1467 244 1522 non
273 1447 394 1524 aliter
421 1442 544 1549 quam
576 1453 722 1525 eontra
747 1469 1069 1548 eumnunquam
1097 1447 1253 1549 aliquid

162 1564 469 1664 commisisset3
507 1571 591 1646 tam
619 1566 809 1644 subditos
837 1575 880 1643 et
908 1565 1055 1645 fideles
1082 1573 1253 1645 nostros

161 1707 285 1786 quam
313 1709 436 1777 suos,
472 1687 511 1764 in
539 1693 692 1768 statum
720 1687 941 1791 pristinum
970 1713 1021 1768 ac
1049 1687 1252 1768 terminos

159 1807 346 1886 totaliter
360 1809 617 1888 reducendo.
633 1809 678 1886 Si
695 1817 834 1888 autem
851 1810 1123 1910 contingeret
1137 1811 1252 1912 quod

160 1927 271 2006 idem
299 1927 545 2031 magnificus
574 1931 772 2009 dominus
799 1930 921 2008 Balsa
937 1931 978 2008 in
995 1932 1133 2032 aliquo
1161 1951 1252 2033 pao·
1315 1989 1323 2006 .

159 2057 300 2126 torum
354 2049 443 2127 ullo
485 2075 680 2152 umquam
721 2059 928 2155 tempore·
967 2051 1253 2130 ootral'aoeret

156 2167 227 2248 vel
254 2167 440 2256 veniret,
480 2171 619 2273 aliquo
648 2173 775 2250 modo
807 2172 976 2271 ingenio
1006 2173 1156 2249 oolore
1183 2171 1251 2247 vel

160 2311 328 2390 eausa„
351 2297 451 2368 tuno
478 2291 591 2368 idem
626 2291 750 2371 Balsa
792 2298 988 2372 teneatur
1027 2293 1252 2372 restituero

157 2411 345 2490 dominio·
372 2419 523 2490 nostro
551 2414 744 2515 predicta
772 2415 867 2494 loca
894 2413 1090 2514 Dulcigni
1118 2413 1252 2492 etBu·

158 2535 254 2621 duo,
284 2553 380 2611 cum
411 2529 603 2610 omnibus
624 2555 771 2610 eorum
800 2533 1067 2637 pertinentiis
1088 2535 1253 2633 juribus

157 2653 420 2734 districtibus
434 2660 478 2731 et
492 2651 873 2754 oonflniis·integra
903 2659 946 2732 et
973 2655 1105 2734 illesa.
1132 2655 1251 2751 Quod

157 2777 194 2853 si
220 2777 356 2855 nollet
382 2775 453 2854 illa
481 2774 661 2854 reddere
689 2781 837 2856 nostro
853 2778 1055 2864 dominio,
1084 2783 1183 2856 tuno
1210 2785 1252 2856 et

158 2897 270 2976 ineo
287 2917 385 2975 oasu
412 2897 603 2975 dominus
621 2895 842 2978 sandalias
869 2900 1180 3002 suprascriptus
1196 2905 1252 2976 te·

158 3021 307 3095 neatur
332 3017 857 3104 essenobisoum,etdara
885 3023 1032 3096 nostro
1062 3017 1251 3096 dominio
1364 3082 1366 3090 ,

157 3139 449 3241 suprascripto
465 3139 724 3218 auxilium'et
739 3140 931 3219 favorem
952 3147 1251 3242 opportunum.

155 3281 235 3363 pro
279 3261 576 3365 compellendo
618 3261 776 3340 dietum
817 3260 1032 3340 dominum
1071 3261 1251 3350 Balaam,

154 3377 207 3460 ad
230 3382 535 3458 restituendum
565 3382 703 3460 eidem
730 3393 880 3461 nostro
899 3437 902 3444 ·
922 3381 1111 3463 dominio
1140 3379 1278 3458 diota·

156 3501 266 3588 looa,
296 3507 340 3578 ut
367 3503 524 3580 dietum
553 3507 627 3583 est.
654 3503 708 3582 llt
736 3505 911 3608 insuper
938 3504 1051 3608 quod
1082 3509 1250 3580 extunc

155 3621 325 3702 liberati
353 3623 483 3700 simus
512 3629 557 3702 et
570 3623 769 3724 absoluti,
799 3650 877 3703 nos
906 3633 947 3702 at
973 3645 1250 3702 successores

154 3741 302 3832 nostri,
329 3767 352 3820 a
379 3743 516 3822 dando
546 3743 683 3824 eidam
712 3745 881 3822 domino
908 3741 1035 3822 Balsa
1064 3749 1107 3819 et
1132 3741 1249 3818 here·

155 3859 278 3940 dibus
305 3865 390 3942 suis
418 3887 521 3967 sepe
561 3865 699 3946 dictos
725 3865 840 3944 mille
874 3867 1050 3944 ducatos
1077 3861 1248 3962 singulis

156 3985 285 4073 annis,
295 3989 481 4088 utsupra
497 3986 691 4064 diximus.
701 3985 989 4068 Promittirnus
1004 3983 1117 4062 enim
1132 3991 1248 4062 teno-

156 4125 203 4181 re
232 4101 463 4182 litterarum
491 4113 733 4187 nostrarum
761 4105 1172 4208 suprascriptarum,
1206 4113 1248 4188 et

155 4223 211 4303 ita
226 4223 505 4326 promittimus
535 4249 612 4330 per
637 4237 874 4333 presentes,
902 4225 1017 4331 quod
1044 4250 1138 4306 cum
1155 4247 1244 4327 pre⁴

155 4343 268 4423 diote
296 4345 417 4422 litere
446 4347 748 4443 ratificationis‚
777 4344 1243 4453 etap‘probationissu.¹

978 4469 1040 4532 32*-
