3224 5110
1190 415 1257 480 ton

161 606 490 721 Scaudarbegbo
508 675 675 712 .....
714 622 809 724 quia
851 645 992 700 sumus
1027 621 1254 713 informati,

161 742 275 844 quod
305 743 394 820 sine
423 743 650 822 iiucbainis
690 743 783 844 ipse
811 741 1145 842 Scaudarbegho
1174 743 1254 818 orit

53 929 58 942 .
159 864 277 942 vaide
311 861 587 966 impotentior
624 863 748 940 uobis
790 871 831 939 et
873 863 1058 942 faciliter·
1096 863 1253 966 poterit

160 986 333 1063 destrui.

261 1105 309 1181 st
337 1129 446 1206 opus
475 1101 555 1180 erit
583 1109 666 1180 tam
694 1125 775 1204 pro
806 1104 1041 1181 concordio
1057 1103 1251 1183 faciendo

160 1251 252 1305 ctrm
284 1223 630 1324 Scaudarbegho,
659 1248 783 1326 quam
812 1282 820 1300 .
850 1283 859 1300 .
889 1281 899 1302 .
926 1283 936 1300 .
964 1250 1059 1302 eum
1087 1227 1251 1306 Ducha·
1292 1296 1295 1304 ,

155 1345 244 1435 inis,
272 1347 414 1426 facere
444 1346 749 1447 promissiones
779 1347 1029 1425 consiliariis
1058 1357 1127 1424 aut
1161 1350 1251 1426 aliis
1354 1418 1360 1428 .

157 1468 365 1570 personis,
392 1491 497 1566 quae
519 1471 674 1566 jurare
701 1474 877 1568 possent
903 1468 1013 1546 lianc
1051 1491 1155 1554 rem,
1185 1471 1249 1545 da·

160 1615 248 1666 mus
277 1591 352 1668 tibi
382 1592 619 1667 libertatem
664 1589 876 1690 possendo
919 1591 1210 1690 promittere.
1242 1649 1248 1661 .

155 1717 321 1793 vestes,
364 1707 563 1786 clamides
609 1714 650 1784 et
693 1707 820 1784 etiam
874 1708 1139 1810 provisiones
1182 1710 1248 1788 aii·

156 1854 336 1931 quorum
363 1830 660 1930 iperperorum
688 1828 730 1904 iu
758 1853 917 1906 meuse.
946 1885 956 1906 .
983 1883 994 1905 .
1023 1885 1030 1900 .

258 1947 460 2028 Ceterum
496 1946 591 2050 quia
632 1949 839 2025 sensimus
881 1955 1091 2048 gentes
1131 1949 1246 2026 des·

155 2073 283 2176 poti
325 2071 637 2173 apropingvare
681 2069 925 2167 (laturo,
968 2079 1010 2149 et
1050 2071 1247 2150 habuisse

153 2219 303 2296 passus
331 2193 515 2270 Zente
542 2219 563 2271 a
592 2191 963 2276 tarassints,
1000 2217 1107 2295 quae
1145 2194 1245 2272 obli·

155 2323 250 2414 gate
277 2323 425 2394 nostro
454 2313 639 2391 dominio
668 2339 748 2418 pro
778 2315 1031 2402 bonoribus
1058 2315 1246 2416 pecuniis

154 2447 197 2514 et
222 2434 557 2540 provisionibus,
587 2459 689 2536 quas
718 2435 798 2512 sibi
829 2434 1041 2522 dabamus,
1067 2435 1246 2516 deffece·

155 2561 250 2634 runt
277 2581 299 2632 a
327 2555 409 2632 tide
437 2579 521 2641 sua,
553 2557 745 2634 volumus
766 2557 890 2662 'quod
913 2555 1102 2635 exacutis
1131 2581 1245 2658 prae·

154 2677 275 2754 dictis
300 2677 368 2754 vei
399 2738 405 2751 .
435 2733 445 2755 .
476 2731 486 2752 .
515 2679 555 2755 in
585 2684 750 2779 tempus
792 2675 967 2778 positis,
1009 2686 1078 2754 aut
1120 2677 1243 2756 etiam

153 2822 238 2874 non
268 2797 482 2875 conclusis
518 2821 613 2876 curn
647 2797 719 2874 ilio
758 2799 789 2873 S
807 2821 830 2875 c
847 2820 908 2872 an
925 2798 950 2872 d
967 2823 988 2874 a
1004 2797 1065 2873 rb
1083 2797 1188 2894 egb
1204 2822 1245 2888 o,

153 2915 319 3018 quaudo
347 2914 421 2994 tibi
451 2917 521 3017 qui
549 2939 725 3019 presens
762 2918 858 3006 eris,
888 2923 1052 3019 tempus
1088 2917 1241 2996 videbi·

150 3044 218 3114 tur
248 3091 257 3112 .
288 3093 298 3113 .
326 3093 336 3113 .
367 3035 523 3113 debeas
554 3043 593 3112 te
623 3035 822 3112 conferre
853 3037 916 3114 ad
941 3037 1245 3137 despoturu‚

150 3161 185 3233 si
212 3159 252 3232 in
281 3155 518 3234 Zentam
548 3155 611 3232 vei
639 3174 777 3257 prope
803 3157 896 3232 ilias
924 3163 1066 3258 partes
1092 3155 1243 3236 Alba·

150 3281 245 3356 nie
272 3277 340 3354 rel
370 3277 573 3355 Catari
602 3277 778 3364 venerit,
804 3277 871 3356 vei
901 3278 950 3354 ad
980 3276 1243 3380 capitaneum

148 3423 316 3475 suarum
344 3399 542 3498 gentium,
569 3400 604 3474 si
630 3399 914 3500 personaliter
935 3423 1017 3474 nou
1045 3399 1242 3488 venisset,

151 3525 195 3597 et
221 3517 278 3594 iiii
306 3518 464 3596 dicere:
493 3519 604 3620 quod
622 3541 716 3599 cum
730 3518 882 3597 illustri
911 3518 1110 3598 domino
1141 3517 1240 3596 ste·

153 3637 275 3714 fano
303 3640 540 3741 desputo,
568 3639 884 3736 avunculosuo,
901 3661 1050 3742 pacem
1080 3644 1123 3716 et
1149 3637 1244 3716 omi·

152 3757 292 3836 citiam
309 3760 686 3863 contraximuspro
715 3786 762 3842 so
791 3767 834 3838 et
860 3783 939 3862 pro
968 3759 1060 3862 ipso
1089 3761 1242 3860 magui·

152 3877 490 3958 ficodoniiuo
520 3879 798 3981 (taorgio,
829 3881 896 3959 eni
925 3880 1242 3960 dominoGeor·

131 4002 221 4100 ¹gio
251 4003 398 4079 multas
427 4003 747 4084 commoditates
775 4003 968 4088 fecimus,
998 4010 1041 4080 ot
1068 4026 1145 4105 pro
1169 4031 1241 4083 no·

151 4127 237 4198 stra
263 4145 370 4224 pace
399 4127 441 4201 et
467 4121 673 4211 amicitia,
713 4123 841 4201 multa
870 4119 1073 4200 beneficia
1101 4147 1239 4201 susce·

151 4240 277 4342 pitin
308 4263 490 4342 persona
518 4251 559 4318 et
586 4245 695 4319 statu
723 4266 812 4329 suo,
841 4265 949 4321 nuuc
978 4245 1119 4322 autem
1144 4267 1237 4322 cum

256 4361 388 4413 rancun
406 4361 486 4424 xiv·
1020 4357 1043 4420 9
