3206 5110
1201 375 1267 442 255
1318 441 1321 448 .

167 585 379 688 perpetuo
408 587 452 662 et
480 587 520 661 in
549 589 815 685 perpetuum,
845 583 921 660 sub
949 583 1117 693 uinculo
1132 606 1266 663 secra·

169 705 299 780 ment-i
329 703 631 806 suprascripti,
673 711 713 782 et
755 702 831 780 sub
873 725 980 805 pena
1016 703 1265 782 ducatorum

168 829 336 900 centum
391 823 591 929 millium,
622 831 748 926 prout
777 823 1021 902 continetur
1049 825 1088 899 in
1119 823 1265 900 instru-

167 952 310 1021 mento
339 945 469 1046 pacis,
492 945 794 1041 solvendorum
825 949 1078 1043 perpurtem
1107 967 1189 1021 non
1211 952 1266 1022 at·

167 1066 406 1144 tendentem
423 1067 531 1166 parti
551 1067 796 1158 attendenti,
822 1071 865 1142 et
880 1065 1108 1142 observare
1123 1068 1265 1144 rolen-

166 1191 216 1279 ti3
260 1211 341 1288 que
368 1211 475 1290 pena
503 1188 635 1268 semel
664 1189 730 1266 rel
760 1189 919 1292 pluries
949 1189 1170 1266 commissa
1197 1189 1265 1264 vel

166 1331 264 1399 non,
281 1313 418 1386 tamen
436 1307 575 1386 omnia
593 1312 634 1384 et
649 1309 812 1408 singula
839 1309 1127 1410 suprascripta
1156 1320 1197 1386 et
1211 1310 1266 1384 io·

166 1427 404 1535 trascripta,
432 1451 602 1530 semper
628 1431 667 1504 in
685 1432 1008 1533 omnitempore
1031 1430 1071 1505 iu
1087 1451 1159 1505 suu
1175 1451 1267 1530 per·
1327 1475 1331 1486 «

167 1553 333 1624 muneal
361 1550 531 1625 roboris
561 1549 772 1628 firmitate.
801 1550 980 1652 insuper
1007 1549 1161 1652 prelati
1185 1573 1265 1624 ma-

166 1665 340 1766 gnificus
369 1668 561 1745 dominus
589 1669 783 1747 dominus
811 1670 1021 1769 Georgius
1050 1677 1099 1747 et
1136 1666 1264 1745 domi·
1323 1741 1329 1744 .

166 1811 242 1864 nus
256 1785 517 1871 Franciscus
539 1789 779 1866 nominibus
795 1776 945 1890 quibus
961 1813 1100 1890 supra,
1116 1811 1263 1892 pacem

164 1908 362 2002 tunionem
387 1916 428 1985 ct
458 1908 735 1986 concordium
778 1933 827 1988 ac
855 1911 1138 1990 dulcissimam
1168 1911 1264 1986 ami·

166 2025 321 2112 citiam.
353 2027 452 2104 olim
483 2027 737 2106 celebratam
768 2030 876 2107 inter
905 2031 1131 2110 antelatum
1155 2053 1263 2130 mag·

163 2149 333 2226 uilicum
363 2149 576 2227 domiuum
594 2149 809 2228 dominum
838 2151 1066 2252 Georgium
1094 2151 1263 2230 nomine

164 2293 249 2370 quo
278 2293 426 2372 supra,
457 2279 498 2349 et
535 2271 740 2372 prefatum
783 2272 1048 2370 magnilicum
1089 2270 1262 2348 militem

99 2425 103 2436 ·
151 2390 377 2490 ¹dominum
393 2387 664 2469 Franciscum
680 2391 856 2484 Bembo,
878 2398 978 2470 tunc
998 2392 1263 2498 capitaneum

162 2512 402 2611 generalem
433 2511 597 2617 Culphi,
626 2515 794 2591 nomine
821 2515 1077 2594 serenissimi
1105 2513 1264 2591 ducalis

163 2630 335 2729 dominij
362 2631 639 2711 venetiarum
668 2631 874 2734 predicti;
901 2635 954 2712 de
985 2659 1064 2736 qua
1088 2655 1193 2736 pace
1222 2639 1265 2711 et

162 2751 320 2829 unione
350 2759 466 2854 patet
492 2752 666 2856 publico
697 2753 1003 2840 instrumento,
1030 2753 1192 2855 scripto
1219 2748 1264 2831 et

21 2858 27 2871 ’
162 2877 314 2969 rogato
343 2895 422 2973 per
450 2897 520 2951 ser
547 2873 765 2952 Nicolaum
783 2875 995 2976 Arcilnpis
1025 2872 1263 2960 deCataro,
1370 2920 1408 2976 ι,

101 3011 108 3024 ·
160 2991 374 3094 publicum
390 2995 613 3080 notarium,
642 3019 778 3098 prope
810 2995 1004 3074 bastitam
1020 2993 1152 3072 sancti
1167 2993 1261 3069 Ser·

163 3111 234 3212 gii,
262 3113 330 3190 die
358 3113 438 3190 ΧΠ
465 3097 619 3191 mensis
649 3115 837 3214 Augusti,
876 3120 987 3211 1423,
1029 3116 1262 3193 indictione

162 3231 297 3335 prima
312 3261 321 3322 ;
346 3243 387 3313 et
403 3237 541 3311 omnia
553 3243 594 3313 et
610 3237 770 3335 singula
800 3241 997 3315 contenta
1012 3237 1051 3315 in
1069 3234 1262 3341 capitulis

163 3349 276 3430 dicte
301 3354 416 3457 pacis
433 3362 639 3442 annotata,
668 3357 983 3437 ratificaverunt
1004 3355 1261 3458 approbave-

162 3480 259 3549 runt
299 3478 342 3548 et
369 3476 721 3575 emologaverunt
748 3487 790 3556 et
818 3471 1191 3565 confirmaverunt,
1219 3481 1263 3552 et

163 3595 358 3672 omnibus
387 3595 526 3673 modis
537 3597 704 3696 Juribus
720 3597 867 3674 formis
884 3604 927 3673 et
942 3596 1091 3682 causis,
1108 3595 1259 3698 quibus

162 3715 311 3791 melius
334 3711 574 3818 potuerunt,
602 3718 715 3794 dicte
743 3727 884 3819 partes
913 3716 1150 3794 nominibus
1177 3713 1261 3817 qui·

162 3833 252 3910 bus'
275 3859 428 3937 supra,
470 3835 754 3936 promiserunt
794 3837 875 3913 sibi
903 3835 1085 3916 invicem
1115 3847 1150 3914 ss
1179 3859 1260 3915 una

163 3955 422 4061 perstulteri
466 3965 507 4034 et
548 3955 678 4032 alteru
721 3957 865 4053 alteri,
908 3979 985 4062 per
1025 3957 1259 4036 solemnem

163 4075 477 4178 stipulationem
507 4075 732 4154 hincinde
762 4077 1124 4164 intervenientem,
1140 4077 1258 4155 lirma

163 4205 265 4282 rata,
296 4205 339 4278 et
365 4205 482 4298 gruta
512 4195 671 4276 habere
688 4207 730 4276 et
750 4204 909 4287 tenere,
926 4207 967 4278 et
982 4198 1261 4276 effectualiter
