3228 5108
340 401 406 486 43⁰

342 608 392 686 ad
438 559 640 696 nostram,
666 605 955 709 presentiam,
998 629 1052 686 sc·
1073 627 1154 710 pro
1196 603 1437 685 exhibendo

342 729 530 810 celerem
559 728 875 832 expeditionem
904 728 955 806 ad
984 747 1045 816 ea,
1075 753 1182 830 quae
1212 749 1338 826 agere
1366 725 1436 802 ba·
1534 831 1542 840 ,

339 849 491 926 bemus
520 872 614 928 cum
644 849 731 924 suis
759 848 1102 948 magnificentiis,
1131 873 1210 928 nos
1239 848 1397 928 constit
1430 892 1436 902 ·

184 1001 193 1018 ‚
343 995 458 1048 amus
486 977 527 1046 te
559 970 596 1045 in
612 976 804 1046 nostrum
834 950 1180 1062 ambassiatorem,
1208 972 1361 1048 iturum
1387 969 1439 1046 ad

344 1093 596 1194 presentiam
638 1091 861 1170 domiui
904 1071 1231 1195 despoliet
1270 1091 1437 1170 domi·
1578 1085 1588 1100 “

343 1237 438 1291 nae
466 1209 661 1306 Maras,
688 1235 767 1317 pro
799 1209 1092 1292 concludendo
1123 1219 1166 1289 et
1193 1210 1440 1290 confirman-

344 1335 398 1411 do
428 1357 575 1436 pacem
614 1339 833 1412 tractatam
874 1356 953 1434 per
980 1339 1151 1412 nostros
1188 1334 1439 1436 provisores

345 1478 441 1532 cum
470 1451 554 1530 suis
582 1451 926 1554 magnificentiis,
974 1453 1325 1554 quemadmodum
1338 1455 1440 1550 usuis

348 1575 704 1652 ambaxiatorihus
747 1573 1031 1679 promisimus.
1097 1571 1155 1672 ut,
1198 1595 1282 1678 pro⁴
1324 1581 1437 1651 tanto

349 1695 686 1796 quandocunque
715 1702 838 1771 erunt
865 1692 904 1770 in
920 1700 1078 1798 puncto
1096 1693 1263 1771 mittere
1280 1703 1323 1770 et
1350 1693 1438 1770 mit-

352 1817 440 1890 tent
479 1830 580 1889 suos
620 1813 806 1892 sindicos
850 1819 892 1892 et
920 1812 1257 1902 ambasiatores,
1298 1809 1437 1888 subito

348 1931 501 2010 crisin
544 1941 699 2037 puncto
735 1933 860 2011 eundi
904 1943 945 2012 et
989 1938 1031 2009 te
1073 1929 1345 2034 repperiendi
1388 1929 1438 2004 ad

345 2051 540 2132 dominos
568 2053 816 2132 antedictos,

362 2239 371 2258 s
447 2174 500 2252 Et
531 2199 624 2253 oum
653 2175 851 2255 habueris
880 2175 1202 2276 responsionem
1232 2173 1440 2277 epredic·

344 2281 1186 2378 tis‘dcmin‘aHelenaet'Balsa,
1215 2292 1441 2394 quodsint

344 2412 480 2515 parati
507 2415 675 2493 mittere
704 2439 806 2492 suos
833 2415 1022 2494 sindicus
1061 2421 1104 2490 et
1127 2410 1441 2490 ‘ambasciatores

346 2531 397 2608 ad
423 2530 643 2634 predictos
670 2534 882 2612 dominum
921 2535 1232 2636 despotum
1275 2539 1318 2610 et
1353 2531 1439 2609 do·

346 2653 551 2764 minam
580 2653 806 2750 Marem,
837 2662 880 2732 et
907 2657 1006 2732 dato
1037 2652 1189 2731 ordino
1219 2655 1271 2731 de
1301 2653 1439 2730 termi-

346 2797 400 2851 no
430 2781 472 2852 et
499 2781 696 2877 tempore
724 2777 884 2866 debito,
912 2777 1107 2858 volumus
1129 2777 1242 2879 quod
1271 2773 1441 2852 dimissa

348 2903 460 2972 terra
490 2883 761 2983 Scutari,
805 2899 847 2975 in
876 2897 943 2976 illa
971 2895 1164 2976 custodia
1194 2903 1236 2972 et
1263 2897 1339 2971 sub
1368 2893 1441 2970 illo

346 3025 534 3106 rectore,
562 3039 688 3119 quem
718 3025 759 3095 et
787 3039 907 3118 quam
936 3015 1010 3094 tibi
1036 3017 1222 3094 dicemus
1250 3013 1442 3101 inferius,

349 3136 389 3214 in
419 3135 528 3214 bona
570 3124 702 3236 gratia
732 3134 773 3214 lu
802 3139 928 3217 vadas
969 3144 1121 3216 noster
1161 3136 1438 3220 ambaxiator,

348 3263 390 3332 et
416 3255 604 3334 sindicus
631 3259 683 3335 ad
711 3259 906 3337 dominos
935 3259 1197 3355 antedictos,
1239 3256 1439 3334 videlicet

346 3379 398 3458 ad
428 3377 641 3456 domiuum
676 3382 989 3483 despotum
1020 3389 1061 3458 et
1088 3378 1300 3460 dominam
1342 3375 1437 3454 Ma·

346 3521 465 3586 ram,
493 3506 536 3576 et
564 3497 951 3602 adPasaytum
980 3495 1438 3582 voivodamTur-

351 3622 605 3710 chorum,
634 3621 670 3697 si
698 3620 773 3700 libi
797 3621 1026 3700 uidebitur.
1085 3617 1368 3718 intelligendo
1398 3623 1440 3696 te

348 3745 498 3836 taliter,
536 3739 654 3844 quo·
677 3739 804 3823 tradas
832 3742 957 3823 etsis
986 3743 1177 3831 ibidem,⁴
1204 3765 1334 3844 quum
1361 3759 1441 3816 nm·
1534 3757 1540 3764 ·

347 3865 584 3942 basiatores
629 3871 671 3942 et
697 3862 845 3941 sindici
887 3863 1059 3940 alterius
1090 3862 1218 3965 partis
1245 3859 1348 3940 illuc
1373 3885 1442 3938 ve·
1574 3957 1581 3964 ·

347 3985 473 4062 nient.
529 3983 809 4082 Quibuscum
849 3982 978 4060 fueris
1007 3987 1056 4059 ad
1095 3983 1350 4087 presentiam
1377 4005 1442 4058 su·

348 4127 436 4192 am,
464 4103 729 4206 presentabis
775 4109 940 4183 nostras
984 4104 1141 4182 litteras
1186 4101 1442 4184 credentiae.

267 4320 273 4329 Ι
350 4247 452 4328 quas
480 4225 553 4304 tibi
574 4225 772 4318 misimus.
790 4233 832 4304 et
854 4226 971 4304 lactis
998 4225 1119 4314 dictis
1134 4223 1315 4304 dominis
1345 4247 1441 4302 con·

352 4347 616 4428 venientibus
644 4347 965 4436 salutationibus
993 4355 1035 4424 et
1053 4345 1349 4431 oblationibus,
1375 4343 1443 4420 de·
