3226 5112
1211 435 1274 500 erl

183 660 393 745 sequuoes
420 637 615 722 subditos
643 645 687 718 et
701 641 962 720 recomissos
977 664 1032 720 ex
1047 665 1129 721 una
1143 650 1276 746 parte,

182 771 224 841 et
260 769 450 842 nostrum
487 759 716 841 dominium
754 763 988 866 complices
1023 761 1277 841 adherentes

182 879 372 960 subditos
411 903 616 982 sequaces
657 886 701 957 et
740 881 1070 961 recomendalos
1105 892 1275 961 nostros
1387 963 1388 966 a

182 1001 440 1105 inpartibus
487 1001 741 1080 Albanie
770 1001 1058 1082 seuZente
1100 1011 1181 1082 etc.
1222 1027 1275 1080 ex

182 1122 313 1199 ultera
329 1147 340 1211 ;
369 1121 536 1200 demum
566 1122 809 1201 affectantes
836 1145 931 1198 cum
972 1122 1177 1223 predictis
1204 1122 1276 1200 do·

182 1241 304 1319 minis
345 1241 395 1320 ad
430 1267 579 1344 pacem
608 1240 780 1328 venire.
822 1251 865 1319 et
904 1243 1015 1319 illam
1057 1245 1276 1345 perpetuis

182 1363 450 1468 temporibus
493 1387 774 1452 conservare,
824 1364 1020 1442 iussimus
1061 1363 1192 1456 nobili
1235 1371 1278 1442 et

182 1484 364 1588 sapienti
390 1486 483 1561 viro
523 1483 854 1561 nranoisco
889 1484 1104 1562 Bembo
1144 1485 1275 1578 militi,

144 1685 149 1696 ,
181 1611 282 1684 tunc
298 1611 446 1684 nostro
462 1607 687 1710 capitaneo
708 1605 898 1706 generali
915 1603 1082 1710 Culphi
1111 1611 1179 1682 cui
1207 1631 1276 1684 exa

179 1751 393 1832 pressum,
425 1727 608 1832 speciale
638 1733 681 1805 et
709 1727 908 1826 generale
936 1727 1276 1828 procuratorium

181 1853 225 1923 et
251 1847 493 1928 mandatum
521 1846 718 1944 fecimus,
748 1853 793 1924 ut
820 1871 915 1925 cum
943 1846 1116 1950 prelatis
1146 1847 1276 1926 domi·

180 1969 243 2046 nis
272 1977 421 2048 nostro
451 1971 619 2047 nomine
660 1968 712 2046 ad
752 1989 902 2070 pacem
940 1968 1171 2048 deveniret.
1224 1969 1278 2046 Et

180 2089 221 2166 in
251 2089 333 2168 hac
350 2089 479 2169 etiam
504 2091 617 2168 bona
634 2089 912 2188 dispositione
928 2089 1278 2170 concurrentibus

179 2208 359 2310 prelatis
401 2209 608 2301 dominis,
648 2210 759 2294 idem
802 2208 1045 2309 magnificus
1084 2208 1277 2288 dominus
1325 2201 1332 2310 ζ

180 2330 410 2431 Georgius,
437 2333 532 2411 vice
573 2337 616 2410 et
656 2331 697 2406 in
737 2351 922 2434 persona
963 2355 1015 2410 ac
1041 2331 1276 2410 nominibus

180 2449 387 2550 predictis
416 2475 471 2527 ex
498 2471 578 2526 una
605 2456 745 2553 purte,
775 2455 819 2526 et
844 2449 1060 2553 predictus
1088 2450 1277 2531 Francis·

181 2593 256 2648 cus
283 2569 448 2648 Bembo
479 2571 599 2648 miles
626 2573 773 2648 nostro
802 2573 974 2650 nomine
1004 2593 1055 2650 ac
1089 2575 1199 2664 vice,
1236 2581 1280 2652 et

178 2691 349 2771 nomine
380 2689 565 2770 omnium
589 2691 884 2770 adherentium
902 2693 1173 2796 complicium
1188 2695 1279 2771 sub·

180 2812 362 2890 ditorum
403 2811 646 2913 sequacium
695 2817 739 2888 et
779 2811 1180 2891 recomendatorum
1207 2838 1276 2894 no·
1355 2871 1358 2876 ,

180 2937 367 3009 strorum
406 2955 460 3006 ex
487 2931 638 3020 altera;
678 2932 996 3034 praticaverunt
1030 2955 1276 3034 composue-

179 3053 289 3140 runt,
316 3051 513 3130 lecerunt
539 3055 583 3128 et
600 3051 901 3129 concluserunt
914 3050 1079 3130 firmum
1097 3073 1274 3130 concor·

183 3169 295 3246 dium
326 3195 375 3250 uc
402 3175 651 3274 perpetuam
679 3193 856 3273 pacem,
896 3181 1026 3275 prout
1059 3172 1099 3248 iu
1127 3171 1275 3251 instru-

184 3298 326 3368 mento
354 3292 473 3395 pacis
501 3291 754 3396 interipsum
774 3291 1011 3370 nominibus
1027 3299 1109 3371 tem
1124 3293 1277 3370 nostris

183 3435 306 3512 quam
332 3411 598 3515 prefatorum
626 3411 901 3490 illustrissimi
928 3410 1086 3489 domini
1122 3411 1277 3512 dispcti
1365 3508 1370 3517 .

181 3538 225 3607 et
251 3529 409 3607 domini
439 3529 610 3631 Georgii
635 3531 963 3623 antedictorum,
1001 3531 1155 3614 clarius
1181 3555 1276 3610 cou-

182 3655 274 3729 stat.
328 3651 375 3728 ln
404 3677 489 3754 quo
519 3652 688 3756 quidem
718 3653 834 3761 pacis
871 3655 1150 3732 instrumento
1180 3676 1277 3756 que·

182 3771 276 3848 dam
303 3772 528 3870 pendentia
557 3780 600 3850 et
626 3772 948 3851 indeterminata
971 3781 1274 3862 remanserunt;

181 3899 332 3994 postea
359 3915 462 3970 vero
503 3891 614 3970 idem
656 3891 900 3992 magnificus
929 3893 1122 3970 dominus
1150 3891 1276 3970 Geor·

183 4013 274 4109 gius
302 4013 397 4091 vice
426 4022 469 4092 et
496 4013 735 4092 nominibus
763 4012 1008 4101 antedictis,
1049 4021 1092 4091 et
1126 4011 1277 4094 nobilis

184 4135 246 4210 vir
280 4133 923 4232 FranciscusQuirino
968 4144 1275 4214 comesetca·

183 4257 394 4359 pitaneus·
415 4253 598 4346 Scutari,
639 4257 707 4333 cui
735 4277 983 4359 expressum
1019 4237 1205 4360 speciale
1235 4263 1277 4333 et
