3206 5110
1241 377 1246 390 1

1256 402 1259 412 ι

1122 415 1126 426 ·
1186 385 1253 459 m

155 599 243 674 stra
271 617 460 697 expense
488 601 532 672 'et
558 587 774 671 laboribus
803 591 1100 694 acquisivimus
1129 603 1172 675 et
1186 597 1253 676 ire·

158 713 323 792 buimus
346 713 557 796 civitatem
585 719 773 792 nostrum
801 711 1099 800 scientem,
1128 741 1252 819 quem

154 860 299 913 sumus
314 834 506 938 dispositi
521 839 579 910 «et
608 831 776 910 omnin'o
791 831 1058 923 intendimus,
1088 835 1254 915 favente

156 957 342 1042 domino,
369 979 449 1060 pro
480 953 603 1032 nobis
631 960 779 1033 tenere
808 959 850 1032 et
878 961 1149 1034 conservares
1204 956 1256 1034 nt

160 1077 308 1155 auditis
326 1077 477 1154 titteris
494 1076 646 1153 vestris
674 1073 796 1153 ethis
826 1095 933 1178 quoe
949 1077 1256 1178 magnificentia

160 1219 234 1272 sun
247 1195 494 1283 vobisdixit,
509 1200 561 1275 de
577 1195 898 1297 interpositione
914 1197 1090 1302 praeisti
1102 1202 1129 1277 d
1140 1221 1164 1275 o
1177 1223 1217 1276 m
1231 1199 1258 1275 i·

66 1361 70 1371 ‚
159 1318 215 1392 ni.
236 1317 472 1421 despoti,
490 1309 674 1396 ¹dicimus
703 1319 816 1417 quod
845 1319 1073 1398 dummodo
1103 1320 1257 1421 impc-

160 1439 728 1518 rator'l'eucrcrum
769 1439 823 1517 sit
853 1443 1075 1520 contentus
1115 1443 1168 1521 dc
1203 1444 1259 1520 in·

161 1561 554 1662 terpcsitionesue.
583 1585 724 1638 sumus
755 1564 942 1640 contenti
971 1563 1175 1666 etpereti,
1203 1559 1260 1666 ip·

159 1701 247 1756 sum
279 1689 394 1759 susm
425 1682 788 1784 interpositionem
813 1691 1260 1786 accepture'etcccep·

159 1811 317 1889 tamus,
374 1801 469 1904 quie
519 1801 573 1878 ob
615 1802 867 1901 singularem
909 1803 1176 1883 effectionem
1215 1811 1262 1881 et

161 1944 372 2014 amorem,
400 1947 525 2025 quern
555 1924 634 2024 ipsi
660 1922 832 2002 dominc
849 1926 1030 2028 desputo
1058 1925 1261 2026 gerimus,

160 2043 251 2146 ipsa
277 2067 352 2120 sue
366 2043 632 2146 interpositio
663 2045 785 2122 nobis
807 2045 901 2149 pius
916 2045 1120 2148 placebat,
1135 2071 1259 2150 quem

162 2164 332 2244 atterius
359 2163 531 2247 domini.

217 2317 219 2322 ’
262 2283 316 2362 Et
342 2285 405 2364 sic
432 2308 513 2386 pro
542 2282 654 2363 bone
690 2285 944 2364 executione
981 2285 1112 2387 ipsius
1138 2283 1261 2366 robis

21 2415 26 2423 '
161 2403 346 2484 misimus
376 2405 611 2485 ubertatem
641 2407 889 2508 adplenum,
918 2409 1261 2511 etesiisperntus

163 2527 204 2603 in
232 2527 301 2604 dei
328 2526 509 2612 nomine,
524 2551 604 2629 per
619 2527 799 2604 medium
828 2533 871 2604 et
894 2517 1261 2631 interpositionem

164 2647 294 2750 ipsius
321 2647 479 2725 domini
507 2649 532 2724 d
551 2673 650 2752 esp
668 2673 693 2723 o
711 2649 775 2736 ti,
802 2647 951 2726 venire
978 2651 1028 2727 nd
1056 2647 1265 2752 preticem,

166 2775 210 2845 et
236 2759 551 2870 subsequenter
587 2771 636 2846 ad
666 2769 819 2848 bonam
860 2769 990 2872 ipsius
1031 2768 1262 2850 conclusio·

164 2912 272 2965 nem.
326 2889 376 2967 lit
412 2891 619 2978 notumne,
661 2892 774 2991 quod
816 2889 1082 2992 inquantum
1123 2891 1262 2968 dictus

166 3011 502 3114 imperator
537 3011 912 3092 Teucrorum
954 3015 1261 3088 esseteonten·

167 3137 246 3232 tus,
269 3131 381 3229 quod
410 3127 497 3232 ipsa
513 3155 596 3233 pax
610 3129 893 3232 preticeretur
908 3131 949 3206 in
965 3129 1091 3210 terris
1104 3129 1262 3208 domini

167 3251 192 3326 d
209 3275 232 3325 e
248 3275 268 3326 s
282 3274 308 3353 p
324 3273 349 3324 ο
366 3254 381 3325 t
398 3248 409 3324 i
436 3250 652 3351 praeneti,
678 3251 851 3329 dimisso
868 3252 1097 3330 castellano
1114 3258 1261 3328 nostro

169 3367 414 3448 S‘cntcri
458 3366 555 3448 icco
585 3370 737 3462 vestri‚·
778 3371 840 3448 ire
868 3371 1059 3450 debeatis
1087 3372 1125 3448 in
1164 3371 1261 3448 ioco

167 3513 247 3593 per
276 3505 370 3568 eum
398 3491 612 3593 deputato,
642 3497 685 3568 et
712 3491 752 3570 in
780 3493 848 3570 dei
876 3493 1056 3578 nomine,
1083 3515 1162 3596 per
1184 3513 1264 3566 me·

168 3613 280 3691 dium
308 3611 438 3714 ipsius
466 3612 623 3691 intrare
652 3616 700 3692 ud
728 3615 932 3718 pruticem
955 3621 996 3692 et
1011 3613 1263 3714 subsequen·

169 3740 237 3808 ter
262 3733 312 3808 ud
341 3732 494 3810 bonam
519 3731 648 3834 ipsius
676 3733 1010 3811 conclusionem.
1245 3825 1252 3841 x

273 3849 318 3926 Si
340 3875 442 3930 vero
470 3853 607 3930 dictus
636 3851 852 3932 Teucer
877 3854 1018 3940 veltet,
1046 3854 1264 3956 quodipso

170 3995 253 4076 pnx
282 3979 537 4052 tractaretur
564 3974 612 4051 nd
641 3973 918 4075 praesentiam
934 3995 1064 4060 sunm,
1091 3995 1264 4078 pernre-

170 4095 283 4171 dium
312 4101 449 4170 tamen
489 4094 592 4171 dicti
618 4077 773 4171 domini
812 4093 1081 4198 despoti,
1119 4111 1265 4172 sumus
1360 4147 1366 4164 ,

172 4214 360 4293 contenti
403 4221 445 4292 et
483 4213 605 4294 vobis
642 4219 908 4304 mundemus,
949 4218 1060 4316 quod
1088 4215 1264 4299 obtento
