3220 5118
369 377 433 444 012

371 561 762 666 conxxVffl.
791 559 904 661 rme.
938 577 1029 658 1110
1056 579 1129 657 vl.
1162 581 1225 690 aa,
1251 563 1462 656 novem.

369 777 521 852 Ooseaye
544 795 582 836 ce
615 793 728 852 gymgn
751 770 960 842 Maenauniir,
991 790 1029 844 ga
1052 775 1092 832 le
1116 785 1218 846 npoan
1242 789 1367 847 uernpu
1404 787 1461 830 rre-

401 899 481 954 ceua
506 899 691 940 ncnaarnru
715 895 805 938 rocn.
830 877 975 952 Gauga'ay
1000 889 1083 932 0000
1106 893 1236 952 gyrare,
1261 895 1319 934 soe
1343 875 1424 932 onai

536 1003 595 1042 uua
632 1001 650 1058 y
674 985 854 1052 Maernnna
877 995 1027 1053 yaomeue
1052 995 1091 1035 sa
1115 995 1290 1050 goxoqam..

369 1121 510 1200 litera
551 1123 645 1202 data
687 1116 847 1198 oratori
887 1115 1096 1216 magnifici
1136 1116 1290 1194 domini
1332 1113 1460 1192 San·

360 1241 514 1332 delii,
541 1243 593 1322 de
621 1241 816 1343 deposito
838 1239 896 1316 Vl
925 1237 1040 1315 mille
1056 1239 1319 1335 ducatorum,
1349 1259 1460 1338 quos

417 1361 649 1441 dominium
676 1359 886 1466 promittit
913 1358 1050 1436 eidem
1078 1381 1211 1460 usque
1239 1379 1406 1435 menses

822 1489 1014 1582 quatuor.

468 1669 727 1750 Michael
766 1667 946 1747 Sten'o
984 1667 1053 1745 dei
1094 1667 1227 1770 gratia
1267 1668 1351 1748 dux
1379 1667 1461 1744 Ve-

366 1793 571 1871 netiarum
599 1797 680 1869 etc.
734 1787 958 1888 Magnifico
1000 1797 1044 1867 et
1078 1790 1243 1892 potenti
1283 1789 1459 1866 domino

365 1911 647 1990 Sandalio
690 1933 895 2014 magno
923 1907 1181 1987 vaivode
1221 1907 1459 2006 Bosine,

363 2033 502 2111 amico
531 2031 688 2110 dilecto
730 2031 907 2108 salutern
934 2037 978 2108 et
1004 2029 1171 2108 sincere
1213 2025 1458 2108 dilectionis

363 2154 573 2234 affectum.
1415 2165 1418 2172 ’

466 2271 649 2376 Propter
690 2273 906 2384 caritatem
944 2279 987 2351 et
1023 2272 1231 2351 sinceram
1270 2271 1458 2350 allectio·

365 2419 487 2482 nem,
529 2419 652 2497 quam
694 2395 969 2494 cognovimus
997 2397 1178 2470 vestram
1215 2391 1459 2492 magnitudi-

365 2539 461 2592 nem
490 2513 675 2593 dominio
705 2520 851 2595 nostro
881 2537 1058 2614 gerere,
1097 2517 1140 2590 et
1166 2511 1323 2590 nosad
1350 2535 1490 2591 eam··

365 2635 462 2712 dem
515 2635 870 2735 magnificentiam
911 2643 1094 2715 vestram
1140 2633 1323 2734 gerimus
1365 2631 1458 2710 vi'ce

364 2779 501 2840 versa,
529 2780 701 2859 semper
728 2757 981 2834 facieremus
1010 2779 1090 2861 pro
1114 2779 1164 2835 ea
1191 2777 1459 2858 quecumque

363 2875 578 2977 possibilia
606 2879 728 2956 nobis
757 2878 908 2956 forent.
966 2873 1081 2955 Hinc
1105 2885 1187 2964 est,
1218 2878 1331 2978 quod
1362 2899 1457 2953 cum

362 2995 605 3098 spectabilis
647 2997 711 3073 vir
752 2997 945 3077 dominus
987 2997 1316 3075 urubatius
1364 2993 1456 3074 Do·

363 3119 389 3194 b
406 3141 429 3192 r
444 3139 466 3196 e
483 3141 505 3192 a
520 3143 544 3193 v
561 3118 572 3193 i
588 3141 616 3218 g
652 3118 918 3199 honorabilis
956 3125 1099 3196 vester
1141 3122 1289 3196 orator
1329 3141 1352 3193 a
1385 3141 1455 3194 no·

360 3236 424 3314 bis
453 3239 722 3340 requisiverit
748 3247 868 3344 parte
895 3247 1063 3330 vestra,
1092 3238 1144 3316 de
1173 3239 1301 3317 certis
1329 3237 1457 3342 depo·

362 3359 451 3435 sitis
480 3359 782 3445 extrahendis,
824 3363 900 3436 uos
941 3359 1135 3438 volentes
1177 3357 1297 3438 dicte'
1316 3367 1459 3440 vestre
1586 3391 1587 3400 ¹

361 3479 631 3578 magnitudini
661 3483 945 3584 complacere,
964 3480 1150 3582 quamvis
1168 3481 1280 3560 foret
1308 3479 1456 3561 contra

237 3617 240 3630 ·
361 3599 478 3697 leges
507 3607 549 3676 et
564 3599 735 3679 ordines
763 3600 878 3677 urbis
901 3611 1059 3687 nostre,
1090 3603 1278 3680 contenti
1307 3603 1457 3680 luimus

360 3720 511 3798 vestris
539 3719 890 3823 requisitionibus
919 3723 1123 3804 assentiri.
1156 3725 1317 3801 Verum
1344 3723 1455 3802 idem
1585 3745 1586 3748 ‘

361 3846 509 3920 orator
522 3848 666 3919 vester
694 3851 917 3922 contentus
945 3844 1035 3932 fuit,
1063 3851 1105 3921 et
1133 3843 1334 3922 remansit
1359 3867 1454 3921 con·
1584 3835 1586 3888 i

361 3975 460 4038 cor's
488 3961 722 4048 nobiscum,
752 3965 868 4066 quod
897 3963 1038 4044 detali
1066 3961 1265 4068 deposito
1296 3965 1455 4042 duode·
1584 3945 1585 3954 ἵ

360 4079 441 4156 cim
470 4081 598 4157 millia
625 4084 879 4160 ducatorum
908 4084 1125 4170 medietas,
1156 4085 1355 4164 videlicet
1383 4087 1453 4163 du·
1581 4117 1585 4254 q

359 4199 442 4276 cati
468 4223 543 4276 sex
572 4203 708 4294 mille,
735 4228 882 4306 usque
910 4228 1077 4282 menses
1107 4215 1285 4307 quatuor
1311 4211 1453 4283 vestre

358 4318 627 4419 magnitudini
656 4323 983 4424 consignentur,
1011 4333 1054 4404 et
1081 4327 1235 4429 reliqui
1262 4351 1339 4406 sex
1365 4327 1449 4405 mil·
1496 4367 1501 4390 ι
1579 4295 1585 4402 l

1582 4703 1584 4756 l
