3212 5116
341 595 1430 686 dominuml'almanum,nominedomi·

341 701 395 780 ni
455 701 846 805 imperatoris
900 699 1134 792 liauiae,
1188 701 1430 804 suburgium

341 829 481 902 autem
522 845 617 901 cum
658 830 781 926 porta
835 820 1058 924 superiore
1099 829 1141 900 et
1180 847 1276 901 cum
1327 849 1430 908 saxo

343 942 455 1045 quod
482 948 657 1020 vocatur
681 939 903 1046 Oprnck,
932 949 1046 1019 tenet
1073 941 1314 1022 domiuus
1355 945 1433 1023 ba·

342 1089 445 1142 nus
484 1063 652 1144 nomine
699 1064 861 1164 regis
903 1053 1253 1164 Hungarine.
1293 1067 1433 1169 Aliqui

297 1213 306 1234 ·
344 1185 513 1266 existis
554 1185 743 1288 partibus
784 1184 954 1263 allocuti
991 1185 1160 1264 luerunt
1199 1187 1433 1276 nobiscum,

344 1309 582 1384 asserentes
609 1303 725 1408 quod
751 1304 787 1383 si
813 1305 1016 1383 vellemus
1043 1306 1223 1408 aliquam
1261 1307 1433 1411 pecuni-

347 1449 397 1505 ae
426 1429 696 1530 quantitatem
725 1429 965 1507 concedere
994 1428 1164 1506 domino
1191 1427 1431 1508 Nicolac

346 1546 487 1625 bano
516 1547 763 1650 praedicto,
804 1546 915 1649 quod
942 1547 1035 1650 ipse
1062 1547 1291 1628 dimitteret
1318 1550 1431 1628 dicto

347 1667 583 1748 domino
610 1667 884 1747 Palmanc
913 1673 1049 1747 totum
1084 1671 1196 1771 qnod
1238 1669 1433 1750 tenetde

351 1788 542 1879 Clisscio,
570 1795 616 1868 ut
642 1789 733 1892 ipse
775 1787 991 1866 Palmanus
1032 1788 1224 1894 primitus
1248 1791 1434 1871 ¹tenebat

350 1909 510 2014 etipse
550 1906 682 1986 banus
721 1915 1010 1988 reverteretur
1050 1911 1101 1988 ad
1141 1931 1237 1986 suas
1276 1915 1433 2013 partes,

347 2051 451 2132 quas
480 2035 595 2110 tenet
621 2054 701 2134 pro
730 2029 901 2108 domino
931 2051 1048 2130 rege.
1103 2029 1260 2129 Quibus
1294 2029 1435 2108 verbis

348 2175 603 2256 responsum
632 2151 833 2239 fecimus,
866 2150 979 2252 quod
1007 2151 1087 2253 ipsi
1114 2152 1320 2230 deberent
1345 2173 1435 2253 per·

347 2271 503 2350 sentire
531 2273 582 2350 ab
611 2273 704 2376 ipso
732 2271 903 2350 domino
932 2269 1039 2348 bano
1069 2271 1134 2351 ade
1160 2293 1234 2348 sua
1274 2272 1434 2350 intenti·

349 2416 432 2470 one
473 2397 517 2469 et
556 2391 671 2494 quod
719 2390 954 2496 exprimunt
994 2395 1187 2493 quantam
1227 2392 1434 2494 pecuniae

351 2511 621 2613 quantitatem
661 2512 789 2590 vellet
816 2517 859 2588 et
897 2511 1116 2591 noti-licent
1155 2508 1302 2599 nobis,
1330 2534 1436 2613 quos

348 2630 601 2710 intendimus
641 2631 799 2710 ducere
840 2633 881 2710 in
920 2631 1247 2735 prolongatione
1287 2629 1436 2712 verbo·

351 2774 468 2839 rum,
508 2751 647 2832 donec
683 2751 856 2830 avobis
897 2776 1024 2854 super
1064 2751 1150 2832 hoc
1189 2751 1437 2830 habebimus

352 2871 653 2974 responsivam.
692 2871 968 2952 Nihilominus
1003 2871 1111 2950 idem
1139 2871 1330 2951 dominus
1368 2873 1435 2980 ba·

351 3017 429 3071 nus
458 2992 658 3074 fortificat
684 3017 732 3072 se
759 2994 799 3071 in
827 2993 943 3074 dicto
972 3017 1074 3072 saxo
1104 2989 1283 3080 Clisscii,
1311 3015 1435 3095 quan·

351 3121 440 3193 tum
467 3120 620 3216 potest,
650 3121 731 3192 tam
759 3116 811 3193 de
840 3113 1039 3194 hedificio
1066 3113 1187 3214 muri,
1217 3137 1339 3216 quam
1367 3115 1436 3214 lig·

352 3232 538 3315 numinis.
592 3231 738 3312 Omnia
767 3239 904 3312 autem
932 3233 1040 3310 haec
1067 3258 1175 3312 novo
1215 3241 1298 3312 tam
1326 3233 1440 3310 dicto

353 3352 524 3432 domino
554 3353 913 3457 imperatori
942 3351 1173 3441 llaxiae,
1215 3352 1437 3454 quameti·

353 3496 418 3566 am
433 3473 604 3552 domino
617 3471 784 3553 dacobo
798 3471 1009 3576 Delphino
1025 3496 1101 3576 per
1123 3472 1269 3575 plures
1297 3493 1441 3550 manus

352 3600 450 3674 nota
477 3595 679 3695 fecimus,
720 3619 959 3675 novavere
998 3595 1187 3675 alienon
1228 3593 1441 3673 babemus.

355 3715 401 3794 Ιί
427 3740 510 3820 qua
536 3740 641 3794 vero
669 3719 936 3816 postmodum
953 3715 1032 3794 alia
1060 3721 1316 3796 occurerent
1344 3739 1441 3794 con·

354 3837 582 3916 scribenda
608 3837 746 3916 statim
774 3837 1045 3916 dominationi
1084 3843 1250 3916 vestrae
1289 3857 1441 3940 procu·

355 3959 538 4038 rabimus
567 3958 782 4038 denotare.
827 3959 1000 4063 Suplico
1029 3967 1164 4038 tamen
1193 3980 1273 4057 ego
1302 3957 1440 4036 Domi-

355 4079 474 4159 nicus
514 4079 697 4158 Michael
738 4080 851 4184 quod
890 4081 924 4158 si
965 4085 1127 4160 vestrae
1170 4077 1441 4158 dominationi

358 4199 519 4305 placet,
575 4200 687 4302 quod
740 4225 978 4281 remaneam
1018 4201 1059 4278 in
1101 4200 1302 4302 partibus
1342 4199 1443 4288 istis,
