3236 5108
1187 411 1247 478 m
1334 381 1337 391 .

159 612 325 704 tiarum,
352 611 521 693 mobilia
545 617 587 690 et
612 614 853 712 immobilia.
883 619 1093 720 presentia
1122 625 1164 695 et
1193 619 1250 696 lu-

159 739 265 820 tura,
284 744 326 811 et
350 735 429 839 ipsi
457 735 653 818 dominus
683 733 826 814 Helias
855 740 1065 839 qnondam
1082 737 1245 827 Marini,

47 903 53 912 -
160 861 203 931 et
244 851 487 932 Chinessius
527 855 700 946 sindici‚
742 863 784 933 et
810 855 1037 936 sindicarlo
1078 861 1250 936 numine

160 976 371 1074 magnitici
386 974 545 1054 domini
562 975 731 1074 Georgii
747 976 966 1077 sepedicti,
983 980 1121 1056 omnia
1138 976 1250 1057 bona
1364 963 1367 970 ²

158 1100 290 1202 ipsius
317 1097 472 1173 domini
513 1095 683 1196 Georgii
725 1096 896 1174 mobilia
939 1108 980 1177 et
1009 1099 1251 1185 immobilia,

159 1219 375 1323 presentia
404 1221 446 1293 et
475 1215 624 1304 lutura,
652 1213 727 1291 sibi
755 1216 937 1294 invicem
965 1237 1045 1296 urm
1073 1243 1169 1317 pars
1199 1219 1247 1294 al·

158 1339 256 1429 teri,
284 1339 485 1418 etaltera
513 1335 633 1414 alteri
660 1345 869 1439 perpetuo
897 1335 1146 1438 obligarunt.
1173 1337 1250 1415 Re·

159 1460 407 1536 nunciantes
434 1457 546 1535 dicte
573 1464 714 1560 partes
731 1455 852 1534 dictis
879 1458 1127 1546 nominibus,
1142 1455 1249 1538 vcon-

159 1581 317 1658 dicioni
357 1579 447 1658 sine
485 1603 661 1657 causa
637 1579 702 1654 vel
732 1601 785 1654 ex
814 1577 964 1658 iniusta
993 1604 1141 1668 causa,
1182 1605 1250 1656 ex·

161 1699 371 1810 ceptioni
390 1700 475 1780 doli
516 1700 613 1778 mali
655 1707 698 1776 et
738 1698 779 1774 in
821 1698 973 1775 lactum
1015 1699 1170 1778 a'ctloni
1211 1705 1253 1776 et
1313 1735 1323 1766 ι
1395 1721 1402 1788 j

160 1821 352 1898 omnibus
374 1821 539 1920 juribus
559 1809 838 1904 comunibus,
867 1829 910 1898 et
936 1820 1252 1925 municipalibus

160 1940 255 2030 lori,
281 1941 528 2043 privilegio,
556 1949 597 2018 et
625 1939 739 2017 omni
768 1941 904 2038 legum
934 1947 976 2016 et
994 1947 1250 2018 statutorum

159 2063 344 2151 auxilio,
385 2065 536 2164 quibus
575 2069 753 2162 possent
793 2085 867 2138 seu
909 2061 1065 2138 vellent
1106 2067 1254 2142 contra

158 2181 352 2286 predicta
379 2183 447 2260 vel
477 2182 644 2283 aliquod
679 2181 986 2284 predictorum,
1014 2181 1158 2260 lacere
1186 2181 1253 2258 vel

159 2300 320 2380 venire.
372 2297 708 2380 Promiserunt
697 2323 869 2404 insuper
909 2302 1020 2400 idem
1063 2299 1255 2382 dominus
1296 2393 1301 2410 Ι

160 2418 333 2509 Helias,
364 2431 406 2500 et
455 2397 678 2538 Chinesius
706 2427 1010 2524 procuratores
1038 2431 1080 2499 et
1105 2421 1254 2500 sindici

160 2541 406 2643 supradicti,
427 2529 688 2646 perpaulum
705 2566 953 2682 expressum
983 2544 1162 2620 solemni
1190 2542 1255 2620 sti·

159 2663 378 2766 pulatione
418 2663 629 2750 vallatum,
657 2663 828 2740 nomine
857 2661 1095 2754 antedicto,
1138 2662 1253 2764 quod

162 2780 273 2858 idem
302 2784 500 2862 dominus
536 2781 744 2882 Georgius
786 2781 1030 2861 Stracimerl
1067 2804 1145 2886 per
1186 2807 1254 2885 pu·

161 2899 320 2981 blicum
363 2902 685 2981 instrumentum
714 2927 790 2980 scu
832 2927 911 3006 per
937 2927 1033 2980 erras
1061 2909 1255 3006 patentes

162 3023 317 3110 literas,
346 3022 547 3100 bullasua
575 3023 964 3114 solitacomunitus‚
991 3045 1171 3126 presens
1199 3023 1254 3098 in-

161 3151 444 3223 strumentum
473 3151 516 3222 et
543 3146 683 3222 omnia
711 3149 753 3220 et
779 3146 998 3244 singulam
1015 3169 1067 3220 eo
1085 3151 1255 3224 eonten—
1365 3139 1370 3147 ’
1454 3252 1459 3262 Ι

162 3269 203 3344 ta
232 3263 478 3356 ratilicabit,
519 3263 791 3370 approbabit,
820 3273 862 3342 et
890 3262 1166 3366 emologabit‚
1202 3263 1257 3364 ip·
1308 3298 1312 3306 ·

162 3411 340 3490 sumque
377 3386 485 3465 vel
474 3412 587 3491 ipsas
614 3387 656 3466 in
699 3389 891 3466 manibus
919 3442 1130 3468 ......
1160 3409 1259 3487 pro·

162 3507 354 3584 visorum
383 3507 571 3585 comunis
598 3509 886 3601 venetiarum,
907 3501 1043 3587 trad'et
1071 3501 1253 3592 etdabit,

163 3655 241 3707 seu
270 3628 377 3704 tradi
405 3635 447 3705 et
473 3629 562 3728 dari
590 3629 731 3718 faciet,
768 3629 919 3734 quibus
946 3625 1258 3732 possessionem

16 3797 17 3815 ι
164 3751 361 3829 locorum
403 3749 744 3854 supradictorum
773 3749 1000 3851 assignabit
1025 3749 1092 3825 vel
1133 3747 1259 3827 faciet

18 3957 20 3973 ‚
165 3867 381 3968 assignari,
396 3877 441 3948 ut
454 3870 652 3975 superius
679 3869 834 3949 dictum
864 3878 941 3948 est.
969 3867 1112 3946 Voluit
1134 3867 1257 3944 etiarn

19 4019 21 4104 ᾗ
166 3994 259 4094 ipse
287 3989 581 4068 serenissimus
611 3991 817 4076 dominus
844 3991 1033 4067 dominus
1075 3990 1186 4079 dux,
1216 3995 1258 4066 et

21 4167 22 4174 κ
167 4135 289 4189 suum
304 4111 548 4200 dommum
569 4113 620 4189 ad
636 4135 840 4190 malorem
870 4107 1105 4188 lirmitatem
1134 4109 1258 4187 omni·
1355 4213 1362 4222 ἱ

167 4255 237 4308 um
265 4231 568 4335 predictorum,
598 4233 686 4312 hoc
712 4233 1119 4311 instrumentumsua
1147 4225 1258 4304 bulla

168 4353 367 4456 plumbea
395 4353 657 4434 communiri.

992 4475 1053 4540 21*
