3230 5104
302 611 308 624 .
345 557 706 637 munioationibus
733 562 955 640 nobiscum
1000 560 1132 648 lactis,
1158 581 1440 662 ,quasprocea

346 677 448 756 dere
476 678 582 756 certi
609 705 748 758 sumus
777 706 798 758 a
829 678 1437 782 consuetamagnanffeotione

345 807 388 876 et
414 795 765 879 benivolentiain
795 826 872 880 nos
898 827 983 880 sua.
1016 799 1277 904 Responsum
1292 801 1434 875 antem

346 915 502 996 iactum
531 941 608 1018 per
634 920 837 998 illustrem
867 919 1197 998 dominationem
1226 915 1433 995 suamdo·

240 1109 243 1118 ,
346 1037 456 1116 mino
499 1039 733 1120 Teucro
775 1045 827 1120 de
863 1041 1128 1127 bombardis,
1170 1038 1362 1138 gentibus
1390 1045 1435 1113 et

344 1166 421 1234 cet.
461 1163 607 1238 contra
660 1160 979 1262 Ragusens,
1028 1169 1223 1263 tanquam
1263 1159 1431 1257 dignum

344 1274 534 1356 Catolico
575 1279 758 1368 domino,
785 1289 827 1358 et
854 1307 937 1360 nnn
966 1281 1102 1358 minus
1130 1275 1436 1378 gravissimum,

344 1421 466 1499 quam
495 1399 865 1502 prudentissimum
896 1402 1118 1504 plurimum
1150 1401 1381 1476 laudamus.

443 1515 506 1597 Ad
535 1525 696 1621 partem
728 1521 897 1600 consilii
930 1523 1041 1622 quod
1069 1546 1142 1599 sua
1183 1515 1435 1596 excellentia

343 1657 365 1710 a
393 1632 514 1712 nobis
542 1637 702 1716 habere
731 1640 848 1741 petit,
877 1665 958 1744 pro
979 1640 1166 1744 pecuniis
1182 1659 1284 1739 quas
1312 1635 1435 1711 Tur·

343 1778 441 1830 cus
470 1753 519 1831 ab
548 1781 601 1834 eo
637 1759 862 1862 requisivit,
891 1761 1079 1848 dicimus,
1109 1760 1223 1860 quod
1240 1756 1433 1838 conside·

343 1879 431 1952 rato
447 1873 739 1966 benivolentia,
756 1905 879 1982 quam
920 1879 998 1956 sibi
1022 1879 1223 1980 gerimus,
1238 1877 1435 1982 cupimus

343 1996 538 2100 proiecto
566 1999 607 2078 in
636 1997 760 2076 rebus
791 1999 988 2080 omnibus
1017 2002 1056 2082 ei
1082 1999 1266 2080 fraterne
1309 2021 1432 2076 cosu-

344 2121 447 2212 lere,
477 2119 648 2222 quesibi
664 2120 902 2200 honorifica
932 2129 973 2200 et
1005 2123 1185 2201 comoda
1213 2143 1306 2198 esse
1334 2142 1433 2221 pos·

341 2240 433 2318 sint.
461 2239 650 2344 Ideoque
678 2244 883 2332 dicimus,
925 2245 1037 2346 quod
1072 2248 1227 2321 attenta
1254 2239 1432 2343 disposi-

341 2360 460 2439 tione
497 2366 540 2438 et
579 2361 753 2465 perfidia
794 2364 981 2450 Turcbi,
1024 2365 1141 2442 nullo
1181 2369 1307 2464 pacto
1349 2361 1433 2440 sibi

340 2503 560 2582 possemus
589 2486 830 2572 consulere,
870 2486 984 2586 quod
1014 2486 1053 2562 ei
1080 2486 1199 2562 daret
1227 2483 1432 2586 pecunias

338 2623 449 2691 suas,
477 2627 559 2702 que
590 2603 710 2682 facile
753 2607 944 2684 converti
987 2612 1164 2710 possent
1199 2605 1249 2682 ad
1278 2602 1432 2683 damna

340 2733 383 2804 ct
409 2727 591 2804 iacturas
633 2727 885 2804 excellentie
913 2749 1002 2805 sue.
1046 2726 1131 2802 Sed
1177 2747 1432 2802 commemo·

339 2871 477 2924 remus
506 2856 547 2926 ot
577 2849 814 2938 laudamus,
855 2848 964 2950 quod
1007 2847 1115 2925 idem
1153 2845 1325 2924 illustris
1353 2847 1428 2923 do-

339 2968 472 3044 minus
509 2991 587 3068 per
635 2969 733 3044 illos
762 2970 1061 3048 convenientes
1103 2977 1145 3046 et
1194 2963 1431 3070 prudentis-

338 3087 465 3166 simos
492 3089 655 3172 modos.
684 3089 753 3191 qui
781 3090 859 3168 sibi
886 3090 1158 3172 videbuntur.
1186 3111 1275 3164 rem
1306 3087 1430 3162 istam

338 3210 552 3288 declinare
581 3211 747 3302 debeat,
776 3221 817 3290 et
834 3235 1092 3292 conservare
1120 3209 1200 3287 sibi
1226 3208 1430 3309 pecunius

338 3329 377 3406 in
407 3329 792 3431 opportunitatibus
820 3329 916 3408 suis.

441 3463 627 3546 Circaea
650 3494 733 3571 que
762 3469 973 3572 pertinent
1002 3469 1051 3546 ad
1069 3467 1289 3546 adventum
1319 3489 1430 3542 ora·

339 3586 492 3664 toris
533 3585 754 3666 Teucri
783 3589 832 3666 ad
864 3613 939 3668 nos
985 3589 1187 3672 dicimus,
1229 3584 1343 3687 quod
1374 3611 1431 3663 ex

336 3703 421 3790 his,
463 3730 544 3808 que
572 3706 693 3786 nobis
731 3709 898 3797 retulit,
939 3710 1104 3788 videtur
1145 3731 1240 3783 eum
1269 3705 1319 3784 ad
1347 3729 1429 3786 nos

338 3825 504 3902 venisse
544 3850 623 3929 pro
653 3830 863 3906 nonnullis
892 3827 1137 3908 differentiis
1165 3827 1427 3932 particulari·

338 3942 413 4023 bus
444 3956 725 4026 mercatorum
743 3956 984 4028 nostrorum
1014 3959 1057 4028 et
1071 3952 1306 4052 aliquorum
1322 3945 1430 4024 dam·

337 4088 486 4144 norum
540 4068 781 4156 illatorum,
839 4072 939 4148 licet
991 4096 1070 4149 nos
1120 4068 1422 4152 existimemus,

340 4187 452 4285 quod
494 4192 633 4288 potius
676 4191 786 4272 forte
827 4193 996 4274 venerit
1032 4218 1110 4297 pro
1152 4188 1427 4293 explorandis
