3230 5104
525 581 806 690 ccxcix.
835 605 951 683 rusa.
982 605 1041 734 ¹²¹:
1077 599 1254 679 sanir.

346 805 462 862 nneuo
486 805 672 860 Psucsour»
697 817 794 873 naun,
817 816 837 874 y
861 814 949 856 noun
975 816 1018 873 ny
1040 814 1155 856 suanm
1170 796 1362 865 Mseruulsu,
1387 813 1424 853 sa

429 923 468 964 no
493 923 533 980 cy
554 905 672 979 Typuu
695 918 833 978 seyaean
864 905 978 976 Bocuy
1002 919 1020 958 n
1044 900 1215 977 saponem
1240 915 1351 975 apaan.

549 1049 1185 1156 SummoPontilici.⁴

447 1207 740 1311 sepenumero
763 1204 1002 1282 beatissime
1030 1207 1150 1308 pater
1163 1203 1441 1306 impendenti·

346 1333 423 1408 bus
452 1327 690 1407 Christiane
719 1327 780 1402 rei
809 1324 1107 1401 animadversis
1123 1324 1349 1428 periculis,
1378 1325 1438 1400 ob

344 1447 635 1554 superbissimi
676 1445 811 1524 hostis
859 1447 897 1520 Τ
912 1445 1040 1523 urci
1083 1443 1350 1546 cupiditatem
1394 1447 1442 1520 et

343 1568 622 1659 insolentiam,
649 1573 693 1644 ut
721 1567 790 1667 qui
816 1564 977 1643 finitimi
1004 1562 1130 1641 rebus
1159 1587 1355 1651 essemus,
1383 1571 1444 1640 at·

344 1713 428 1790 que
456 1688 674 1792 plerisque
704 1685 959 1766 coniecturis
994 1693 1036 1762 et
1075 1683 1203 1783 signis
1230 1687 1283 1762 de
1309 1685 1444 1786 pessi·

343 1832 410 1888 ma
438 1811 528 1886 eius
554 1810 770 1886 voluntate
805 1807 941 1908 deque
969 1805 1234 1909 apparatibus
1274 1803 1445 1882 bellicis

343 1937 387 2006 et
427 1937 513 2007 tum
555 1931 801 2017 maritimis»,
841 1935 928 2006 tum
965 1928 1241 2004 terrestribus
1281 1925 1442 2026 aliquid

320 2051 611 2152 exploratius
637 2049 916 2136 haberemus,
944 2051 1050 2151 apud
1079 2047 1343 2125 sanctitatem
1370 2071 1445 2122 ve·

343 2177 485 2263 stram,
513 2195 751 2273 supremum
768 2168 1105 2248 Christianorum
1133 2168 1366 2269 principem
1396 2173 1444 2244 et

344 2291 561 2372 Catholice
580 2293 674 2370 fidei
704 2291 985 2378 defensorem,
1014 2288 1180 2370 nunciis
1215 2297 1258 2367 et
1285 2287 1443 2366 litteris

342 2417 489 2502 entes,
516 2421 737 2515 postremo
779 2435 855 2514 per
884 2415 1101 2490 oratorem
1143 2410 1304 2508 egimus
1343 2433 1441 2484 nos-

341 2543 463 2622 trum,
492 2533 544 2612 de
571 2535 818 2636 provisione
847 2556 927 2633 quc
956 2541 1039 2609 tam
1075 2530 1273 2609 acerrimi
1301 2529 1442 2607 hostis

343 2653 593 2752 cogitatibus
650 2659 891 2756 opportune
955 2659 1258 2756 opponeretur.
1319 2651 1443 2729 Nunc

342 2797 446 2851 vero
476 2773 591 2875 quod
619 2773 688 2850 diu
717 2771 757 2848 ln
775 2773 1020 2874 suspicione
1048 2769 1300 2860 habebatur,
1328 2793 1441 2868 mag·

341 2920 391 2972 na
419 2897 499 2975 iarn
530 2922 582 2974 ex
610 2903 730 2998 perte
757 2895 1009 2998 prorupisse
1037 2895 1242 2972 inactum
1273 2891 1441 2996 conspi-

342 3013 487 3091 cimus.
513 3013 628 3092 Ecce
664 3013 927 3092 venerandae
964 3001 1105 3093 crucis
1146 3012 1441 3092 infestissimus

340 3135 561 3228 inimicuS,
602 3133 794 3214 omnibus
849 3133 1033 3238 undique
1088 3134 1249 3213 coactis
1286 3133 1443 3235 copiis,

343 3255 518 3360 perinde
560 3261 685 3356 atque
726 3281 852 3334 uerno
897 3256 1007 3334 inter
1035 3255 1302 3335 Christianos
1344 3257 1443 3334 reli·

341 3400 446 3478 quus
474 3377 539 3468 sit,
568 3375 638 3478 qul
667 3379 756 3454 eius
786 3376 1003 3478 cupiditati
1030 3388 1157 3481 etque
1179 3377 1442 3480 impetuirel

339 3495 475 3596 possit
502 3497 569 3574 vel
599 3495 702 3573 velit
728 3519 989 3584 occurrere,
1032 3521 1269 3597 regnum
1297 3495 1442 3573 Bos-

316 3615 469 3693 -sine
497 3623 561 3695 est
588 3641 844 3716 aggressuS,
886 3615 990 3696 lines
1018 3619 1139 3696 cuius
1182 3617 1336 3720 passim
1370 3643 1442 3719 po-

338 3737 530 3840 pulatur,
556 3737 778 3826 lucendio,
806 3737 952 3832 ferro,
981 3743 1156 3818 cedibus
1192 3748 1342 3818 cuncta
1373 3743 1442 3817 de·

338 3866 496 3948 vastat,
535 3859 696 3938 incolas
736 3859 891 3937 misere
925 3863 1113 3954 divexat,
1155 3872 1282 3964 atque
1310 3861 1350 3936 in
1380 3861 1437 3938 di·

338 3978 578 4080 reptionem
607 3985 651 4056 et
679 3981 850 4083 predam
878 3984 964 4059 suis
992 3981 1227 4060 satelitibus
1256 3981 1338 4068 dat3
1366 4005 1443 4080 po·

340 4099 446 4176 tiora
476 4103 596 4200 regui
625 4107 751 4204 atque
780 4097 1006 4182 munitiora
1036 4105 1214 4182 castelle
1251 4107 1295 4178 et
1324 4103 1442 4204 oppi-

339 4217 403 4304 da,
432 4223 583 4324 partim
610 4225 651 4300 vi
687 4231 728 4302 et
756 4225 906 4312 armis,
933 4227 1084 4328 partim
1112 4225 1328 4305 deditione
1355 4223 1444 4302 iam
