3186 5112
372 587 439 659 tro
482 579 666 679 dominio
709 585 752 658 et
791 578 1102 681 gubernatione
1143 577 1328 658 feliciter
1371 601 1470 656 oon·

370 708 579 779 servetur.
731 755 737 764 -

657 837 762 906 secr.
787 837 900 904 Cous.
925 835 1201 928 Rogetor.1.ib.
1226 833 1266 901 V.
1290 837 1347 902 ch.
1372 837 1423 900 le.

524 1059 811 1160 ocnxxl.
840 1080 952 1194 rnre.
979 1083 1043 1160 29.
1069 1077 1312 1180 Aprilis.

369 1291 507 1348 Heremo
530 1306 570 1348 ce
606 1304 706 1362 suesy
729 1305 747 1344 u
771 1305 935 1364 seueros,
974 1288 1238 1365 Csapspeuorm,
1271 1305 1310 1362 pr
1344 1291 1473 1348 uomet

371 1410 495 1468 eruore
529 1397 733 1452 susorern'ua
757 1395 975 1453 Moenoenum.
1000 1411 1042 1452 nn
1066 1395 1212 1470 eanrary
1235 1411 1278 1452 ou
1300 1393 1473 1464 rosdon,

371 1517 410 1572 pa
434 1497 516 1555 osai
541 1513 663 1555 cssosu
686 1497 835 1572 Banmy,
858 1517 896 1568 po
921 1516 960 1556 ce
984 1515 1111 1573 nonyue
1136 1517 1278 1576 sarpam»
1301 1515 1338 1556 oo
1362 1501 1473 1556 som

608 1601 784 1659 Mrerauue
809 1619 874 1674 oro
898 1603 1022 1675 ooeepe
1046 1605 1230 1678 Aornuope.

476 1785 621 1889 Capta.
678 1785 782 1866 Cum
810 1795 990 1892 propter
1023 1795 1256 1870 extremum
1297 1787 1475 1866 conditi·

373 1933 511 2000 onem,
540 1910 739 2011 adquam
769 1935 817 1987 se
845 1911 1008 2015 reperit
1036 1911 1182 1991 civitas
1213 1917 1357 1988 nostra
1384 1905 1475 1986 An·

372 2031 415 2106 ti
433 2031 459 2106 b
477 2051 500 2104 a
516 2053 536 2104 r
551 2031 576 2117 i,
618 2031 729 2108 inter
766 2031 870 2111 aiios
906 2031 1176 2133 provisiones
1204 2029 1473 2108 utilissimum

371 2151 424 2227 sit
450 2148 710 2254 providere,
751 2160 794 2230 et
820 2176 901 2254 per
928 2173 1099 2230 omnem
1137 2151 1309 2230 modurn
1337 2151 1474 2254 possi·

373 2271 499 2347 bilem
529 2271 805 2371 querendum,
835 2271 951 2374 quod
978 2271 1152 2350 Botso
1194 2297 1253 2349 se
1295 2296 1474 2348 remo·

373 2397 508 2467 veat
536 2391 586 2467 ub
618 2392 812 2476 essedio.
843 2417 865 2469 o
893 2391 1003 2470 dioto
1033 2391 1201 2472 civitate
1228 2399 1401 2479 nostre,
1429 2397 1477 2469 et

224 2557 226 2564 ·
375 2507 485 2585 istud
525 2511 840 2614 presentialiter
867 2509 1050 2590 obtineri
1079 2535 1163 2588 non
1190 2511 1351 2618 possit,
1391 2511 1475 2587 nisi

374 2651 451 2728 per
478 2627 662 2706 medium
702 2629 923 2707 domini
970 2629 1275 2720 Sandelti,
1329 2631 1477 2734 quint

359 2753 548 2848 suppuret
574 2771 653 2848 per
677 2750 990 2851 expositionem
1018 2751 1351 2829 ambasiator-um
1379 2774 1475 2826 suo-

375 2891 492 2952 rum,
534 2868 700 2946 affectet
726 2868 875 2961 valde,
918 2871 1031 2972 quod
1059 2873 1151 2974 ipse
1180 2871 1302 2948 Balsa
1345 2893 1477 2946 remo-

376 2993 474 3064 neot
501 2987 542 3064 in
571 2989 703 3086 gretia
731 2995 902 3080 nostre;
941 2991 1056 3068 vadit
1083 3015 1194 3093 pers,
1224 2991 1337 3092 quod
1365 3015 1477 3068 mon·

375 3105 497 3183 detur
526 3105 673 3184 comiti
714 3112 758 3184 et
784 3109 1008 3211 capitaneo
1036 3119 1185 3188 nostro
1214 3107 1326 3189 Suu
1343 3109 1473 3195 tori,

376 3225 488 3327 quod
515 3225 667 3306 deinde
697 3253 792 3306 oum
821 3231 979 3308 nostris
1020 3229 1169 3308 litteris
1197 3232 1355 3334 opertis
1385 3255 1475 3308 cre·

379 3345 587 3433 dutitotis,
627 3349 794 3426 mittere
824 3351 979 3430 debeat
1007 3353 1071 3430 od
1099 3351 1473 3456 presentiam

375 3471 507 3571 ipsius
548 3469 775 3548 domini·
814 3471 1113 3561 sandalii,
1155 3499 1282 3551 uuum
1312 3473 1475 3552 exiliis
1524 3489 1535 3494 ”

376 3589 533 3668 nostris
562 3590 799 3682 nobilibus,
842 3592 911 3695 qui
940 3593 999 3671 ibi
1027 3601 1143 3682 sunt,
1187 3594 1255 3696 qui
1285 3595 1367 3672 sibi
1395 3617 1475 3671 me·

376 3710 439 3811 gis
468 3713 683 3790 sufficiens
720 3715 937 3804 videatur3
980 3715 1046 3794 oui
1075 3715 1241 3816 quidem
1271 3713 1403 3794 nobiti
1432 3713 1472 3791 in

380 3833 530 3912 effectu
559 3837 825 3923 comitiatur,
854 3836 964 3936 quud
994 3837 1163 3913 retieret
1189 3835 1270 3938 ipsi
1300 3835 1474 3914 domino

380 3955 562 4033 Sandalii
590 3957 936 4058 responsionem,
966 3981 1089 4059 quom
1119 3957 1311 4034 dedimus
1340 3959 1474 4035 ombo-

378 4077 606 4155 siotoribus
652 4080 761 4172 suis,
806 4079 856 4154 ad
886 4078 1185 4179 requisitiones
1227 4101 1324 4154 sues
1351 4078 1475 4155 nobis

380 4199 534 4288 foetas,
572 4199 690 4277 ouius
719 4201 1010 4303 responsionis
1052 4199 1177 4301 eopia
1205 4197 1357 4276 deiude
1386 4199 1475 4275 mit·

384 4325 497 4399 tetur
523 4343 603 4422 pro
632 4341 704 4394 sua
733 4319 1043 4397 informatione.
1080 4315 1350 4396 luiomnendo
1381 4339 1474 4392 eum
