3186 5112
358 597 598 685 tractatum,
628 597 820 668 tenentes
849 614 871 666 a
900 589 1036 676 firmo,
1065 590 1179 692 quod
1208 591 1298 693 ipse
1326 593 1455 672 domi·

357 739 436 792 nus
465 713 660 799 Sandali,
702 713 772 815 qui
801 720 865 790 est
906 711 1008 789 civis
1036 719 1080 788 et
1106 711 1261 792 nobilis
1297 722 1456 806 noster,

359 843 401 912 et
429 857 555 936 quem
594 831 797 908 habemus
835 832 876 908 in
904 830 1159 930 singularem
1202 835 1386 913 amioum
1413 845 1456 912 et

360 953 613 1034 benevolum
656 951 791 1029 nostri
828 950 1026 1040 dominii,
1068 951 1196 1032 faciet
1225 953 1456 1032 observare

294 1133 295 1142 a
358 1074 679 1178 promissiones,
708 1072 740 1148 si
770 1069 820 1148 ad
841 1070 1022 1172 aliquam
1053 1071 1370 1153 conclusionem
1387 1073 1455 1152 de·

358 1195 561 1274 venimus.
617 1193 670 1270 Et
699 1191 852 1272 exinde
891 1192 1043 1272 habeat
1072 1193 1301 1293 collegium
1330 1195 1455 1272 liber·

358 1323 502 1410 talem,
532 1315 730 1420 possendi
746 1313 1005 1394 concludere
1022 1339 1118 1394 cum
1146 1314 1284 1394 modis
1299 1324 1340 1394 el
1358 1340 1456 1394 coo-

358 1435 611 1524 dilionibus,
652 1433 806 1512 notatis
835 1435 876 1510 in
905 1441 1024 1536 parte
1053 1434 1189 1536 pridie
1236 1439 1375 1537 posita
1403 1435 1457 1514 ad

358 1555 595 1646 consilinm,
622 1579 700 1658 per
725 1556 959 1657 sapientem
991 1553 1156 1632 consilii
1185 1563 1227 1634 et
1242 1556 1457 1658 sapientes

359 1678 567 1770 ordinurn,'
595 1675 635 1753 in
664 1700 746 1777 qua
777 1674 1031 1759 continetur.
1060 1675 1173 1775 quod
1200 1675 1336 1780 possit
1362 1674 1457 1756 lieri

358 1795 586 1900 promissio
631 1794 683 1871 de
724 1795 804 1874 illis
846 1795 1008 1873 duabus
1048 1795 1201 1883 terris,
1241 1795 1458 1874 videlicet:
1573 1847 1574 1860 l

358 1915 645 2016 Dulcigni
687 1923 729 1994 et
771 1917 997 2005 Budue‚
1040 1924 1082 1993 et
1123 1917 1176 1994 de
1205 1915 1456 2018 provisione

356 2037 605 2118 ducatorum
635 2037 749 2113 mille
778 2036 820 2112 in
849 2059 978 2128 anno,
1005 2059 1113 2138 quae
1143 2037 1333 2140 provisio
1362 2035 1456 2116 lieri

357 2159 492 2262 possit
519 2159 733 2245 ultimate,
763 2161 928 2258 quando
959 2159 1083 2236 aliter
1110 2158 1204 2236 lieri
1245 2185 1333 2238 non
1359 2181 1457 2262 pos·
1573 2231 1574 2252 f

357 2279 424 2370 sit,
452 2278 634 2358 devento
665 2279 714 2356 od
743 2279 946 2372 ultimum,
964 2281 1266 2376 avantugiando
1296 2279 1337 2356 in
1367 2302 1455 2356 om·

358 2398 478 2478 nibus
507 2423 730 2479 commune
759 2407 963 2489 nostrum,
991 2409 1187 2500 quantum
1216 2399 1311 2478 lieri
1337 2407 1457 2502 pote·
1572 2405 1574 2462 ἲ

358 2522 435 2608 rit,
465 2547 560 2600 oum
589 2519 679 2600 aliis
709 2519 917 2600 contentis
956 2521 995 2598 in
1023 2527 1145 2622 parte
1182 2520 1318 2624 pridie
1346 2521 1457 2622 posi·
1573 2519 1574 2524 ‘

358 2646 412 2727 ta.
440 2643 494 2720 de
523 2605 604 2744 dra
632 2663 757 2744 supra
786 2640 832 2718 fit
860 2641 1034 2718 mentio.
1084 2641 1200 2718 Bene
1229 2637 1382 2720 debeat
1410 2639 1454 2718 in

357 2763 518 2866 pratico
548 2767 591 2840 et
620 2763 895 2845 conclusione
933 2785 1039 2862 quae
1068 2760 1160 2846 liet,
1203 2763 1340 2840 teneri
1367 2785 1455 2838 mo·
1572 2767 1573 2772 ’

357 2883 433 2962 dus
463 2889 506 2963 et
534 2883 684 2961 lraheri
712 2882 1061 2986 promissionem,
1091 2883 1202 2985 quod
1229 2883 1290 2960 illi
1317 2881 1454 2960 subdi·
1543 2887 1546 2894 '

357 3003 390 3084 ti
416 3014 459 3082 et
485 3003 747 3083 habitatores
770 3005 977 3098 locorum,
1008 3004 1219 3105 quaesibi
1246 3002 1457 3082 dabuntur

358 3133 402 3203 et
429 3125 747 3214 alienabuntur,
788 3123 1074 3202 tractabuntur
1101 3123 1283 3202 dulciter
1311 3129 1354 3200 et
1382 3124 1451 3199 be·

357 3245 482 3344 nigne
511 3268 561 3323 ac
590 3245 795 3326 humane.
840 3252 883 3322 et
910 3244 1023 3322 nulla
1051 3243 1124 3321 liet
1150 3243 1344 3322 molestia
1372 3265 1454 3322 nec

358 3366 533 3450 novitas,
562 3363 792 3444 occasione
819 3363 1031 3444 lldelitatis
1059 3373 1101 3442 et
1128 3362 1336 3468 temporis
1366 3384 1451 3464 quo

357 3491 564 3566 steterunt
590 3487 667 3565 suh
696 3487 967 3586 protectione
994 3491 1165 3569 nostra,
1209 3492 1252 3563 et.
1280 3505 1451 3585 guerra·

358 3630 451 3686 rom
478 3617 718 3688 secutarum
747 3605 832 3685 hoc
861 3615 1068 3709 tempore.

693 3727 800 3792 Secr.
825 3726 936 3792 Coos.
959 3731 1087 3814 Rogat
1115 3725 1187 3792 Lib·
1210 3723 1253 3790 V.
1277 3724 1333 3790 ch.
1356 3727 1411 3792 85.

360 3827 699 3928 cccxxiv.
730 3853 841 3926 mre.
882 3848 996 3926 rna.
1020 3847 1091 3923 rvr.
1118 3851 1180 3926 aa.
1207 3845 1455 3924 Novemb.

357 3993 519 4065 Frouops
541 4009 625 4066 sapa
651 3991 774 4065 nauel)
795 3993 917 4049 Baame
942 3995 1138 4066 Cpauurrupa
1154 3989 1375 4058 uniuersale,
1396 4005 1455 4046 sao

358 4112 432 4154 utro
445 4113 462 4151 e
473 4111 623 4170 upeam
638 4113 663 4152 r.
677 4097 834 4170 Ceteram,
852 4111 1136 4169 nocpeposarearo
1150 4109 1255 4152 onon
1271 4109 1453 4170 nosnpena.

460 4210 548 4290 Pax
575 4235 669 4290 cum
699 4211 922 4311 magnifico
950 4209 1121 4288 domino
1149 4209 1296 4287 Balsa
1325 4209 1452 4289 Sira·

359 4331 548 4424 cimiri,
576 4329 851 4412 mccccxu
881 4330 1116 4412 Indictiooe
1138 4330 1209 4410 Vl.
1237 4327 1453 4410 dieXXVl
