3224 5110
415 287 418 296 ι

469 314 470 322 t

478 399 481 407 ι

366 559 465 616 suae
495 535 728 616 liberaliter
753 537 1042 640 complacere,
1070 543 1193 614 etex
1220 559 1330 642 punc
1358 535 1456 613 dici·

362 682 467 753 mus,
497 659 609 760 quod
640 658 899 761 quiadomus
927 682 1012 735 uon
1042 656 1096 732 ito
1124 663 1269 757 parata
1305 655 1460 732 inveni·

303 789 305 796 “
361 777 396 856 ri
423 785 576 882 potest,
607 778 742 882 parati
768 803 908 856 surius
937 774 1017 853 sibi
1035 776 1284 878 responderi
1313 777 1458 855 facere

361 899 537 980 ducatos
564 907 617 978 60
642 902 813 1000 siugulis
844 900 960 977 cunis
987 922 1066 1002 pro
1097 899 1253 986 cilicio,
1281 897 1458 975 siculde

360 1024 488 1100 domo
518 1045 592 1100 sua
621 1020 780 1098 habore
824 1027 1123 1123 consveverat,
1152 1027 1195 1095 et
1236 1019 1344 1096 sicut
1377 1015 1459 1094 sibi

362 1141 644 1244 promisimus,
673 1143 811 1222 donec
847 1143 1085 1244 reperiatur
1125 1139 1263 1240 aliqua
1304 1139 1457 1214 domus
1597 1161 1599 1178 ³

359 1267 455 1364 epla
485 1271 526 1341 et
547 1262 697 1340 idoneo
712 1287 792 1366 pro
809 1260 1112 1360 magnificentia
1129 1286 1216 1346 sua,
1247 1283 1370 1361 quam
1386 1256 1458 1334 do-

360 1378 496 1457 bimus
525 1405 712 1483 operrm,
741 1391 895 1486 qrrunto
925 1383 1048 1460 citius
1089 1377 1292 1484 possibile
1320 1378 1373 1454 sit
1398 1379 1457 1453 io·

359 1502 515 1579 venire.
544 1502 596 1579 ut
624 1528 678 1580 ex
706 1528 815 1582 nunc
844 1502 1091 1606 coptumsit,
1120 1499 1232 1603 quod
1249 1520 1328 1602 pro
1346 1498 1458 1600 elap·

359 1645 408 1701 so
437 1629 631 1727 tempore
661 1650 681 1700 o
711 1623 778 1701 die
821 1649 905 1726 quo
951 1649 1032 1726 pax
1074 1621 1182 1699 iuter
1223 1621 1356 1724 ipsum
1385 1621 1456 1696 do·

359 1741 514 1820 minum
544 1749 588 1820 et
614 1769 691 1821 nos
710 1751 928 1823 contrecto
946 1745 1037 1833 luit,
1055 1767 1188 1844 usque
1203 1742 1311 1820 diem
1333 1763 1457 1840 prae·

359 1871 534 1949 sentem,
575 1863 827 1965 responderi
868 1865 947 1941 sibi
990 1863 1143 1940 debeat
1179 1861 1343 1940 affictus
1394 1885 1459 1936 su-

358 1983 629 2088 proscriptus.

461 2106 523 2184 Ad
554 2103 946 2183 iectumsalis
975 2131 1097 2208 quem
1126 2109 1179 2185 de
1210 2105 1356 2204 Pago
1388 2129 1457 2179 ex·

357 2225 469 2303 trahi
497 2245 625 2327 posse
662 2225 778 2325 petit,
819 2249 897 2328 pro
941 2225 1102 2307 ducatis
1144 2227 1329 2330 quinque
1375 2230 1459 2311 etc,

358 2343 469 2422 sicut
497 2345 599 2420 alias
627 2345 705 2422 sibi
734 2369 982 2424 concessum
1013 2349 1102 2442 luit,
1134 2347 1460 2450 respondeatur,

358 2461 471 2564 quod
500 2489 643 2542 sumus
674 2453 1458 2568 conteuiissimimagnificentioesuae
1597 2473 1599 2516 l

357 2583 642 2684 complacere,
669 2589 712 2660 et
754 2587 978 2686 collegium
1019 2585 1174 2668 habeot
1217 2586 1459 2665 libertatem

357 2705 639 2804 componendi
656 2727 744 2781 rem
773 2705 892 2782 istam
925 2731 1004 2810 pro
1023 2707 1096 2784 illo
1114 2717 1323 2809 tempore,
1340 2705 1458 2807 quod

355 2821 565 2900 videbitur
594 2825 777 2923 collegio
806 2833 877 2904 eut
907 2829 1057 2907 maiori
1085 2830 1192 2931 parti
1222 2829 1325 2906 eius.

366 3017 368 3020 ,
458 2942 1458 3050 Adfactumcastelliquoddicitodili·

357 3061 445 3139 cari
474 3063 618 3142 fecere
646 3066 756 3144 velle
785 3093 915 3170 super
942 3069 1162 3148 territorio
1191 3094 1282 3156 suo,
1312 3073 1356 3142 et
1380 3068 1461 3144 cir·

359 3207 407 3260 co
448 3183 643 3263 denarios
681 3211 789 3287 quos
845 3189 1008 3267 habere
1050 3187 1178 3268 debet
1219 3213 1243 3264 a
1285 3211 1457 3267 comere

267 3281 272 3314 ‘
359 3299 565 3380 Catari
615 3313 704 3397 etc,
756 3309 1065 3412 respondeatur
1119 3335 1213 3388 cum
1267 3308 1350 3384 illis
1394 3309 1454 3384 iu·

355 3419 679 3503 stificotionibus
707 3424 827 3505 bouis
857 3437 898 3507 ct
926 3429 1117 3506 humanis
1144 3429 1298 3524 verbio,
1344 3452 1457 3531 quoe

356 3544 540 3645 collegio
569 3547 845 3640 videbuntur,
872 3577 956 3629 non
984 3551 1242 3631 discedendo
1272 3579 1294 3631 a
1324 3551 1460 3629 couti·
1593 3597 1594 3600 κ

355 3665 495 3742 nentia
525 3670 803 3771 capitulorum
830 3675 961 3776 paciS,
992 3698 1114 3776 quem
1134 3669 1459 3776 utprediximus

355 3784 396 3861 iu
425 3791 556 3864 totum
586 3788 824 3869 observare·
854 3793 1056 3872 volumus.

591 3976 698 4042 Scor.
722 4001 821 4045 cons.
846 3990 964 4070 rogat.
992 3983 1062 4048 Lib·
1091 3981 1217 4049 XVlll.
1259 3985 1317 4051 cb.
1343 3987 1414 4048 181.
