3186 5112
317 389 383 457 ’476

321 597 545 702 linquendo
575 625 653 676 nos
691 599 870 680 iactum,
912 599 1028 676 sicut·
1049 599 1191 677 facere
1219 599 1409 674 volumus

320 720 362 795 in
392 719 742 818 complacentiam
770 741 875 794 suae·
900 715 1257 816 magnificentiae,
1285 710 1412 792 animi

319 839 384 912 sui
413 837 541 934 magis
569 835 893 920 indurabuntur,
937 843 980 912 et
1008 835 1120 913 fonte
1149 834 1413 916 conabuntur

321 948 490 1062 caper&
513 956 706 1058 partitum
745 957 895 1044 atium,
936 957 1007 1059 qui
1050 963 1162 1032 esset
1188 958 1415 1036 damnosus

320 1079 401 1156 sibi
431 1085 472 1154 et
499 1102 584 1155 non
614 1085 756 1176 gnatus
784 1077 931 1160 nobis.
960 1075 1138 1154 dicimus
1166 1075 1281 1177 quod
1309 1075 1413 1154 utile

320 1201 431 1277 foret
459 1203 502 1274 ct
529 1223 681 1275 secura
710 1221 803 1285 nes,
847 1199 1006 1276 evitare
1048 1198 1142 1274 talia
1171 1195 1308 1273 dubia.
1361 1194 1415 1273 Et

321 1325 550 1422 propterca
577 1319 610 1394 si
626 1318 766 1420 placet
793 1340 894 1394 suae
922 1315 1269 1414 magnificentiae,
1299 1313 1414 1418 quod

321 1440 632 1538 interponamus
660 1436 711 1513 ad
741 1436 1003 1538 querendum
1033 1436 1086 1512 de
1114 1435 1295 1537 aptando
1339 1433 1446 1510 dit‘·¹

321 1558 521 1636 ferentina
548 1564 591 1634 et
618 1558 912 1644 discessiones,
941 1558 1413 1657 quaesuntintensuam

320 1673 678 1774 magnificentiam·
707 1683 749 1754 et
775 1676 883 1754 iiiam
920 1675 1230 1754 -comunitatem
1260 1673 1416 1764 Catani,

322 1809 363 1874 et
389 1819 555 1899 ponere
584 1798 862 1875 concordium
890 1803 933 1874 et
962 1800 1118 1874 bunum
1147 1797 1331 1873 medium
1358 1797 1415 1872 in·

257 1999 261 2006 ,
318 1928 387 1996 ten
412 1918 524 2018 ipsas
552 1925 717 2018 partes,
754 1917 803 1994 ad
832 1919 917 1995 hoc
943 1942 1022 1994 nos
1051 1917 1268 1995 offerimus
1296 1941 1413 2020 pana·

321 2047 390 2116 tos
419 2039 503 2114 leta
541 2044 709 2134 mente,
753 2047 950 2140 tanquam
977 2061 1058 2140 pcc
1089 2039 1219 2116 fratre
1248 2043 1291 2116 et
1319 2035 1414 2112 ami·

321 2160 381 2238 cis
396 2159 563 2236 nastris.
584 2157 643 2234 nt
656 2159 696 2234 in
713 2183 811 2236 casu
828 2183 913 2260 qno
931 2158 1021 2260 ipse
1050 2157 1232 2236 Sandaili
1247 2155 1300 2234 sit
1317 2181 1415 2234 con·

322 2288 460 2357 tentus
494 2281 561 2354 vei
590 2279 653 2354 sui
681 2281 993 2356 ambaxiatones
1036 2285 1333 2358 contententut·
1361 2275 1414 2354 de

321 2400 420 2484 hoc,
446 2408 487 2476 et
504 2399 726 2478 assentiant
750 2397 848 2474 huic
877 2399 1083 2499 opinioni,
1099 2423 1152 2476 ex
1181 2423 1293 2476 nunc
1322 2421 1415 2500 cap·

320 2528 405 2596 tum
434 2520 498 2606 sit,
540 2519 592 2596 de
619 2518 931 2622 interponendo
951 2544 1043 2597 ¹nos
1072 2523 1113 2598 in
1143 2519 1259 2597 dicto
1289 2514 1417 2610 facto,

320 2643 386 2718 vel
415 2641 486 2718 hic
504 2640 693 2718 Venetiis
721 2642 832 2717 inter
860 2642 1170 2720 ambassiatores
1198 2641 1417 2744 utriusque

323 2761 479 2863 partis,
519 2761 586 2836 vel
615 2761 665 2836 de
694 2763 901 2839 mittendo
938 2761 1119 2862 aliquem
1158 2761 1224 2837 vei
1253 2759 1416 2862 aliquos

321 2887 509 2974 nostros,
526 2881 592 2955 vei
611 2881 875 2958 comittendo
906 2883 1062 2958 nostris
1092 2881 1318 2982 capitaneis
1345 2879 1416 2955 vei

322 2999 565 3078 rectoribus
602 3000 709 3079 hanc
741 2989 986 3086 incendam,
1029 3000 1260 3080 secundum
1300 2999 1417 3102 quod

320 3121 474 3198 meiius
503 3120 712 3198 videbitur
740 3123 921 3221 collegio
951 3124 1172 3224 deputato,
1200 3145 1293 3198 nam
1320 3145 1414 3224 pra·

321 3245 488 3320 ticando
518 3244 647 3347 ipsam
679 3245 912 3331 tacendam,
939 3246 992 3322 de
1020 3244 1103 3320 levi
1130 3251 1273 3346 partes
1300 3250 1415 3347 pote·

323 3373 419 3442 nunt
459 3363 605 3441 seduci
643 3367 692 3441 ad
735 3367 816 3441 tate
871 3364 1235 3442 concordiumet
1277 3363 1417 3440 termi·
1525 3425 1528 3434 .

321 3509 425 3572 noe,
453 3485 567 3586 quod
595 3483 850 3564 haberemus
878 3485 1078 3564 intentum
1109 3491 1323 3573 nostrum,
1350 3506 1415 3560 se·

324 3607 503 3686 cundum
533 3605 648 3706 quod
676 3617 879 3708 optamus.

627 3725 733 3790 Secr-
757 3725 892 3790 Consii.
918 3727 1009 3814 ling.
1035 3725 1109 3792 Lib.
1133 3725 1191 3790 iv.
1217 3728 1275 3792 ch.
1301 3729 1371 3792 176.

505 3879 796 4014 dccxlv.
836 3936 948 4010 ami.
975 3934 1014 4007 a.
1042 3931 1220 4014 cunii.

324 4091 539 4150 flaccescente
552 4109 587 4152 sa
600 4094 816 4150 ltlaenanaoan
841 4109 1002 4152 uana-naua
1017 4096 1126 4169 Hyssa
1147 4097 1418 4170 diptamnum,

596 4211 616 4268 y
638 4213 740 4268 uocsy
763 4198 896 4256 Basnie.
926 4194 1140 4288 (Capeliano.)
1158 4255 1161 4267 Α
1296 4242 1299 4250 .

416 4329 512 4456 ‘an
550 4329 804 4408 Michaei
848 4330 1029 4412 Stena
1072 4329 1416 4433 deigratiadux
