3236 5108
170 694 297 750 mooe
327 693 476 752 eurum
517 667 688 746 clamari
731 663 945 745 custodiae
985 663 1062 741 sub
1091 665 1263 744 nomine

174 795 217 866 et
246 790 298 868 ad
325 789 532 868 honorem
563 787 740 892 praefati
768 784 936 864 domini.

273 910 433 988 Verum
461 907 626 987 sidieto
656 905 877 1008 capitaneo
906 905 1262 1010 rideretunquod

24 1067 25 1130 1
170 1029 307 1108 dictus
336 1029 529 1108 dominus
571 1033 684 1106 esset
723 1023 927 1120 difficilis,
957 1034 1026 1104 aut
1065 1027 1195 1104 durus
1220 1029 1262 1106 in

24 1141 25 1164 ¹
172 1149 555 1230 condescendendo
598 1157 771 1225 nostrae
818 1147 1036 1225 intentioni
1076 1148 1263 1252 praedic·

176 1281 255 1356 tae,
284 1274 353 1352 vei
382 1273 511 1349 etiarn
542 1270 706 1348 iaceret
733 1269 911 1370 aliquem
951 1270 1265 1348 exeusationem

174 1396 293 1474 eirca
320 1395 418 1480 hoc.
458 1401 557 1472 tunc
584 1415 663 1495 pro
707 1387 932 1468 obtinenda
972 1391 1082 1470 dieta
1123 1397 1267 1470 nostra

173 1517 405 1593 intentione
433 1513 589 1594 babeat
618 1511 858 1590 libertatem
894 1511 1087 1590 dominus
1115 1513 1265 1614 capita·
1377 1572 1379 1578 .

129 1657 134 1668 ·
172 1661 279 1714 neus
307 1643 481 1733 noster,
537 1633 809 1740 promittendi
837 1635 890 1710 de
918 1633 1163 1733 provisione
1198 1657 1263 1709 an·

24 1799 25 1848 1
173 1757 287 1835 nuaii
315 1759 428 1836 inter
455 1756 669 1834 dominum
723 1755 826 1832 dicti
853 1755 938 1833 loci
968 1761 1011 1830 et
1063 1754 1160 1832 illos
1215 1752 1267 1832 ci·

173 1901 248 1952 ves
302 1876 356 1955 de
394 1877 511 1973 inde,
567 1901 617 1954 ac
670 1874 773 1952 aiios
828 1873 899 1975 qui
926 1873 964 1950 ei
1000 1871 1265 1961 videbuntur,

172 2022 308 2098 usque
364 1996 413 2074 ad
467 2018 672 2074 summam
725 1993 972 2072 ducatorum
1021 1994 1264 2094 quingento-

173 2143 267 2200 rum
324 2126 366 2196 et
425 2119 585 2205 minus,
638 2116 672 2194 si
726 2141 819 2196 cum
875 2114 1142 2220 paucioribus
1208 2116 1264 2194 ia·

175 2266 278 2322 cere
306 2243 490 2343 poterit,
526 2241 636 2318 ultra
664 2248 803 2316 tamen
845 2239 945 2316 alias
984 2237 1269 2344 provisiones,

174 2384 279 2464 quae
307 2369 501 2442 nostrum
546 2385 725 2442 comune
780 2362 927 2440 datad
954 2383 1158 2465 praesens
1185 2358 1266 2436 iilis

175 2483 372 2570 deinde,
400 2507 483 2585 que
513 2488 755 2562 remaneant
783 2481 940 2560 firmae.

280 2601 454 2702 Quando
480 2626 585 2680 reru
614 2601 723 2681 facta
740 2601 857 2679 omni
880 2600 1146 2704 ‚experientia
1168 2625 1269 2704 ‚pos-

176 2725 302 2809 sibiii,
329 2723 465 2804 dictus
495 2723 737 2826 capitaneus
767 2745 850 2800 non
890 2723 1050 2824 poterit
1076 2722 1270 2801 obtinere

176 2843 334 2924 dicium
374 2851 561 2922 nostram
611 2841 885 2919 intentionem
930 2841 1016 2919 uilo
1059 2841 1270 2920 dictorum

177 2961 430 3052 modorum,
471 2969 514 3040 et
552 2961 767 3040 videretur
807 2959 922 3038 dicto
965 2960 1186 3064 capitaneo
1227 2967 1271 3038 et

176 3083 489 3186 supraeomitie‚
519 3085 590 3183 qui
621 3107 716 3162 cum
744 3081 858 3161 dicto
889 3081 1107 3183 capitaneo
1136 3105 1183 3160 ee
1208 3105 1271 3158 re·

24 3211 25 3216 '
175 3205 370 3304 perirent
394 3204 553 3282 ibidem
580 3227 660 3306 pro
676 3209 884 3305 tempore,
912 3203 979 3280 vel
1008 3203 1270 3304 majoripar·

178 3325 211 3400 ti
238 3347 401 3411 eorum,
431 3331 474 3400 et
501 3323 637 3402 dietus
666 3325 786 3402 locus
815 3330 927 3402 esset
953 3348 1031 3425 pro
1060 3323 1269 3402 veniendo

24 3439 25 3480 ³
180 3445 234 3521 ad
263 3469 406 3522 manus
435 3445 729 3545 Turchorum,
772 3451 872 3524 tnnc
900 3435 1272 3524 debeat'dominus

24 3567 25 3570 '
179 3565 422 3668 capitaneus
463 3565 732 3669 supradictus
772 3589 850 3668 per
890 3588 1057 3642 omnem
1098 3562 1272 3642 modum

182 3693 226 3764 et
252 3686 385 3776 viam,
426 3710 534 3788 quae
576 3685 793 3762 videretur
833 3683 946 3762 dieto
982 3681 1200 3784 capitaneo
1230 3686 1272 3760 et

24 3827 26 3864 1
180 3805 491 3911 11ρ11οο1ῐιίῐίε,
532 3805 604 3908 qui
640 3805 794 3883 ibidem
836 3797 979 3882 secum
1033 3825 1079 3880 se
1115 3803 1272 3907 reperi·

24 3973 26 3992 1
178 3933 276 4005 rent
302 3951 382 4030 per
420 3934 639 4029 ternpore,
673 3933 743 4003 aut
768 3925 920 4021 majori
958 3925 1069 4027 parti
1109 3947 1271 4016 eorum,

179 4071 414 4151 procurare
454 4047 695 4138 11111111,
737 4043 848 4147 quod
890 4044 1045 4123 dictum
1087 4052 1271 4125 castrum

24 4189 26 4202 ¹
180 4168 235 4246 sit
259 4169 302 4249 in
328 4175 541 4271 potestate
583 4173 755 4254 nostra,
784 4172 827 4244 et
851 4169 1072 4268 perveniat
1111 4167 1162 4246 ad
1189 4193 1269 4246 ma·

181 4311 258 4369 nus
287 4293 331 4372 et
356 4286 432 4366 sub
461 4289 653 4372 custodia
679 4295 834 4374 nostra,
860 4285 1070 4367 fulciendo
1100 4286 1269 4369 etfaci-
