3234 5116
197 751 220 804 e
248 727 432 804 lcomun
461 717 743 800 deVeniexia.
769 717 804 797 Ε
831 743 909 820 per
937 741 1081 796 mazor
1108 718 1290 798 executi·

196 872 251 926 on
280 847 332 923 de
362 849 402 923 le
432 867 566 922 cosse·
600 837 865 940 contegnude
894 841 934 918 in
965 847 1113 942 queste
1142 845 1287 926 nostre

196 973 395 1070 presente
425 967 570 1050 lelere‚
599 963 769 1039 volemo
801 972 823 1036 e
848 961 1124 1038 comandemo
1152 959 1288 1040 cilica-

197 1095 389 1164 cemeute
419 1107 440 1158 a
470 1085 543 1160 tuti
574 1082 708 1160 nostri
740 1082 889 1158 baroni
927 1083 1040 1159 conti
1078 1104 1102 1157 e
1145 1081 1288 1160 castel·

195 1205 287 1291 lani,
317 1203 489 1283 officiali
532 1203 694 1284 rectori
721 1227 745 1277 e
773 1203 966 1305 zuppaui,
990 1202 1139 1280 zudexi
1167 1201 1219 1279 dc
1250 1205 1287 1283 le

196 1335 309 1401 terre
353 1323 514 1402 castelli
557 1322 723 1421 eluogi
767 1321 915 1419 nostri,
953 1323 1042 1399 eai
1085 1321 1179 1400 altri
1210 1323 1287 1401 tuti

193 1444 316 1522 soditi
343 1467 370 1522 ve
399 1445 510 1522 fideli
529 1443 678 1527 nostri,
706 1468 728 1520 a
753 1443 786 1518 la
816 1455 960 1519 nostra
988 1463 1106 1519 sacra
1136 1465 1286 1542 seguo-

195 1563 254 1644 ria
285 1565 527 1643 obedientia
549 1565 941 1644 ecomandamento
970 1561 1195 1665 sotoposti,
1210 1586 1287 1664 per

194 1683 382 1764 chadauu
413 1686 554 1774 modo,
585 1682 665 1762 che
694 1689 780 1760 tute
804 1683 982 1760 locosse
1014 1685 1285 1781 coutegnudc
1391 1707 1397 1724 ·

194 1806 460 1885 eclraduuna
501 1809 553 1883 de
583 1805 735 1906 quelle,
776 1806 815 1881 in
848 1806 885 1880 le
915 1809 1111 1905 presente
1140 1811 1285 1880 nostre
1366 1903 1372 1918 ,

86 2013 91 2022 ¹
194 1927 356 2016 lettere,
373 1925 530 2028 perche
562 1925 723 2001 lesouo
753 1924 804 2001 de
833 1931 977 2002 nostra
1006 1931 1148 2002 mente
1178 1947 1201 2001 e
1230 1927 1285 2000 in·

194 2047 377 2135 tencion,
405 2073 428 2124 c
458 2043 596 2147 quelle
634 2069 759 2123 cosse
790 2047 825 2121 lc
866 2046 960 2148 qual
1003 2045 1075 2124 nui
1105 2045 1283 2122 lruvemo
1323 2047 1334 2061 “

193 2167 490 2270 complasesto,
519 2189 757 2270 promesso,
788 2193 810 2244 e
841 2167 1119 2258 concedemo,
1149 2191 1243 2247 cum
1273 2166 1285 2242 i

198 2288 330 2364 nostri
372 2285 520 2363 heredi
549 2313 571 2363 e
599 2287 840 2365 successori
869 2287 905 2366 al
935 2285 1102 2390 predito
1133 2286 1284 2366 misser

189 2407 277 2492 Zau
305 2406 430 2484 Zorzi
461 2405 719 2484 ambasiator
758 2407 824 2484 del
864 2408 1029 2511 prelato
1062 2411 1212 2487 misser
1241 2410 1282 2486 lo

190 2530 301 2607 doxe
331 2529 437 2606 edel
469 2553 622 2606 cornun
653 2528 704 2605 de
720 2529 940 2626 Veniexia,
971 2553 1189 2634 pernome
1218 2529 1284 2606 del

190 2649 278 2726 dito
309 2647 458 2724 misser
487 2647 655 2726 lodoxe
685 2649 779 2726 idel
812 2674 964 2726 comun
993 2650 1281 2746 deVeniexlu,

189 2771 372 2848 debiauo
403 2769 464 2846 far
481 2779 523 2847 et
552 2771 769 2860 observor,
789 2797 813 2848 e
831 2770 895 2846 fer
921 2770 984 2847 lar
1012 2778 1053 2848 et
1082 2769 1284 2850 observor

190 2889 524 2989 integralmente,
558 2892 736 2989 rojando
767 2891 965 2970 eliamdio
995 2893 1282 2971 ecomaudan-

188 3013 241 3090 do
271 3037 293 3088 a
320 3013 396 3090 tuti
426 3013 560 3089 nostri
592 3013 804 3092 castellani
833 3021 876 3092 et
905 3017 941 3093 ai
970 3013 1077 3098 altri,
1107 3037 1185 3116 per
1211 3009 1282 3088 uui

191 3132 386 3236 depuladi
416 3159 438 3210 a
469 3133 506 3208 la
534 3131 692 3231 guarda
720 3131 772 3208 de¹
803 3134 840 3208 le
872 3141 984 3211 terre
1029 3130 1217 3220 castelli,
1257 3155 1281 3206 c

189 3252 302 3352 luogi
332 3252 488 3338 nostri,
518 3275 644 3329 cornu
674 3275 695 3328 a
724 3253 794 3329 nni
824 3278 918 3332 cum
948 3253 1107 3354 grande
1136 3250 1282 3330 instan-

189 3373 295 3450 tiae
325 3372 592 3452 solicitudine
631 3374 889 3454 domandae
919 3374 1080 3477 requiri
1118 3374 1157 3450 cl
1186 3395 1278 3477 pre·

191 3491 277 3570 dito
309 3493 580 3578 ambaxiator,
610 3493 691 3572 che
721 3493 790 3573 dio
821 3495 989 3594 guarda,
1019 3495 1099 3574 che
1122 3495 1278 3573 incuso

190 3611 269 3692 ohe
299 3612 311 3688 i
341 3612 491 3715 prediti
528 3613 734 3692 Viniciani
775 3613 928 3694 subditi
971 3625 1012 3694 et
1056 3613 1169 3694 fideli
1209 3612 1277 3689 del

190 3729 355 3832 prefato
394 3732 545 3809 misser
575 3734 615 3811 lo
645 3733 755 3811 doxe
786 3761 809 3812 e
838 3735 906 3812 del
937 3759 1089 3813 comun
1118 3735 1170 3816 de
1197 3737 1278 3812 Ve-

189 3850 343 3938 niensis,
375 3853 571 3950 regnisse
597 3881 622 3928 e
652 3859 784 3931 stasse
822 3855 861 3930 in
891 3854 930 3932 lo
960 3864 1105 3935 nostro
1145 3877 1277 3955 reguo

188 3999 211 4051 e
240 3971 280 4049 in
310 3971 527 4052 chadauna
557 3980 676 4074 parte
705 3975 758 4051 de
787 3976 943 4076 quello,
984 4001 1107 4054 como
1138 4001 1162 4054 e
1189 3977 1276 4054 dito

189 4117 282 4172 cum
314 4117 392 4169 suo
424 4093 547 4171 lamci
577 4123 598 4170 e
629 4091 846 4172 chadaune'
873 4121 921 4173 so
951 4095 1282 4178 mercadantiee.

189 4213 298 4294 beni,
328 4237 432 4288 over
471 4213 522 4290 de
553 4215 693 4314 quello
722 4240 767 4290 se
796 4215 988 4316 perlisse,
1016 4241 1038 4292 e
1067 4215 1276 4295 disturbio

187 4331 340 4432 aiguno
370 4355 474 4412 over
502 4333 698 4412 uovilade
728 4334 843 4412 fosse
872 4334 911 4412 in
938 4335 977 4413 lo
1009 4344 1155 4416 nostro
1187 4359 1274 4435 reg·
