3212 5116
321 581 484 654 trorum
498 574 723 678 superinde
749 575 992 680 providere.
1019 573 1143 653 Vadit
1162 572 1406 680 pai-etQuod

321 700 563 776 comittatur
615 697 837 796 capitaneo
887 698 1101 798 generati,
1141 698 1250 776 sieut
1286 694 1407 773 alteri

322 819 540 921 capitaneo
569 817 721 896 iactum
749 819 840 911 fuit,
865 819 978 920 quod
1006 819 1172 920 quanda
1201 817 1277 894 sibi
1307 825 1406 896 tem·

320 963 398 1044 pus
424 937 648 1036 videbitur,
676 938 799 1017 vadat
824 939 892 1016 vet
919 939 1052 1017 mittat
1075 939 1126 1016 ad
1154 933 1309 1017 dietum
1336 935 1407 1014 Ju-

323 1083 409 1137 ram
425 1069 466 1137 et
490 1058 661 1147 fratrem
689 1083 822 1152 suum,
850 1065 893 1136 et
916 1061 967 1136 ab
1000 1059 1098 1162 ipsis
1128 1058 1314 1160 requirat
1338 1059 1407 1136 vet

321 1179 630 1284 requiriiaciat,
658 1181 877 1258 emendam
905 1180 1296 1290 et'satisiactionem
1322 1179 1408 1282 ple·

322 1302 480 1379 nariam
533 1301 740 1380 dictorum
797 1301 1045 1378 damnorum
1074 1309 1116 1380 et
1156 1299 1408 1386 debitorum,

326 1420 502 1525 quodsi
529 1421 724 1498 obtinere
764 1425 922 1526 poterit
962 1421 1068 1500 bene
1098 1423 1282 1524 quidem,
1310 1421 1408 1499 atio·

327 1543 427 1648 quin
454 1543 700 1622 intromittat
727 1543 838 1622 bona
866 1551 908 1622 et
933 1543 1089 1621 havere
1118 1546 1249 1644 ipsius
1277 1541 1409 1621 Jurae

326 1671 368 1742 et
394 1661 533 1740 fratria
561 1663 624 1738 ιιιί
652 1687 702 1742 aa
729 1661 992 1744 s'ubditorum
1033 1687 1202 1740 suorum
1240 1661 1410 1742 ubieun·

327 1809 407 1887 que
448 1789 647 1888 poterunt
686 1785 887 1886 reperiri,
941 1809 1075 1887 usque
1116 1783 1166 1860 ad
1206 1786 1409 1886 integram

326 1903 576 1984 solutionem
591 1911 633 1982 et
646 1904 974 1984 satisfactionem
1003 1904 1248 1984 damnorum
1277 1911 1320 1983 et
1343 1905 1410 1981 de·

328 2027 513 2106 bitorum
540 2027 865 2129 praedictorum,
905 2025 1102 2104 habendo
1143 2032 1280 2106 tamen
1308 2049 1411 2103 sem·

327 2171 406 2252 pei·
445 2155 688 2254 respectum
716 2149 766 2225 ad
794 2149 1061 2226 securitatem
1102 2156 1284 2226 armatae
1318 2171 1412 2226 nos-

328 2279 416 2348 trae
432 2269 511 2348 sibi
540 2273 760 2358 comissae,
788 2277 830 2348 et
844 2269 1120 2350 rescribendo
1149 2267 1271 2348 nobis
1299 2268 1412 2372 quid·

328 2391 426 2494 quid
454 2391 603 2470 iecerit
629 2393 669 2469 in
697 2391 951 2496 praemissis,
1002 2393 1055 2472 lat
1081 2394 1204 2470 detur
1242 2393 1322 2494 ipsi
1350 2415 1413 2472 ea·

193 2597 197 2608 ,
329 2513 495 2616 pitaneo
524 2510 647 2614 eopia
674 2511 881 2590 dictorum
918 2512 1162 2590 damnorum
1189 2521 1230 2592 et
1259 2510 1415 2591 debito·

329 2657 423 2710 rum
449 2633 490 2711 in
518 2633 685 2737 scriptis
712 2657 791 2736 pro
820 2657 892 2712 sua
921 2635 1230 2714 informatione.

704 3257 799 3330 Mieti
822 3257 880 3325 del
904 3257 1046 3324 Semta
1071 3256 1210 3324 XXXV.
1236 3255 1293 3320 ch.
1316 3255 1370 3319 82.
