3220 5118
369 377 434 444 136

370 581 579 674 etl‘eotum3
607 585 681 662 sed
711 583 847 664 sinon
875 583 1053 665 haberet
1079 586 1289 686 ellectum,
1319 607 1459 665 neces·

369 704 485 786 sario
513 711 579 784 est
604 703 911 806 providendum
939 729 1018 808 per
1045 703 1165 782 aliam
1193 707 1303 784 viam
1322 711 1462 785 elmo-

370 825 467 902 dum
483 885 503 936 ,Ι
534 834 579 905 ut
606 825 799 904 inimicus
827 833 977 906 noster
1002 828 1241 929 praedictus
1267 851 1353 906 non
1381 831 1464 906 stet

255 982 262 994 ·
370 944 422 1028 ad
458 969 651 1048 eampum
693 945 807 1026 eirea
849 947 944 1028 loca
984 955 1156 1036 nostra,
1197 955 1240 1025 et
1268 946 1383 1050 quod
1411 946 1462 1023 de

371 1075 518 1146 cetero
540 1092 626 1146 non
655 1066 808 1148 habeat
836 1091 1019 1156 eausam,
1046 1074 1214 1148 nostras
1240 1071 1384 1172 partes
1411 1066 1462 1148 de
1571 1097 1573 1162 l

373 1185 470 1268 inde
498 1186 773 1278 molestandi,
800 1195 1030 1292 propterea
1055 1187 1171 1292 vadit
1198 1213 1319 1291 pars:
1349 1186 1463 1290 quod
1570 1165 1573 1208 ¹

373 1306 616 1389 admittatur
641 1309 789 1388 iisdem
805 1363 989 1390 ......
1014 1310 1197 1390 debeant
1222 1333 1463 1414 procurare
1572 1291 1573 1306 Ν

373 1437 415 1508 at
441 1428 671 1510 sollicitare
700 1487 941 1510 .......
970 1431 1031 1528 de⁸
1058 1431 1306 1512 reducendo
1343 1428 1465 1512 Jua·

372 1575 497 1631 num
540 1549 856 1644 castrioti,
884 1551 1097 1632 dominum
1127 1551 1338 1640 Cuiam,
1372 1549 1466 1655 ‘Ta-

320 1731 324 1746 .
373 1671 578 1752 misiam
615 1695 864 1772 magnum,
894 1679 937 1750 et
973 1671 1258 1772 Georgium
1286 1678 1328 1750 et
1354 1671 1467 1754 Ale·

371 1794 524 1875 xium
560 1791 588 1868 J
602 1815 736 1872 uras
764 1793 930 1886 iratres,
958 1795 1010 1872 ad
1037 1798 1228 1872 nostram
1255 1792 1466 1897 provisio·

372 1939 470 2000 nem
510 1914 749 2014 annualem,
786 1915 996 1996 continuis
1036 1912 1326 2019 temporibus,
1368 1938 1467 1994 oum
1571 1943 1573 2006 l

372 2033 453 2116 hac
482 2035 740 2125 conditione,
754 2033 869 2138 quod
885 2037 919 2114 si
933 2035 1148 2114 dedissent
1175 2033 1344 2138 aliquod
1373 2036 1468 2116 sub·
1571 2025 1573 2078 ³

372 2153 521 2235 sidium
548 2153 616 2234 rel
645 2154 835 2236 levorem
862 2156 943 2256 ipsi
970 2155 1190 2250 Balsae,
1217 2155 1398 2234 debeant
1423 2153 1466 2232 il·
1572 2149 1573 2210 ³

374 2275 456 2356 lum
486 2297 725 2368 removere,
754 2282 798 2354 et
824 2276 859 2354 si
886 2275 981 2354 lieri
1006 2283 1168 2381 posset,
1196 2277 1309 2378 quod
1339 2275 1468 2354 etiam

373 2394 526 2475 faciant
552 2419 746 2496 guerram
776 2403 819 2474 et
841 2397 1075 2476 novitatem
1103 2396 1183 2499 ipsi
1210 2397 1384 2486 Balsae,
1423 2404 1469 2476 et

373 2542 468 2596 eum
495 2517 576 2599 hac
603 2519 725 2598 etiam
758 2519 836 2599 alia
866 2516 1136 2610 conditione,
1173 2519 1286 2620 quod
1315 2519 1368 2596 de
1398 2542 1465 2596 ee·
1571 2529 1573 2610 ξ

373 2641 465 2716 tero
501 2661 588 2717 non
629 2637 729 2715 dent
756 2663 837 2718 nee
864 2639 954 2718 dari
997 2639 1152 2722 faciant
1178 2639 1348 2740 aliquod
1375 2636 1468 2715 sub·
1571 2673 1573 2718 ι

370 2756 519 2836 sidium
546 2760 614 2836 vel
643 2759 834 2841 favorem
862 2759 1083 2864 praedicto
1113 2759 1274 2848 Balsae,
1302 2757 1376 2837 sed
1399 2759 1466 2837 de·
1572 2759 1573 2820 ἐ

372 2877 498 2958 beant
525 2879 624 2957 dare
654 2880 850 2958 anaxilium
879 2889 921 2958 et
948 2881 1137 2960 favorem
1166 2880 1275 2958 loeis
1303 2889 1347 2956 et
1372 2880 1466 2957 sub·
1571 2823 1573 2938 Ι

372 3000 469 3080 ditis
495 3003 653 3080 nostris
669 3027 692 3096 ‚·
726 3002 893 3104 quando
923 3003 1267 3106 opprimerentur
1294 3025 1316 3078 a
1342 2999 1466 3078 Balsa

231 3191 232 3199 ι
371 3121 618 3225 praedicto,
659 3123 945 3228 promittendo
986 3123 1038 3201 de
1066 3123 1310 3237 provisione
1351 3119 1464 3200 dieto
1569 3081 1573 3236 ⁴1

369 3239 563 3321 dunno
606 3253 648 3323 et
688 3243 859 3321 domino
902 3243 1045 3325 Coia
1086 3243 1259 3323 ducatos
1301 3249 1463 3323 trecen·
1571 3237 1573 3332 l

370 3374 438 3444 tos
465 3387 545 3466 pro
574 3362 790 3466 quolibet,
830 3373 873 3444 et
900 3365 990 3442 aliis
1018 3365 1117 3442 illud
1145 3363 1308 3458 minus,
1349 3363 1462 3466 quod
1571 3393 1573 3408 ·

361 3484 516 3566 'faeere
543 3490 743 3590 poterunt
746 3541 1028 3564 ........

666 3605 771 3672 Secr.
797 3607 909 3672 cons.
933 3607 1065 3696 Rogat.
1087 3605 1162 3672 lib.
1185 3605 1263 3672 Vll.
1290 3607 1347 3671 ch.
1369 3607 1421 3675 78.
1572 3637 1573 3712 3

560 3741 845 3844 ccxcvi.
873 3766 985 3841 1419.
1014 3768 1077 3841 ιο.
1105 3761 1285 3841 sunit.

371 3907 586 3965 Haeranaeni
610 3921 644 3964 sa
667 3908 882 3980 ynpannreaa
906 3905 1055 3980 Csappa,
1090 3920 1170 3962 neno
1193 3921 1231 3975 aa
1255 3921 1353 3976 saepe
1378 3919 1462 3964 mao-

372 4013 599 4082 annullatum
633 4011 764 4083 uouoty
785 4009 937 4084 Typara‚
978 4027 997 4065 ιι
1021 4021 1100 4066 neno
1123 4025 1161 4079 re
1183 4025 1219 4066 ra
1243 4023 1344 4078 ruere
1366 4020 1462 4084 ynpo·

425 4129 571 4175 naenm
596 4131 613 4170 ι
638 4128 768 4170 annona
791 4127 929 4173 armans
952 4111 1082 4185 nouoly
1104 4125 1226 4180 noeane
1251 4129 1268 4167 ιι
1294 4127 1411 4184 ynene,

639 4230 858 4292 nporaaruane
881 4229 917 4274 aa
941 4215 1064 4288 aaron
1087 4231 1194 4289 raaey.

477 4332 579 4414 Cum
608 4360 688 4439 per
715 4335 875 4413 litteras
910 4331 1132 4437 potestatis
1172 4330 1311 4412 nostri
1351 4329 1462 4408 ust-
