3236 5108
193 625 418 726 quisitione
446 623 598 701 merito
627 629 866 709 excusatos,
896 645 988 700 com
1018 619 1097 698 hiis
1125 619 1281 698 statiis

190 744 345 842 verbis,
376 767 482 845 quae
511 742 773 822 videbuntur.

620 879 718 948 misti
743 878 803 943 dei
828 878 968 944 Senato
993 879 1082 944 xm.
1106 877 1160 943 eh.
1182 876 1248 940 22.’

399 1067 643 1170 cnxvl.
682 1091 795 1166 taso.
820 1093 885 1166 as.
913 1083 1075 1163 Jutii.

188 1267 393 1324 tiaratoseno
419 1277 568 1318 nooasrn
594 1261 792 1320 oeoon‘rorn
819 1277 1010 1320 poetaram
1034 1279 1053 1336 y
1075 1261 1278 1336 iiaparpapn

191 1387 209 1425 ι
234 1385 277 1426 ιτ.
301 1370 491 1443 'fyponon
516 1367 686 1442 cyarasy,
718 1383 780 1426 sos
805 1367 912 1425 soora.
938 1383 1044 1442 snpra
1080 1369 1217 1440 Mypara
1240 1381 1278 1436 pa

190 1489 287 1543 rasas
313 1489 350 1531 os
374 1487 632 1542 sacaepnnson
658 1487 760 1530 osora
795 1489 965 1546 ,τωρωι
1001 1487 1152 1546 prosopa
1177 1486 1197 1526 o
1220 1485 1279 1544 rp-

211 1594 349 1654 tonnus,
365 1577 539 1636 noea-osis
563 1577 690 1650 usneiy
715 1577 892 1634 itaer-saia
908 1593 926 1632 a
940 1577 1074 1650 Typean
1094 1579 1255 1650 Cyamus.

291 1711 450 1813 Capta:
478 1709 579 1808 Quia
607 1735 685 1788 nos
713 1709 1050 1814 praesentialiter
1077 1707 1277 1786 habemus

189 1830 318 1906 multa
347 1853 476 1927 agere
505 1828 545 1904 in
573 1829 829 1931 imperio
869 1827 1277 1908 Constantino·

185 1951 271 2054 poi
284 1949 297 2024 i
308 1957 323 2027 t
334 1972 441 2025 ano:
469 1957 552 2028 tam
567 1975 693 2052 super
706 1951 818 2029 facto
837 1957 1106 2051 treuguarum
1121 1955 1277 2027 nostra·

187 2095 295 2160 rum,
324 2093 448 2171 quam
477 2094 603 2172 super
630 2071 933 2151 reformatione
960 2071 1181 2147 multarum
1209 2093 1276 2146 ex·

187 2191 439 2278 torsionum,
468 2215 574 2291 quae
592 2191 692 2270 fiunt
719 2193 872 2270 nostris
899 2195 939 2270 in
956 2191 1132 2294 imperio
1163 2211 1276 2292 prae·

188 2313 319 2400 dicto;
350 2319 414 2390 est
442 2311 565 2390 etiam
594 2311 811 2390 habendos
850 2319 1071 2416 respectus
1100 2313 1150 2388 ad
1191 2337 1275 2390 no·

188 2431 638 2533 va,quaehabentur
667 2435 731 2511 de
760 2433 1277 2512 morteMoratiet

187 2553 207 2628 i
219 2555 231 2630 i
248 2554 257 2628 Ι
274 2554 287 2630 i
303 2552 329 2641 i,
357 2561 400 2632 et
427 2553 479 2633 de
495 2579 606 2634 novo
624 2555 812 2633 dominio
843 2555 1014 2633 alterius
1041 2551 1125 2643 iiiii,
1140 2561 1183 2631 et
1206 2555 1275 2634 do·

184 2674 359 2750 minatio
388 2685 592 2774 procuret
629 2675 903 2754 detrahendo
945 2687 1134 2754 nostrum
1163 2675 1276 2753 nobi·

188 2795 271 2871 iem
300 2793 584 2874 sufficientum
613 2803 655 2873 et
683 2804 905 2900 expertum
936 2797 976 2872 in
1003 2795 1124 2873 dietis
1153 2796 1275 2897 parti·

189 2919 280 3003 bns,
313 2915 380 2993 eui
409 2913 520 3010 bena
555 2917 694 2994 omnia
722 2917 938 3022 praedicto
994 2915 1155 2994 comitti
1181 2941 1276 3018 pos·

183 3042 293 3122 sent,
323 3045 366 3114 et
393 3039 482 3114 sine
509 3040 705 3139 expensis
735 3040 865 3118 nostri
896 3039 1098 3117 comunis.
1150 3036 1277 3132 Vadit

187 3181 301 3259 pars:
329 3159 442 3259 quod
470 3183 550 3263 pro
585 3159 760 3238 utititate
789 3161 1046 3260 agendorum
1087 3157 1275 3262 praedie-

187 3289 345 3366 torum,
374 3281 488 3357 bono
519 3279 642 3357 etiam
670 3279 769 3358 dicti
797 3281 928 3357 nostri
946 3280 1274 3380 comunis,quod

187 3403 229 3479 in
259 3426 358 3478 casu
388 3425 471 3502 qno
507 3401 735 3480 dominatio
764 3403 897 3504 possit
937 3401 1168 3506 adimplere
1195 3399 1277 3478 die·

185 3531 270 3601 tam
310 3521 596 3615 intentionem,
625 3521 899 3600 detrahendo
942 3523 1093 3599 dietam
1134 3543 1277 3624 perso·

172 3639 308 3724 nam,
351 3641 464 3742 quod
506 3640 575 3718 fiat
611 3641 649 3718 ei
679 3643 879 3721 comissio
922 3643 962 3718 in
1003 3643 1083 3719 hae
1125 3641 1274 3718 forma:

185 3761 409 3840 Videlicet.

287 3880 372 3957 Nos
400 3883 638 3962 Anthonius
678 3885 880 3970 Venerio,
911 3883 978 3960 dei
1021 3883 1153 3983 gratia
1191 3881 1273 3959 du<

182 3999 459 4076 venetiarum
489 4010 529 4078 et
552 4011 631 4080 cet.
660 4003 916 4080 comittimus
959 4003 1030 4081 tibi
1059 4002 1189 4081 nobiti
1217 4005 1271 4082 vi·

184 4141 232 4195 ro
262 4121 500 4198 Andron
529 4121 757 4216 Bembo,
793 4123 952 4204 dilecto
984 4123 1063 4203 civi
1092 4133 1133 4203 et
1161 4123 1274 4204 fideii

184 4249 332 4320 nostro
364 4251 405 4323 et
433 4251 515 4322 cet.
547 4325 549 4331 ,
