3228 5108
1269 319 1337 418 ss

242 581 330 640 vos·
350 545 446 657 lut,
490 561 604 636 selvo
633 559 667 634 si
694 557 890 635 dominus
919 559 1151 662 imperator
1176 533 1338 664 predib‘-
1478 616 1479 624 x

244 688 309 756 tus
337 679 545 780 ineliquo
575 679 856 780 processisset
883 678 947 754 vel
975 677 1258 780 procederet,
1286 679 1336 758 ad
1469 677 1474 694 ⁸

243 801 552 904 reparationem¹
581 795 777 876 Thenedi
805 805 847 875 et
875 797 1211 885 edificationem,
1241 801 1337 902 quis

243 919 284 994 in
311 919 391 995 isto
423 941 520 996 ossn
562 918 756 995 nolumus
795 917 909 1016 quod
939 917 992 996 de
1034 919 1221 1020 treugnis
1246 929 1338 1023 pre·-

244 1037 366 1118 dietis
401 1041 480 1118 sibi
508 1038 668 1116 iacietis
712 1035 889 1137 aliquem
931 1037 1210 1126 mentionem,
1238 1042 1336 1143 ymo

245 1161 485 1238 comisimus
503 1158 820 1261 vioeenpitsueo
836 1166 983 1236 nostro
1001 1155 1207 1260 predicto,
1223 1147 1337 1265 quod

244 1278 321 1356 sibi
350 1289 392 1358 el
422 1280 741 1383 quibuscunque
770 1279 860 1356 ullis
884 1277 937 1356 de
953 1279 1043 1382 ipse
1071 1277 1337 1362 edificatione
1398 1347 1401 1352 .

243 1425 289 1479 se
319 1403 644 1505 impedientibus
671 1400 824 1478 debeat
866 1401 1133 1502 protestari,¹
1160 1401 1215 1482 ut
1242 1405 1338 1506 quin

245 1547 326 1602 non
343 1524 592 1612 dubitamus,
622 1523 737 1622 quod
765 1521 856 1625 lpse
885 1519 1077 1600 dominus
1105 1523 1336 1628 impere-

244 1653 336 1720 tor
363 1637 477 1722 dabit
513 1663 686 1744 operum
715 1639 767 1718 de
796 1643 1017 1720 sentiendo
1048 1663 1071 1716 o
1097 1643 1218 1720 vobis
1247 1669 1338 1723 can·
1409 1662 1413 1672 '
1453 1711 1462 1730 ,

244 1785 332 1839 sem
362 1764 571 1841 missionis
598 1762 732 1840 nostri
770 1759 953 1840 oratoris
981 1761 1031 1838 ad
1059 1761 1273 1864 Turehu
1284 1786 1338 1856 m,

245 1885 447 1972 uolumus,
476 1883 588 1985 quod
616 1883 652 1961 si
678 1883 764 1959 boe
791 1889 1016 1984 sequetur,
1042 1905 1118 1959 vos
1147 1882 1335 1962 debeatis

243 2003 388 2082 dicere
416 2025 516 2080 snae
544 2003 772 2100 serenitati,
797 2004 919 2104 quod·
941 2003 1080 2080 multis
1109 2001 1266 2102 mugnis
1296 2011 1338 2083 et

242 2123 574 2203 intolerabilibus
611 2123 771 2222 injuriis
801 2117 986 2201 lacessiti
1021 2141 1098 2226 per
1123 2123 1336 2203 dominnm

244 2244 514 2337 llelen'am,
543 2237 799 2324 consortem*
818 2245 995 2324 condem
1023 2241 1225 2322 domini
1254 2245 1340 2324 tie*-

244 2363 1338 2466 orgiiStravoamirietBulsumeiusnn·
1463 2443 1470 2452 .

245 2497 341 2574 tum,
358 2489 428 2589 qui
442 2491 716 2567 immemores
744 2483 1046 2566 beneficiorum
1062 2497 1335 2591 receptorum

244 2619 511 2713 perpetrem
540 2619 582 2688 et
610 2634 687 2688 eos
717 2607 889 2698 anobis,
908 2615 1066 2688 'eontra
1093 2605 1336 2688 fldelitntem

246 2739 289 2807 et
304 2729 544 2809 civilitatem
573 2753 701 2818 suum,
727 2739 771 2808 et
785 2737 935 2809 contra
963 2734 1080 2808 suum
1109 2752 1338 2810 sacramen·

244 2859 344 2940 tum,
380 2851 590 2930 hostiliter
617 2851 738 2929 nobis
768 2853 1037 2954 arripuerunt
1065 2853 1160 2932 loeo
1186 2861 1340 2945 nostre,

243 2971 533 3071 processimus
562 2971 774 3052 hostiliter
802 2981 947 3051 contro
976 2981 1110 3054 eoset
1129 2975 1225 3052 loou
1251 2997 1340 3072 sua,

245 3097 287 3168 el
313 3087 480 3168 favente
521 3091 693 3170 domino
729 3090 928 3190 justitiam
971 3103 1012 3173 et
1040 3119 1206 3172 eausam
1247 3117 1338 3170 nos-

249 3220 367 3299 trum,
383 3214 436 3290 de
465 3215 594 3290 terris
623 3239 771 3291 eorum
801 3216 1049 3317 expulimus,
1067 3223 1110 3294 et
1128 3215 1221 3292 illes
1247 3237 1339 3292 nos

247 3339 338 3408 trne
380 3333 648 3410 submisimus
688 3333 860 3430 ditioni,
905 3341 948 3412 et
976 3324 1243 3436 quis'nostri
1271 3331 1341 3434 qui

247 3453 395 3532 suntin
411 3451 532 3529 dictis
560 3453 1036 3558 pertibusscripserunt
1063 3453 1197 3545 nobis,
1226 3455 1340 3554 quod

247 3575 325 3676 ipsi
355 3571 689 3652 eumievore
733 3573 1103 3652 'l'urchorum
1133 3581 1340 3674 quaerunt

247 3692 335 3796 ipso
365 3693 461 3771 loos
488 3693 632 3772 faeere
659 3693 886 3780 molestari,
916 3697 1114 3796 quodque
1142 3695 1182 3771 id
1209 3693 1339 3774 factu·

247 3813 415 3902 ri'sunt,
442 3834 539 3916 ymo
565 3815 647 3892 iem
676 3815 719 3892 in
745 3819 866 3919 porte
894 3813 1100 3914 leserunt,
1129 3815 1206 3895 nisi
1226 3837 1339 3894 aeuo

246 3933 416 4013 donnino
435 3974 438 3982 ⁴
458 3933 572 4014 eliud
604 3933 798 4012 babeant·
825 3935 866 4010 in
895 3929 1133 4024 mundetis,
1162 3943 1339 4040 propter

247 4052 365 4130 istam
396 4077 565 4133 eausam
593 4053 918 4134 deliberavimus
956 4057 1123 4138 mittere
1149 4047 1338 4134 nostrum

247 4183 464 4254 oratorem
493 4175 706 4279 adipsum
745 4175 1073 4278 imperatorem,
1110 4179 1159 4255 ed
1188 4181 1366 4283 procu·'

246 4293 434 4398 randum,
464 4295 575 4399 quod
596 4295 705 4374 vvelit
730 4295 823 4375 tolia
852 4297 982 4378 etsie
1010 4295 1202 4377 efficacia
1229 4288 1338 4374 msn‘·
