3220 5118
355 379 427 454 m

465 571 802 672 OOLXXXla
832 597 944 676 anta.
972 599 1037 674 aa.
1066 597 1334 696 Augusti.

362 819 564 894 Onnonapato
586 835 770 895 uoouaunsy
793 823 941 897 annos,
957 826 1129 885 ananiam
1150 828 1279 883 nonnis
1301 843 1338 884 na
1361 843 1448 900 napy

361 943 398 996 aa
434 925 481 984 du
516 942 685 1000 nospanno
718 943 820 1002 apaan
856 927 1008 998 Cunnum,
1044 945 1104 988 non
1128 947 1168 1006 ny
1192 949 1209 986 s
1231 947 1314 988 oneo
1344 931 1451 1006 Unap-

361 1027 434 1088 eniit
458 1045 556 1103 apa-ts
576 1031 782 1106 iflnnnynnn,
816 1050 852 1102 aa
876 1048 916 1088 no
938 1049 1060 1108 neuony
1084 1036 1261 1092 Mneuuuhn
1291 1052 1451 1111 ysnnsnn,

453 1151 515 1208 apa
538 1151 576 1208 oy
600 1152 635 1192 ca
661 1153 790 1194 ncnnnn
814 1136 964 1209 spaniam»
989 1153 1180 1196 sannionum
1204 1135 1363 1214 npnnnpie

664 1219 666 1228 Ι
749 1254 786 1296 ua
809 1255 897 1296 naun
919 1255 1048 1313 noanua.

463 1440 593 1544 Capta
621 1442 661 1520 in
691 1441 858 1542 rogatis.
903 1441 1148 1547 Composuit
1175 1446 1226 1524 ad
1253 1470 1451 1548 praesen·

354 1565 457 1641 tiam
497 1561 633 1640 nostri
673 1563 845 1640 dominii
885 1587 1029 1641 unus
1068 1563 1453 1646 ambaxiaton

357 1682 901 1783 magnificidomini
930 1683 1205 1774 Creuoie,
1232 1710 1451 1790 exponens

359 1791 540 1909 qualitor
579 1803 715 1881 dictus
745 1801 937 1878 dominus
967 1811 1031 1881 est
1060 1805 1162 1884 uitis
1190 1813 1360 1895 noster,
1407 1817 1452 1887 et

358 1950 527 2028 semper
554 1923 822 2012 iecitomnia,
852 1947 959 2025 quae
987 1925 1145 2026 putavit
1173 1951 1265 2005 esse
1294 1927 1346 2005 de
1374 1931 1449 2008 be·

357 2045 570 2149 neplacito
598 2042 730 2122 nostri
759 2041 958 2130 dominii,
993 2051 1034 2123 et
1062 2047 1176 2146 quod
1203 2047 1253 2122 ad
1280 2070 1449 2149 persua·

358 2165 522 2245 sionem
550 2172 741 2244 nostram
768 2189 815 2242 se
843 2165 943 2242 alias
971 2165 1210 2268 pacificavit
1237 2193 1331 2246 oum
1368 2169 1462 2248 do··
1578 2175 1583 2186 '

357 2285 508 2364 mino
550 2309 692 2387 rego
733 2283 1128 2383 sigismundo.
1193 2287 1278 2366 Sed
1318 2288 1448 2367 modo

356 2426 492 2509 nuper
518 2405 629 2484 siout
666 2405 859 2506 omnibus
889 2414 955 2484 est
981 2405 1270 2500 manifestum,
1309 2407 1448 2485 dictus

357 2525 551 2605 dominus
578 2550 656 2604 rex
683 2525 762 2603 sibi
778 2527 944 2629 accepit
971 2525 1259 2631 Spalatum,
1286 2535 1327 2606 et
1352 2551 1450 2631 pro-

357 2655 477 2729 curat
503 2649 604 2727 alias
633 2653 768 2725 terras
797 2655 837 2726 et
866 2649 960 2729 lona
987 2675 1060 2729 sua
1088 2651 1308 2755 accipere,
1337 2675 1448 2752 quae

358 2771 496 2852 omnia
525 2779 618 2849 sunt
654 2775 802 2849 'contra
841 2776 1101 2849 sacramenta
1129 2781 1172 2851 et
1198 2771 1444 2876 promissio·

356 2915 449 2984 neo,
489 2893 570 2971 sibi
598 2892 737 2972 iactas
754 2917 832 2997 pen
859 2891 1014 2970 dictum
1042 2893 1255 2972 dominum
1286 2917 1449 2992 rogem.

354 2997 408 3093 Εἰ
442 3014 672 3120 propteroa
713 3015 825 3115 quod
866 3013 1001 3093 dictus
1031 3014 1213 3093 Greuoia
1250 3021 1314 3092 est
1342 3011 1446 3092 civis

344 3140 526 3226 moster,
565 3135 686 3232 rogat
726 3132 927 3210 instanter
966 3139 1156 3212 nostrum
1199 3133 1445 3220 dominium,

354 3259 400 3330 ut
424 3253 599 3331 velimus
629 3253 667 3332 ei
687 3252 788 3332 dane
816 3252 1017 3334 auxilium
1045 3256 1257 3354 galearum
1285 3258 1445 3332 nostra·

127 3396 130 3406 ’
246 3407 248 3416 ’
354 3396 468 3470 rum,
499 3381 544 3452 ut
570 3374 704 3476 possit
730 3398 988 3477 recuperare
1017 3379 1173 3454 tenram
1202 3399 1318 3452 suam
1344 3370 1446 3478 Spa·

356 3491 452 3584 leti,
492 3501 536 3572 et
562 3493 641 3571 alia
682 3493 776 3573 ioca
817 3519 917 3586 sua;
960 3495 1056 3595 quia
1085 3495 1122 3573 si
1149 3493 1335 3602 dabimus
1362 3494 1445 3572 sibi

354 3612 584 3692 subsidium
611 3621 813 3702 nostrum,
841 3615 933 3717 ipse
960 3617 1153 3695 similiter
1179 3639 1257 3718 pou
1285 3623 1441 3694 ternam

356 3739 518 3811 etcum
558 3735 748 3834 gentibus
786 3735 873 3812 suis
903 3736 982 3814 erit
1009 3761 1102 3814 oum
1139 3743 1287 3816 nostro
1316 3737 1443 3816 domi·

354 3849 449 3946 nio,
492 3856 543 3934 ad
571 3854 846 3958 aquinendum
886 3825 1078 3960 T‘nagu
1096 3857 1237 3935 nium
1275 3865 1317 3934 et
1343 3857 1443 3936 alias

231 4037 235 4044 ,
354 3969 491 4052 tomas
520 3973 821 4057 Dalmatiae
851 3985 892 4056 et
920 3984 1001 4056 cet.
1042 3981 1167 4057 Vadit
1194 4003 1303 4084 pass:
1331 3981 1443 4082 quod

355 4097 663 4199 respondeatur
689 4101 804 4178 dicto
834 4097 1124 4192 ambaxiatort
1141 4099 1255 4202 quod
1270 4101 1442 4178 muitum

353 4222 496 4315 gravat
536 4225 725 4296 nostrum
754 4219 1007 4306 dominium,
1050 4221 1163 4322 quod
1200 4221 1443 4321 magnificus

354 4337 546 4417 dominus
574 4361 674 4416 suus
703 4337 1100 4421 ereuoia'amiserit
1127 4349 1284 4422 terram
1323 4366 1442 4421 suam

1131 4543 1144 4584 i

1591 1475 1593 1570 i
