3234 5116
349 361 418 428 {12

350 568 389 646 ri
415 567 612 655 fecimus,
655 590 733 670 pro
761 565 1055 646 succurrendo
1085 565 1242 648 civitati
1270 575 1446 647 nostrae

351 688 597 768 Scutari
627 689 787 768 statiis
815 688 970 766 nostris
1000 691 1123 767 terris
1151 688 1446 770 Albaniae.

349 809 404 889 Et
431 810 622 886 volumus
663 818 706 887 et
732 811 856 887 vobis
893 810 1165 900 mandamus,
1206 810 1320 911 quod
1348 835 1445 890 cum

350 929 611 1032 aplicueritis
653 925 854 1007 Poiam
909 987 917 1003 .
972 986 982 1006 .
1038 988 1045 1002 .
1100 931 1339 1030 procuretis
1366 952 1447 1004 vos

354 1049 505 1128 t'utcire
531 1029 771 1128 homiuibus
799 1048 1100 1140 deficientibus,
1115 1076 1199 1130 nou
1223 1049 1445 1155 perdendo

353 1179 517 1273 tempus
555 1171 642 1248 utto
684 1169 813 1250 modo
997 1228 1006 1248 .
1071 1179 1114 1254 ec
1153 1173 1217 1247 ire
1253 1169 1447 1248 debeatis

351 1290 612 1378 iodrum,
642 1299 683 1368 et
712 1291 770 1368 ibi
799 1291 988 1370 debeatis
1017 1317 1094 1368 vos
1123 1290 1379 1374 informare,
1409 1288 1444 1366 si

352 1411 505 1492 armari
534 1412 727 1490 fecerunt
771 1413 975 1496 bacchas,
1018 1436 1121 1514 quas
1158 1410 1443 1508 mandavimus

284 1551 289 1568 ·
416 1587 426 1606 .
483 1590 494 1610 .
549 1533 716 1612 mittere
754 1533 1066 1625 Curzotam
1128 1603 1130 1608 ,
1187 1591 1196 1608 .
1253 1547 1440 1632 etprae·
1580 1597 1582 1628 ᾗ

351 1659 519 1734 scotare
548 1653 739 1736 debeatis
778 1653 964 1740 litteras,
1007 1679 1110 1756 quas
1152 1653 1213 1729 eis
1243 1652 1442 1755 replicari

353 1773 531 1852 fecimus
568 1797 645 1877 pro
674 1781 935 1852 armamento
974 1773 1225 1856 burchorum
1254 1771 1443 1877 praedic·

352 1901 500 1984 tarum,
529 1893 686 1973 etatias
714 1919 817 1997 quas
845 1894 1085 1972 rectoribus
1114 1894 1272 1974 nostris
1302 1893 1442 1972 Sibe-

222 2008 229 2017 ’
352 2013 1440 2118 nici‚Tragurii.Spatati‚Pagi,Cbcr·

351 2137 398 2214 si
426 2144 468 2214 et
496 2133 735 2214 Cluseri
775 2136 972 2214 mittimus
1002 2136 1079 2214 ista
1108 2135 1160 2212 de
1190 2158 1314 2214 causa
1343 2181 1360 2212 s
1389 2191 1438 2212 ..

351 2263 394 2334 ot
420 2253 582 2336 hortari
611 2260 805 2336 rectores
823 2313 833 2344 ‚
851 2261 918 2361 ,ut
945 2257 1168 2334 hortentur
1196 2255 1342 2336 tidetes
1371 2279 1440 2332 uo·

349 2385 463 2456 stros
490 2379 542 2455 de
570 2376 680 2466 iude,
708 2377 756 2454 ad
775 2379 1096 2456 conducendum
1126 2377 1156 2452 S
1177 2405 1199 2454 c
1215 2401 1240 2452 u
1258 2389 1273 2454 t
1288 2400 1310 2452 a
1327 2401 1384 2474 ru
1399 2400 1438 2452 m

352 2520 519 2578 caseum
547 2499 686 2577 viuum
728 2507 770 2576 ct
798 2498 876 2577 atia
919 2500 1117 2577 victualia
1173 2553 1183 2574 .
1241 2556 1249 2574 .
1306 2497 1439 2576 etire

350 2616 541 2696 debeatis
569 2619 620 2696 ad
651 2616 897 2705 Curzotam‚
926 2627 969 2696 et
995 2620 1201 2698 mandetis
1228 2617 1435 2720 capitibus

351 2735 633 2828 burchorum,
662 2763 764 2840 quas
791 2739 849 2817 ibi
879 2739 1128 2844 reperietis,
1157 2739 1271 2842 quod
1299 2763 1346 2816 sc
1375 2761 1438 2815 re·

351 2861 505 2938 ducant
546 2861 597 2936 ad
624 2861 852 2954 Boiauam3
883 2909 926 2918 -
971 2871 1013 2939 ct
1040 2861 1182 2940 subito
1223 2885 1318 2939 cum
1358 2859 1438 2936 ittis
1560 2937 1564 2948 ,

308 3009 311 3030 ·
351 2989 392 3060 at
421 2968 666 3077 brigandino
695 2978 747 3059 de
776 2981 955 3074 Chauco,
986 2982 1131 3060 venire
1160 3005 1309 3060 versus
1338 2979 1438 3058 Scu-

350 3111 484 3180 torum
513 3100 564 3177 ad
591 3099 818 3197 rounam,
849 3101 1059 3179 hortando
1090 3102 1182 3176 iilos
1211 3157 1220 3176 .
1247 3157 1258 3178 .
1287 3155 1293 3169 .
1325 3099 1437 3201 quod

350 3221 515 3298 mittant
542 3220 594 3296 de
621 3221 733 3310 vino,
763 3245 887 3300 caseo
917 3231 959 3300 et
987 3221 1080 3300 aliis
1111 3223 1359 3300 victualibus
1386 3223 1435 3300 ad

350 3341 506 3418 dictum
538 3341 705 3430 locum,
733 3341 827 3442 quia
857 3341 912 3417 ibi
943 3367 1036 3422 cum
1066 3342 1241 3422 utilitate
1269 3364 1345 3418 sua
1373 3343 1438 3418 itta

306 3487 309 3498 ¹
349 3463 555 3554 vendens
586 3504 630 3518 -·
661 3469 703 3540 et
730 3463 792 3541 ire
820 3459 1009 3544 debeatis
1040 3463 1259 3553 Catarum,
1301 3470 1345 3542 et
1372 3465 1438 3541 de·

348 3583 488 3686 posito
533 3591 704 3662 rectore
759 3639 769 3660 .
824 3643 834 3663 .
891 3643 901 3664 .
956 3584 1094 3663 subito
1131 3585 1232 3664 iuda
1267 3582 1436 3664 recede·

351 3727 397 3780 re
428 3710 469 3780 et
498 3701 694 3782 mandare
724 3727 795 3780 ser
822 3703 983 3783 Petro
1011 3703 1242 3798 Putaui,
1271 3710 1315 3781 ut
1343 3729 1438 3781 cum
1570 3779 1571 3788 t

349 3823 469 3925 galea
511 3823 588 3902 sibi
628 3825 836 3923 comissa,
879 3829 923 3902 et
950 3825 1141 3906 omnibus
1183 3825 1355 3905 bacchis
1397 3831 1438 3903 et

348 3943 597 4046 gauzarolis,
625 3944 782 4046 queibi
811 3947 1092 4048 reperiuntur,
1119 3971 1196 4024 vos
1221 3946 1341 4048 sequi
1369 3945 1435 4024 de·

350 4065 449 4142 beat
504 4123 511 4137 .
566 4121 576 4142 .
630 4069 845 4144 ‚etnon
873 4067 1093 4172 perdendo
1123 4073 1320 4170 tempus„

352 4193 506 4288 quanto
537 4161 720 4264 ceterius
747 4212 840 4265 esse
869 4193 1033 4288 potest,
1064 4187 1303 4294 procuretis
1330 4186 1437 4267 iove·
