3206 5110
381 395 448 464 zlo

381 603 575 708 capitano
613 625 635 680 o
677 603 717 680 le
751 609 871 704 parte
912 599 951 678 d’
975 598 1233 689 Albanis·
1259 627 1282 680 e
1309 602 1469 706 special

378 745 476 804 sora
505 725 519 801 i
548 722 722 827 capitoli
750 722 989 816 soloscriti‚
1017 723 1069 802 de
1099 723 1127 798 li
1156 723 1250 824 qual
1280 721 1319 798 el
1347 729 1471 801 lenos

378 845 413 924 si
441 870 465 922 e
494 851 667 948 questo;

479 967 650 1074 ilem,
693 990 740 1044 se
768 965 942 1044 contien
969 966 1010 1044 in
1039 989 1123 1044 uno
1158 964 1210 1042 de
1239 965 1268 1042 li
1297 965 1471 1068 capitoli

378 1085 430 1164 de
460 1088 499 1166 lo
527 1086 612 1166 dito
639 1111 761 1190 pose,
803 1085 884 1166 che
924 1111 969 1164 se
998 1087 1121 1186 algon
1150 1087 1278 1166 homo
1306 1087 1359 1165 de
1388 1110 1470 1188 que

379 1207 607 1286 condicion
636 1233 659 1284 e
688 1229 883 1306 maynero
911 1231 958 1284 se
973 1207 1045 1297 sia,
1061 1207 1207 1286 lesisse
1223 1231 1328 1288 over
1342 1229 1471 1284 amoz-

376 1353 508 1421 zosse‚
536 1325 721 1404 involase
750 1348 854 1406 over
882 1326 1083 1418 robasso,
1113 1353 1138 1408 o
1168 1329 1274 1406 altro
1310 1327 1469 1406 delicto

377 1447 559 1538 facesse,
587 1474 613 1527 o
643 1447 759 1526 fosse
788 1449 918 1528 homo
947 1448 999 1528 dc
1028 1449 1067 1528 la
1096 1447 1279 1548 signoria
1308 1473 1333 1524 o
1362 1445 1417 1522 de
1444 1447 1471 1524 li

375 1567 448 1650 dili
475 1569 650 1669 signori,
676 1570 703 1646 ll
733 1567 905 1650 officiali
934 1567 987 1646 de
1016 1575 1242 1674 unoporle,
1272 1595 1295 1646 e
1323 1567 1376 1643 de
1402 1567 1470 1644 lol-

375 1699 440 1770 lio
468 1687 1068 1777 insiemo‚lnslonterdobiono
1098 1713 1313 1768 conosceo
1326 1691 1369 1767 el
1384 1715 1471 1768 sen·

375 1809 527 1890 lentior'
554 1819 636 1892 eto.

476 1932 512 2012 A
541 1939 693 2035 questo
723 1931 761 2012 el
792 1929 956 2032 prelato
986 1927 1206 2040 magnifico
1232 1935 1380 2032 signos
1394 1955 1470 2035 per
1573 2023 1574 2038 E

372 2079 418 2132 se
437 2057 479 2130 ct
492 2077 572 2158 per
586 2077 710 2159 nome
727 2053 794 2130 del
811 2050 1096 2130 illuslrissimo
1113 2053 1258 2152 signos
1272 2053 1470 2156 despoto,

373 2173 434 2252 sie
463 2181 667 2252 contento
712 2171 792 2252 che
835 2197 935 2251 sora
975 2171 1064 2250 dito
1101 2172 1288 2274 capitolo
1317 2174 1377 2252 sia
1405 2173 1470 2252 de·
1574 2237 1575 2250 l

375 2283 541 2371 clorado
577 2316 655 2394 per
683 2291 826 2394 quello
855 2289 982 2368 modo
1011 2313 1162 2396 peresa
1192 2317 1213 2368 a
1242 2291 1281 2368 la
1307 2291 1470 2396 prelata

373 2411 558 2513 signorio
586 2413 885 2500 deveniexia,
914 2419 956 2490 et
983 2411 1049 2488 alli
1079 2413 1203 2492 messi
1239 2411 1337 2490 delli
1379 2437 1468 2514 pre·

373 2531 448 2611 fati
476 2533 637 2634 signori
667 2531 749 2612 che
777 2533 930 2610 andero
960 2557 982 2608 o
1010 2533 1230 2612 Veniesio.

474 2655 644 2752 Item,
690 2654 771 2735 ohe
816 2653 891 2730 luti
933 2653 946 2730 i
987 2648 1156 2731 ciladini
1193 2653 1467 2757 lanto'quelli

370 2774 425 2852 de
467 2775 505 2852 lo
546 2776 709 2878 prefato
743 2773 884 2853 inclita
927 2777 1113 2876 signoria
1155 2774 1207 2852 dc
1250 2776 1468 2862 veniexis

372 2905 528 3000 quanto
571 2899 623 2976 de
666 2895 695 2974 li
737 2896 809 2974 dili
851 2897 1014 2975 illustre
1041 2900 1186 2996 signos
1212 2899 1395 3002 despolo
1426 2905 1468 2975 ct
1575 2919 1576 2934 ¹

369 3017 592 3118 magnifico
621 3017 768 3118 signos
796 3017 937 3108 Zorzi,
961 3023 1008 3095 εἴ·
1038 3019 1115 3130 tuli
1142 3018 1237 3096 altri
1266 3019 1466 3124 complici

370 3163 394 3214 e
421 3139 593 3237 seguoci
620 3135 839 3217 adhereoli
880 3163 904 3216 e
934 3140 1223 3217 secomondeti
1258 3137 1464 3216 subditis

368 3257 518 3336 vassali
546 3257 599 3335 de
627 3282 710 3337 una
737 3263 861 3361 parte
890 3281 913 3334 e
941 3257 993 3333 de
1022 3259 1155 3356 lolli-o,
1187 3281 1372 3360 possano
1401 3281 1464 3335 ao·

370 3375 472 3456 dare
503 3403 526 3456 e
552 3399 675 3455 usare
703 3400 783 3482 per
825 3378 836 3454 i
870 3379 986 3478 loogi
1026 3378 1205 3458 scitale
1247 3403 1270 3456 e
1306 3383 1464 3464 tenuis,

369 3499 403 3575 si
459 3499 512 3578 de
553 3499 592 3576 la
633 3497 794 3600 prolato
847 3497 990 3576 inolita
1043 3499 1233 3600 signorla
1291 3498 1343 3575 de
1385 3499 1463 3575 Ve-

369 3617 521 3708 niesio,
551 3621 745 3700 comode
776 3621 788 3696 i
817 3620 890 3700 diti
918 3621 1070 3698 illustri
1097 3621 1254 3721 signori
1283 3621 1462 3724 despolo

311 3785 316 3796 ·
370 3747 412 3816 et
440 3738 662 3840 magnifico
692 3741 839 3839 signos·
865 3739 1133 3831 Zorsisloce
1161 3741 1463 3820 mercanlizarc

368 3863 557 3940 vendere
586 3886 820 3964 comprare
850 3861 947 3962 ogni
976 3863 1280 3953 macedoniis,
1321 3861 1402 3940 che
1440 3885 1462 3938 a

368 3983 436 4062 lor
461 3983 649 4087 pinxere,
687 3985 721 4061 si
759 3983 1128 4064 chomovendele
1171 3993 1213 4062 et
1241 4007 1460 4088 comprare

367 4127 482 4207 pono
511 4106 588 4182 tuti
615 4107 629 4184 i
657 4105 829 4185 oiladini
857 4105 1055 4210 complici
1084 4107 1256 4207 seguaci
1285 4105 1461 4184 ctadhc-

366 4223 488 4316 reoli,
515 4223 673 4302 subditi
702 4233 744 4304 ct
772 4223 1072 4308 rocomondodi
1100 4229 1142 4305 et
1167 4226 1317 4305 vassall
1348 4225 1401 4306 de
1421 4225 1458 4304 le
