3192 5112
3 599 4 656 ἵ
155 615 373 718 parcium,
414 637 538 716 quam
574 615 628 694 tte
663 615 891 696 intentione
927 616 1141 698 uictorum
1181 643 1250 700 no·

3 765 4 814 t
154 745 341 814 strorum
380 732 562 812 fidetium
599 743 642 814 et
677 737 845 816 comitis
885 736 1109 832 Maledici,
1151 739 1251 844 quid

3 941 4 944 Ν
154 853 462 958 providendum
491 864 604 934 esset
623 879 793 958 pernas
819 881 898 958 pro
928 861 1248 942 conservatione

157 982 201 1056 et
228 977 452 1054 securitate
478 981 685 1054 terrarum
714 983 757 1056 et
784 981 977 1058 toccrum
1004 991 1250 1066 nostrorum

158 1097 345 1178 bdelium
394 1097 735 1200 praedictorum,
779 1107 823 1177 et
862 1109 996 1179 totum
1051 1101 1251 1208 quidquid

156 1218 351 1296 babuerit
376 1223 420 1296 ct
446 1218 617 1306 fecerit,
656 1217 780 1298 uobis
808 1219 963 1300 debeat
989 1223 1074 1302 suis
1102 1223 1252 1304 titteris

158 1339 390 1429 denotare,
432 1361 516 1414 non
553 1337 793 1417 recedendo
823 1339 948 1432 iude,
982 1341 1072 1422 sine
1099 1349 1250 1424 nostro

155 1455 331 1561 speciati
356 1456 564 1536 mandato.
757 1557 759 1564 y

259 1577 312 1655 tit
352 1575 504 1656 debeat
541 1577 676 1656 dictus
710 1577 955 1658 ambaxator
982 1588 1025 1660 et
1052 1583 1252 1687 provisor

155 1701 222 1778 ire
247 1698 419 1778 Jedram
444 1699 670 1787 etNonam,
700 1702 877 1780 ortando
906 1701 1056 1782 fldetes
1082 1715 1251 1786 nostros

152 1821 301 1900 Nonae
337 1821 377 1898 in
413 1819 612 1900 fidelitate
640 1839 795 1912 nostra,
838 1827 882 1900 ct
921 1825 1165 1926 accipiendo
1193 1827 1252 1908 ibi

156 1941 498 2020 informationem
540 1965 563 2020 a
604 1942 762 2022 nostris
803 1942 1037 2030 comitibus,
1078 1946 1131 2023 dc
1171 1945 1265 2028 biis

156 2087 267 2165 quae
295 2063 334 2140 ei
361 2063 617 2157 viderentur,
644 2089 724 2168 pro
756 2065 981 2144 securitate
1009 2073 1052 2144 et
1079 2091 1250 2150 conaer-

153 2183 322 2261 ratione
350 2189 588 2264 nostrarum
615 2187 796 2290 partium
825 2185 1089 2266 Sciavoniae.
1174 2194 1177 2202 '

262 2305 404 2408 Capta:
434 2316 477 2385 et
505 2331 599 2385 cum
627 2308 680 2386 sit
708 2309 1001 2390 comendabite
1029 2309 1248 2413 scireper·

157 2427 335 2507 transire
365 2451 460 2504 cum
488 2427 667 2506 inimicis
696 2428 795 2520 suis,
825 2455 919 2508 cum
948 2454 1069 2533 quiam
1097 2430 1249 2510 minori

155 2546 325 2626 sinistro
356 2555 397 2624 et
424 2547 574 2624 damno
604 2548 695 2626 fieri
735 2555 901 2652 potest,
931 2557 974 2630 et
1000 2547 1181 2628 maxime
1206 2547 1247 2626 in

3 2639 5 2786 ζ
155 2669 243 2746 boe
271 2673 491 2768 tempore,
531 2691 615 2769 quo
653 2667 761 2746 bene
791 2675 835 2748 et
861 2669 1087 2750 salubriter
1112 2668 1247 2770 provi-

3 2789 4 2806 ¹
155 2788 248 2869 deri
283 2813 369 2866 non
405 2793 574 2892 potest,
617 2794 702 2866 tum
744 2795 923 2895 propter
963 2788 1247 2870 conditionem

155 2909 361 3010 temporis
388 2909 571 3006 yematis,
602 2915 689 2988 tum
718 2911 1018 3014 quiapropter
1052 2929 1246 3014 prognos-

154 3057 249 3110 sum
276 3029 534 3128 agendorum
563 3029 673 3128 regis
699 3027 923 3130 ngariac,
961 3031 1109 3110 metius
1135 3031 1247 3110 vide·

156 3150 293 3230 bimus
332 3151 590 3254 providere,
632 3151 872 3230 comittatur
906 3150 1021 3232 dicto
1059 3153 1246 3232 ambaxa·

158 3273 266 3358 tori,
306 3269 418 3371 quod
452 3270 493 3346 in
522 3295 619 3350 casu
662 3295 746 3372 quo
781 3271 946 3350 videtur
985 3273 1077 3350 tisri
1117 3297 1246 3374 posse

160 3403 409 3489 treugua
451 3393 612 3470 inter
650 3389 913 3492 Ungaros
954 3403 1008 3474 et
1047 3402 1247 3472 terras

157 3521 398 3591 nostras
435 3512 671 3615 praedictas
701 3522 742 3592 et
776 3514 1050 3594 comitem
1083 3513 1245 3590 Mata-

159 3635 368 3722 dinum‚
409 3634 564 3712 debeat
601 3659 693 3712 cum
730 3633 884 3714 nostris
918 3632 1139 3712 comitibus
1165 3641 1243 3711 ter·

158 3777 295 3831 rarum
324 3751 631 3856 praedictarum
658 3763 897 3836 nostrarum
928 3760 969 3832 et
993 3753 1146 3833 comite
1160 3751 1243 3831 Ma·

159 3875 291 3952 tadino
328 3898 422 3951 cum
457 3875 637 3975 plurimo
679 3878 840 3954 honore
880 3882 1027 3954 nostru
1057 3883 1099 3952 et
1126 3877 1242 3955 bono
1377 3971 1383 3990 x

158 4005 398 4074 nostrorum
428 3995 611 4074 fidetium
638 4006 875 4076 nostrarum
908 3997 1095 4096 parcium
1123 4017 1240 4100 prae·

161 4117 361 4198 dictarum
403 4142 487 4220 quo
513 4117 605 4198 fieri
633 4121 814 4220 poterit,
855 4141 1087 4222 procurare
1128 4116 1241 4219 quod

163 4244 363 4316 tractetur
399 4247 572 4338 treugua
611 4239 719 4318 inter
758 4237 867 4344 ipsas
906 4247 1040 4318 terras
1076 4241 1242 4318 nostras
