3186 5112
339 421 405 496 m
545 429 549 436 .

368 617 577 717 OGLV.
607 641 718 714 raro.
745 635 1055 716 Indictlv.
1082 645 1117 716 s.
1143 637 1403 719 tannarii.

340 828 545 906 Ilpnnuaeria
581 845 747 886 neuunorn
783 829 935 900 noriaope
970 833 1181 891 Bonancnora
1216 833 1358 918 (lausana
1393 851 1431 888 na

681 933 855 991 Maerauao
880 933 1092 1008 rpabanc‘rao.
1225 991 1230 1020 ·.

340 1049 611 1152 Privilegiurn
642 1052 952 1150 magnifici
982 1065 1037 1132 et
1063 1056 1324 1160 potentis
1352 1056 1433 1134 do·

340 1177 476 1253 mini
505 1173 788 1262 Sandalli,
818 1175 990 1274 magni
1016 1179 1296 1280 uoyvodae
1325 1202 1432 1278 reg·

340 1295 731 1392 niBossinae,
766 1318 1007 1373 necnon
1037 1295 1431 1390 dominialia-

422 1425 863 1494 rum-terrarum
892 1410 1339 1506 maritimarum.

442 1605 698 1685 Michael
740 1605 940 1702 Steno,
984 1607 1052 1684 dei
1080 1606 1211 1705 gratia
1239 1608 1321 1683 dux
1349 1607 1430 1683 Ve-

340 1726 545 1804 netiarum
586 1733 628 1803 et
666 1734 747 1804 cet.
803 1723 1011 1806 Universis
1041 1734 1084 1804 et
1110 1727 1305 1826 singulis,
1345 1721 1444 1803 lam‘

342 1844 489 1923 amicis
535 1867 658 1945 quarn
700 1840 892 1921 fidelibus
932 1854 974 1921 et
1014 1853 1096 1922 tarn
1121 1843 1431 1947 'praesentibus

342 1986 463 2064 quam
478 1963 636 2049 futuris,
652 1987 852 2064 praesens
879 1963 1148 2067 privilegium
1162 1963 1428 2066 inspecturis,

341 2085 514 2162 salutem
551 2090 594 2159 et
634 2083 800 2161 sincere
843 2083 1080 2163 dilectionis
1108 2085 1313 2164 allectum.
1350 2081 1429 2159 Du·

190 2209 195 2224 '
342 2204 442 2281 calis
479 2203 731 2281 excellentia
759 2205 798 2279 in
828 2203 1090 2286 liberalitatis
1118 2207 1317 2309 operibus
1344 2209 1431 2282 tan·

340 2330 383 2400 to
421 2322 638 2423 benignius
666 2327 882 2402 consvevit
917 2349 1124 2431 personas
1151 2324 1430 2404 honorabiles

341 2443 418 2524 sibi
459 2445 633 2524 devotas
672 2445 902 2523 honoribus
938 2446 1189 2548 prevenire,
1229 2447 1431 2548 ipsarum·

341 2590 423 2667 que
464 2561 588 2644 iidem
631 2570 674 2640 et
714 2567 985 2644 devotionem
1039 2567 1171 2666 dignis
1221 2562 1430 2644 retributi-

342 2683 491 2762 onibus
534 2707 838 2788 eompansare‚
883 2710 932 2764 ac
972 2689 1083 2789 ipsas
1125 2684 1332 2763 dotalibus
1375 2683 1428 2759 ia·

341 2805 512 2886 roribus
549 2805 816 2892 convallare,
854 2815 896 2882 et
921 2803 1104 2907 ipsarum
1132 2804 1356 2906 petitiones
1386 2805 1428 2881 li-

339 2929 522 3006 beralius
549 2923 772 3016 exaudire,
801 2931 957 3025 quanto
987 2926 1156 3004 ducatui
1183 2935 1328 3004 nostro
1358 2927 1426 3005 de·

340 3047 529 3126 notiores
563 3047 644 3124 fide
688 3053 730 3122 et
757 3043 1032 3145 operibus‘se
1062 3044 1298 3123 ostendunt.
1350 3037 1424 3121 Un-

341 3170 393 3247 de
422 3193 517 3248 cum
545 3163 905 3264 magnificus
936 3171 1238 3269 etpotens
1267 3167 1428 3244 dorni·

339 3315 440 3367 nus
493 3287 824 3373 Sandallus,
865 3309 1101 3385 magnus
1156 3287 1427 3388 voyvoda

340 3411 492 3510 regni
519 3410 797 3496 Bossinae,
820 3433 919 3486 nec
947 3431 1048 3485 non
1076 3408 1316 3484 dominus
1344 3409 1427 3486 ali·

340 3557 481 3612 arum
522 3539 786 3609 terrarum
828 3529 1221 3625 maritimarum,
1257 3553 1430 3632 semper
1526 3565 1530 3576 ·

341 3653 417 3732 fuit
440 3651 550 3730 elsit
577 3651 875 3729 dilectissimus
905 3657 946 3726 et
973 3649 1305 3752 perfectissimus
1334 3651 1428 3727 arni·

341 3799 416 3855 cus
441 3773 576 3850 nostri
605 3769 800 3861 dominii,
836 3769 946 3847 sicut
972 3773 1179 3874 promptis
1207 3771 1428 3850 affectibus

341 3894 542 3984 ostendit,
580 3893 650 3995 qui
678 3894 717 3969 in
747 3891 918 3992 agendis
946 3893 1141 3970 ducatum
1169 3901 1358 3970 nostrum
1387 3896 1430 3968 et

340 4015 576 4114 singulares
602 4031 805 4117 personas
834 4013 1009 4090 ducatus
1045 4015 1234 4092 eiusdem
1262 4021 1427 4114 tangen-

340 4137 475 4236 tibus,
518 4143 759 4240 promptum
787 4143 829 4214 et
857 4134 1055 4214 deuotum
1097 4131 1359 4212 laudabiliter
1385 4141 1427 4211 et
1579 4195 1583 4208 .

339 4256 598 4336 incessanter
624 4284 669 4336 se
695 4253 889 4361 praebuit
914 4263 1040 4358 atque
1068 4260 1273 4358 praebet,
1301 4255 1424 4359 supli-

341 4379 572 4460 cationibus
600 4378 721 4457 nobis
762 4403 836 4458 sua
877 4385 996 4482 parta
1036 4377 1247 4516 porrectis
1273 4374 1427 4479 gratio·
