3186 5112
12 992 18 1036 l

1177 411 1243 492 ot

145 621 353 717 sentiam,
383 649 478 716 eram
507 625 703 704 libertate
745 627 794 701 ad
824 625 1024 730 plenum,
1066 627 1244 709 illotunc

144 769 371 848 possemus
398 753 584 825 tractare
618 751 661 823 et
688 747 944 824 concludere
975 748 1027 836 id,
1045 753 1159 852 quod
1188 752 1245 829 io·

147 875 214 943 ret
241 867 399 944 bonum
428 891 510 968 pro
539 865 729 969 partibus
758 871 887 946 etcet.
919 865 996 944 ,lut
1025 869 1133 947 laeta
1162 894 1245 950 res·

144 986 357 1086 pensione
385 983 711 1064 ambassiatores
741 981 910 1062 Sandali
937 987 1101 1079 dicant,
1130 989 1244 1090 quod

15 1120 21 1137 ·
147 1105 188 1182 id
218 1108 332 1205 quod
360 1114 509 1210 petunt
551 1111 595 1182 et
623 1107 792 1194 dieunt,
832 1114 978 1206 petunt
1016 1130 1096 1208 pro
1124 1117 1245 1211 parte

17 1252 21 1263 ·
148 1225 344 1313 Sandali,
386 1253 482 1306 cnm
525 1231 632 1304 scitu
660 1234 705 1304 et
730 1228 948 1304 voluntate
990 1235 1128 1306 tamen
1155 1229 1245 1306 Bal·

17 1356 23 1381 '
147 1371 247 1432 sae,
290 1349 360 1448 qui
387 1347 510 1424 Balsa
551 1348 633 1426 iam
663 1347 768 1425 dixit
807 1347 965 1448 pluries
1003 1351 1166 1426 misisse
1196 1353 1245 1430 ad

15 1557 16 1568 Ν
148 1491 229 1546 nos
257 1469 584 1548 ambassiatores
614 1479 656 1545 et
683 1465 783 1545 nihil
810 1452 1003 1570 potuisse
1035 1469 1247 1575 nouoludi

15 1593 16 1602 ’
150 1598 194 1668 et
220 1590 338 1690 qnod
367 1585 502 1692 muter
528 1585 659 1694 ipsius
689 1589 868 1676 Baisae,
895 1615 977 1667 neo
1005 1590 1096 1694 ipse
1124 1591 1248 1670 Balsa

148 1711 240 1790 vult
279 1712 372 1813 plus
412 1711 581 1788 mittere
623 1708 895 1788 ambasiatam
935 1731 1052 1788 snam
1090 1713 1140 1788 ad
1170 1733 1247 1790 nos

17 1870 22 1891 ·
149 1831 237 1906 ullo
267 1833 421 1926 modo,
466 1841 508 1910 et
537 1829 651 1930 quod
693 1829 887 1905 dominus
929 1827 1117 1908 Sandalli
1146 1830 1250 1908 dicit

17 1968 23 1991 ¹
149 1954 261 2029 velle
289 1955 540 2056 promittere
568 1951 740 2028 nomine
770 1950 934 2034 Baisae,
963 1951 1077 2050 quod
1106 1951 1249 2028 obser-

150 2075 268 2152 vabit
292 2074 622 2177 promissiones,
665 2073 788 2150 aliter
828 2061 910 2146 erit
937 2069 1029 2146 eins
1056 2071 1268 2166 inimicus*

153 2193 355 2298 capitalis,
384 2203 427 2272 et
455 2217 551 2270 eum
581 2192 671 2270 aliis
698 2189 903 2267 similibus
930 2187 1098 2278 verbis,
1126 2217 1247 2298 prop·

14 2341 20 2393 t
153 2317 221 2390 ter
261 2334 370 2414 quae
408 2310 566 2389 bonum
598 2317 662 2386 ost
689 2317 732 2386 et
759 2309 857 2386 lacit
895 2333 975 2414 pro
1002 2319 1150 2390 nostro
1179 2313 1250 2389 do·

13 2517 20 2558 ¹.
96 2463 101 2472 ’
154 2434 297 2518 minio,
325 2457 408 2511 non
436 2439 549 2510 stare
577 2431 618 2508 in
646 2429 984 2518 istis-terminis,
1010 2429 1098 2508 'imo
1128 2457 1251 2536 qnae·

13 2568 24 2605 t
155 2579 254 2632 rere
281 2554 560 2632 concordium
590 2556 633 2627 et
649 2547 834 2651 quietem
862 2573 941 2651 pro
963 2577 1043 2655 pac

1094 2577 1145 2632 eo
1173 2560 1252 2633 sta·

154 2684 198 2754 tu
227 2677 402 2754 aliarum
444 2679 686 2752 nostrarum
728 2679 936 2749 terrarum
976 2681 1019 2751 et
1045 2551 1252 2756 llcorum

155 2796 336 2898 partium
380 2793 675 2889 Albaniae,
722 2801 764 2870 et
792 2797 1012 2893 antequam
1042 2795 1150 2874 aliud
1181 2820 1252 2874 oc·

156 2921 299 2992 currat
340 2913 392 2990 de
420 2937 532 2991 novo
575 2913 627 2989 de
656 2912 762 3016 ipsis
788 2911 909 2990 locis.
962 2911 1087 2990 Vadit
1127 2937 1252 3018 pars:

33 3025 38 3035 ’
156 3035 274 3135 qnod
301 3034 456 3111 debeat
493 3031 692 3136 praticari
735 3047 776 3110 et
813 3033 984 3110 tractari
1022 3056 1099 3133 per
1125 3035 1253 3112 colle·
1342 3019 1344 3024 ¹
1498 3041 1502 3048 '

9 3231 10 3242 Ν
157 3155 284 3255 glum,
313 3156 403 3231 sive
430 3179 510 3256 per
538 3155 801 3257 deputandos
829 3157 879 3232 ab
909 3154 1019 3258 ipso,
1048 3179 1143 3232 cum
1173 3183 1251 3236 am·

9 3262 15 3344 7
158 3273 465 3354 bassiatoribus
494 3275 752 3361 sandali,
781 3273 1052 3376 legitimando
1082 3281 1272 3356 exossas

8 3481 9 3490 p
158 3396 295 3472 tiones
322 3403 503 3486 nostras,
531 3397 683 3497 quibus
712 3395 816 3472 moti
842 3419 996 3484 sumus,
1024 3393 1074 3469 ad
1101 3395 1255 3474 iacian-

7 3577 9 3630 t
159 3515 257 3592 dum
284 3514 365 3592 sibi
394 3515 717 3615 responsionem
744 3515 880 3616 pridie
906 3514 1057 3606 datam,
1087 3538 1181 3591 cnm
1211 3514 1253 3590 il·

7 3651 13 3746 f
160 3637 211 3714 lis
238 3634 495 3738 sapientibus
523 3636 666 3713 verbis
696 3645 738 3712 et
767 3635 1021 3728 rationibus,
1064 3659 1171 3737 quae
1199 3637 1254 3716 vi·

7 3821 9 3832 ,
161 3758 372 3837 debuntnr
413 3757 620 3861 deputatis
660 3759 710 3836 ad
752 3757 865 3848 hoe,
909 3765 952 3834 et
988 3756 1253 3834 recordando

7 3873 9 3936 ἓ
160 3879 313 3958 modos
341 3885 540 3959 servatos
580 3881 685 3958 alias
722 3903 801 3980 per
829 3879 1020 3964 Balaam,
1062 3875 1117 3954 ob
1146 3901 1254 3980 quos

7 3999 8 4054 3
160 4025 245 4078 non
273 4023 498 4100 possumus
527 3999 583 4078 ita
612 4002 723 4077 bene
751 4021 906 4102 capere
936 3995 1252 4080 confidentiam:

160 4123 236 4200 sed
278 4127 417 4199 tamen
460 4119 515 4196 ob
555 4119 748 4196 intuitum
791 4122 832 4193 et
868 4115 1254 4195 considerationem

160 4237 733 4340 magnilioidomini
771 4236 1039 4328 sandali,
1082 4236 1253 4315 condes·

7 4419 8 4476 3
161 4361 378 4441 sendimus
419 4367 462 4438 et
497 4363 820 4458 contentamur,
875 4355 927 4434 ad
967 4359 1172 4463 praticam
1212 4365 1255 4436 et
