3192 5112
343 364 406 436 1³6

342 597 521 679 unquam
556 597 636 677 pro
674 573 891 675 aliquibus»
921 571 1112 672 negotiis,
1142 571 1276 654 etiam*
1296 563 1433 652 condi·

344 695 470 774 tionis
497 691 701 780 sublimn,
730 715 837 796 quae
866 717 1048 774 comune
1065 695 1339 773 Venellorum
1363 693 1435 771 ‘ba-

342 815 414 894 bet
441 823 484 893 et
511 815 656 895 habuit
684 816 874 894 smaltis
901 815 1168 920 temporibus
1197 814 1316 913 citra,
1339 839 1434 895 cum

343 935 516 1015 domino
544 933 669 1040 Papa,
695 935 1050 1041 imperatoribus,
1078 932 1250 1038 regibus
1277 943 1320 1014 et
1345 933 1435 1013 aliis

342 1059 485 1136 mundi
512 1058 772 1162 principibus
799 1063 1077 1162 pertractare,
1094 1059 1186 1160 ipse
1214 1055 1313 1145 dux,
1341 1079 1437 1158 pro-

343 1177 586 1259 hibentibus
614 1175 983 1256 constitutionibus
998 1177 1285 1262 venetiarum,
1299 1173 1439 1280 potuit

346 1296 515 1376 civitate
544 1299 678 1392 exire,
708 1295 782 1374 sed
811 1321 860 1374 ea
887 1319 966 1400 per
992 1295 1267 1398 interpositas
1292 1317 1438 1398 perso·

345 1441 418 1496 nas
446 1415 615 1516 tractari
650 1416 752 1496 lecit
779 1424 823 1496 et
850 1415 958 1496 facit.
998 1418 1159 1498 Verum
1188 1439 1210 1494 a
1237 1411 1439 1518 petitione

347 1543 546 1616 contenta
574 1537 615 1614 in
644 1539 739 1642 ipso
757 1538 951 1624 consilio,
979 1545 1123 1640 potest
1146 1537 1307 1616 babere
1323 1533 1439 1634 regia

345 1657 554 1737 serenitas
581 1659 717 1763 ipsum
738 1659 952 1737 dominum
980 1658 1131 1738 ducem
1159 1683 1212 1738 ex
1240 1655 1439 1762 praemis.»

346 1777 402 1855 sis
430 1777 530 1855 satis
559 1776 861 1857 rationabiliter
889 1781 1148 1858 excusatum.

449 1968 513 2050 Ad
540 1969 833 2048 secundum
861 1968 1101 2074 capitulum,
1129 1993 1208 2075 per
1230 1965 1443 2071 quodpe-

349 2088 472 2174 titur,
507 2088 620 2190 quod
651 2089 843 2167 dominus
883 2088 1245 2194 imperator,
1285 2084 1444 2164 fllius

348 2211 477 2306 eJ’us
506 2204 746 2286 Urosius
774 2217 816 2288 et
844 2208 1218 2313 imperatrix,
1248 2231 1343 2285 curn
1371 2205 1442 2282 he,

348 2329 523 2408 redibus
551 2330 651 2416 suis,
668 2329 924 2434 recipiantur
944 2329 986 2408 in
1001 2330 1203 2422 Venetos,
1233 2336 1444 2430 tamquam

349 2447 382 2528 si
412 2457 553 2530 essent
589 2450 671 2528 nuti
709 2451 748 2526 in
783 2451 975 2530 Venetiis
1004 2459 1047 2528 et
1075 2457 1157 2528 cot.
1194 2447 1448 2552 responden

349 2574 429 2665 tur,
446 2569 560 2669 quod
572 2567 720 2648 ducale
733 2569 1028 2654 dominiumut
1039 2576 1104 2646 est
1118 2567 1290 2658 dictum,
1305 2589 1449 2670 prom·

348 2697 420 2794 pte
450 2688 684 2794 disponitur
720 2691 768 2768 ad
799 2691 1146 2796 complacendum
1174 2691 1215 2769 ln
1245 2697 1447 2792 quantum

349 2835 443 2887 curn
472 2809 637 2887 bonore
665 2835 741 2890 suo
768 2820 921 2914 potest,
952 2814 1096 2913 regiae
1134 2809 1372 2912 majestati·
1396 2807 1451 2888 lit

349 2925 582 3035 propterea
618 2932 658 3010 id
689 2933 804 3034 quod
832 2933 1002 3034 petitur,
1033 2934 1086 3011 dc
1115 2929 1362 3037 recipiendo
1390 2927 1447 3034 ip·

349 3050 669 3130 sunrdominum
699 3052 1012 3158 imperatorem,
1042 3053 1172 3132 filium
1201 3057 1243 3128 et
1270 3049 1446 3152 impera·

351 3173 499 3251 tricem
529 3179 571 3249 et
599 3196 746 3251 eorum
761 3173 955 3262 heredes,
978 3173 1018 3249 in
1042 3170 1444 3262 civcsVenetiarum

352 3315 402 3370 ac
429 3293 464 3370 si
494 3292 659 3371 oriundi
698 3293 862 3378 forent,
902 3292 1176 3373 libentissime
1204 3294 1444 3397 peripsum

350 3413 580 3491 dominium
609 3412 875 3502 admittetur,
911 3439 1005 3492 cum
1045 3413 1320 3493 consiliorum
1348 3437 1445 3491 suo·
1570 3421 1573 3430 ’

350 3558 442 3608 ιιιιιι
488 3533 539 3609 ad
581 3531 689 3613 haec
729 3533 981 3612 necessariis
1008 3533 1377 3636 solempnitatibus
1406 3538 1449 3630 et

353 3677 540 3732 assensu.

458 3811 521 3888 Ad
561 3821 573 3890 l
590 3820 678 3889 ert
695 3812 706 3888 i
723 3837 748 3888 u
765 3833 805 3886 m
834 3810 1074 3913 capitulum,
1099 3831 1178 3914 per
1204 3807 1334 3911 quod:
1350 3809 1450 3912 peti·

354 3940 445 4017 tur,
488 3932 602 4033 quod
638 3929 847 4033 praedicti
888 3927 1121 4008 habeantur
1149 3925 1450 4008 ataintliberi

354 4052 495 4130 securi
519 4060 599 4135 etc.
641 4052 954 4156 respondetur,
997 4049 1110 4152 quod
1139 4049 1290 4129 ducale
1318 4047 1451 4128 doni-

355 4173 467 4260 nium
496 4171 609 4274 ipsos
636 4172 810 4252 intendit
837 4175 1019 4252 tractare
1047 4179 1092 4250 et
1117 4169 1289 4250 tractari
1307 4168 1451 4248 lacere
1567 4167 1572 4187 ’
