3224 5110
168 629 305 684 sorum
343 607 641 706 ilungarorum
681 601 948 686 vicinantiam
990 609 1128 686 multis
1169 631 1252 687 res·

167 729 367 829 pactibus.
421 727 480 804 nt*
498 731 732 830 propterea
773 728 1034 825 cogitaverat
1074 754 1154 832 pro
1182 753 1256 809 sua

168 854 205 923 ct
231 852 379 924 nostra
407 847 648 933 securitate,
691 847 744 922 de
772 843 1005 924 concordia
1047 851 1090 924 et
1116 847 1259 924 volun.

167 972 247 1044 tate
274 968 407 1070 ipsius
437 967 547 1058 bani,
589 964 787 1066 accipere
814 966 950 1067 ipsum
992 964 1187 1044 banatum
1217 971 1262 1047 et

167 1089 264 1166 dare
290 1089 486 1192 predicto
516 1089 624 1165 bano
654 1086 864 1187 quoddam
908 1092 1092 1166 castrum
1134 1089 1262 1188 longe
1401 1136 1412 1146 -

168 1208 336 1300 maioris
365 1209 561 1286 redditus.
606 1207 690 1284 Sed
728 1208 996 1286 considerata
1028 1209 1139 1287 bona
1167 1211 1261 1288 ami·

168 1330 261 1408 citio
290 1337 448 1418 nostra,
478 1337 600 1427 rogat
627 1337 672 1406 nt
701 1331 740 1405 ei
769 1331 1038 1408 consulamus
1081 1339 1123 1407 et
1151 1331 1259 1410 dica·

168 1475 257 1526 mus
285 1449 529 1528 sententiam
560 1457 602 1526 ct
630 1473 782 1551 parere
810 1456 1017 1526 nostrum.
1044 1451 1096 1528 lit
1125 1456 1261 1553 prete·

167 1595 237 1649 rea
266 1571 379 1673 quod
410 1572 451 1648 in
482 1596 582 1648 casu
611 1597 695 1673 quo
720 1595 901 1650 necesse
929 1573 1011 1650 sibi
1039 1580 1166 1663 esset,
1193 1569 1261 1648 ha·

166 1693 267 1770 here
294 1693 430 1794 possit
457 1690 711 1774 ballistarios
757 1689 841 1769 CC.
871 1691 923 1768 dc
953 1692 1077 1770 terris
1103 1691 1261 1770 nostris

167 1813 408 1900 Dalmatiae,
437 1838 483 1889 se
509 1813 691 1888 offerens
721 1815 1089 1915 quotienscunque
1118 1837 1263 1894 cornea

167 1931 363 2009 Stefanus
393 1939 544 2009 contra
572 1954 650 2007 nos
680 1929 824 2010 facere
854 1931 982 2008 reiiet
1011 1933 1181 2021 bellum,
1210 1931 1263 2009 t'a·

168 2075 268 2130 cere
296 2049 374 2128 sihi
404 2053 543 2134 etiam,
572 2050 621 2126 ab
651 2051 731 2128 alia
768 2057 903 2152 parte.
959 2049 1182 2128 Tercio
1212 2048 1266 2127 di·
1342 2114 1349 2124 .

168 2179 266 2250 cunt
294 2179 337 2250 ct
365 2177 555 2262 exorant,
585 2177 631 2246 nt
658 2169 766 2250 sicut
793 2169 882 2246 dari
911 2171 1085 2248 iacimus
1115 2169 1265 2248 comi·

167 2292 202 2369 ti
230 2292 465 2378 Statano,
494 2291 564 2394 qni
586 2291 754 2369 minime
780 2292 1077 2371 amicnsnobis
1094 2297 1169 2378 cst,
1198 2314 1258 2368 sa·

167 2415 248 2490 iem
278 2437 356 2516 pro
382 2413 591 2504 iterante,
628 2438 707 2516 pro
749 2413 924 2501 ducatis
951 2414 1157 2516 quinque,
1207 2411 1265 2490 ita

167 2535 292 2610 etiarn
319 2534 524 2612 vellemus
551 2535 666 2614 dicto
709 2535 800 2635 regi
840 2537 908 2636 qui
939 2535 1072 2612 frater
1099 2537 1142 2610 ot
1169 2531 1263 2608 ami·

168 2677 241 2730 uus
259 2655 439 2756 optimus
468 2657 591 2733 nobis
606 2663 684 2743 est,
714 2659 753 2733 in
783 2654 890 2759 Spa
907 2657 918 2732 Ι
935 2681 959 2737 e
976 2663 990 2734 t
1007 2679 1032 2732 ο
1061 2655 1156 2757 ipso
1172 2675 1264 2753 pre·

166 2774 235 2852 cio
263 2776 515 2856 ducatorum
546 2778 746 2880 quinque,
763 2782 961 2879 quoniam
985 2803 1032 2854 se
1062 2773 1264 2854 offertdu·

167 2919 214 2973 re
243 2897 435 2989 modum,
464 2898 577 2998 qnod
607 2923 754 2977 omnes
781 2897 936 2978 subditi
961 2899 1028 2978 sui
1056 2923 1142 2975 non
1170 2893 1267 2983 alio,

165 3018 292 3117 quam
320 3019 370 3094 ad
400 3041 588 3095 cameras
619 3021 785 3094 nostras
812 3016 944 3096 'ibunt
984 3040 1063 3118 pro
1093 3013 1195 3104 saie,
1224 3017 1268 3088 et

165 3139 201 3214 si
228 3137 314 3216 hoc
343 3137 484 3215 facere
513 3137 733 3230 nullamne,
761 3137 876 3240 quod
904 3163 956 3216 ne
984 3137 1266 3214 rideaturnos

166 3259 273 3335 velie
302 3284 397 3335 eum
427 3260 615 3338 deterius
644 3267 827 3338 tractare
857 3285 981 3362 quam
1015 3260 1172 3336 dictum
1200 3278 1267 3330 co-

163 3379 321 3466 mitem,
350 3379 606 3458 reducamus
632 3381 821 3482 precium
850 3380 1077 3458 saiisdicto
1116 3373 1264 3457 comiti

163 3498 343 3578 dandum
373 3499 423 3579 ad
441 3500 635 3601 precium
666 3509 925 3590 consvetum;
941 3494 1262 3600 respondeatur:

269 3621 390 3718 Quod
420 3621 652 3702 audivimus
681 3679 690 3698 .
719 3679 729 3700 .
757 3679 767 3700 .
798 3645 847 3701 ea
880 3645 988 3722 quae
1016 3675 1026 3696 .
1054 3673 1064 3692 .
1094 3675 1102 3692 .
1140 3613 1260 3692 nobis

163 3751 469 3843 exposuerunt,
498 3748 540 3818 et
568 3740 620 3816 de
650 3740 963 3840 significatione
992 3735 1112 3816 nobis
1139 3733 1265 3818 iacta,

165 3862 283 3965 quod
313 3887 490 3942 comcs
519 3862 712 3940 Stefan
728 3887 789 3938 us
820 3860 1045 3964 pretendat
1058 3881 1105 3934 se
1121 3855 1263 3933 facere

166 3985 410 4064 ducham
453 3981 1265 4086 Sp'aieti...regratiamur,...

165 4111 212 4180 ct
240 4105 355 4183 circa
384 4105 468 4184 hoc
496 4103 589 4181 illas
617 4102 820 4180 faciemus
848 4102 1113 4204 provisiones
1158 4117 1265 4197 quae

165 4226 292 4305 nobis
323 4229 588 4308 videbuntur.

1026 4342 1068 4407 lo
