3226 5112
293 517 515 601 bertatem,
544 513 714 617 quando
743 512 868 592 vobin
893 513 1127 604 videbitur,
1154 513 1392 618 aecipiendi

293 637 388 715 ioca
416 636 599 716 Drivaeti
628 642 671 714 et
697 635 847 715 Budue
875 659 925 715 ac
965 637 1202 738 quamlibet
1239 659 1393 715 eorum

293 767 337 836 et
364 759 490 838 etlam
517 757 617 836 iilos
643 781 696 832 ex
723 753 1068 849 Jnransevichiis‚
1095 783 1203 860 quos
1231 755 1392 834 habere

293 877 493 982 poteritis
522 935 530 952 .
559 935 570 956 .
598 935 609 958 .
637 885 680 954 et
707 879 925 956 attendere
954 877 1147 958 debeatis
1182 877 1235 957 ad
1263 877 1391 956 offen·

293 1021 381 1077 earn
408 998 511 1078 dicti
540 997 708 1079 comitis
736 998 896 1078 Staieni
925 1007 968 1076 et
995 999 1192 1078 locorum
1222 1007 1265 1076 et
1292 996 1391 1074 cbe-

292 1117 509 1210 dientium‚
536 1142 614 1220 per
643 1141 791 1196 omnes
819 1117 915 1197 illos
944 1117 1119 1208 modos,
1148 1119 1221 1221 qui
1249 1118 1392 1197 utilio·

293 1262 362 1316 res
390 1237 507 1316 vobis
534 1238 764 1327 videantur,
792 1239 1062 1319 declarantes
1089 1239 1236 1330 vobis,
1277 1238 1391 1340 quod

294 1362 418 1460 longe
447 1359 570 1440 citius
597 1357 798 1436 vellemus
815 1357 865 1434 ad
883 1357 1162 1438 concordium
1180 1363 1391 1464 cumipse

294 1481 450 1560 comite
480 1479 655 1560 stefano
697 1478 898 1557 devenire
938 1502 1017 1582 per
1051 1479 1221 1558 modum
1248 1505 1393 1585 supra·

209 1702 211 1710 y
295 1603 513 1707 scriptum,
543 1626 666 1704 qnam
696 1600 737 1678 in
765 1623 916 1700 gverra
943 1625 1087 1680 secum
1114 1610 1242 1682 stare.

395 1725 449 1802 nt
483 1724 519 1802 si
555 1745 701 1804 omnes
744 1723 974 1801 tratres
1015 1723 1081 1801 de
1120 1722 1393 1804 tur-assa-

293 1871 318 1922 v
334 1845 347 1923 i
363 1871 387 1926 c
403 1845 431 1922 h
446 1845 493 1923 is
522 1843 574 1924 ab
604 1844 845 1924 obedientia
874 1852 1020 1925 nostra
1057 1842 1319 1936 deviassent,
1349 1854 1395 1924 et

296 1993 392 2048 eum
421 1965 641 2046 comite
679 1965 935 2047 Stefanc
975 1975 1214 2054 essent,et
1242 1991 1395 2046 eorum

295 2087 477 2192 aliquem
506 2087 666 2166 habere
693 2111 776 2166 nnn
805 2085 1004 2190 possetis,
1031 2087 1302 2167 nihilominus
1327 2111 1393 2168 ac·

297 2209 443 2314 cipere
472 2207 1039 2288 studeatisDrivastum
1068 2208 1395 2288 ctBudunm

296 2353 416 2409 cum
445 2328 675 2422 salinis,
704 2338 746 2408 et
774 2351 868 2409 cum
898 2328 1092 2408 omnibus
1121 2327 1299 2408 subditis
1325 2354 1397 2407 nc·

296 2451 396 2529 atris
423 2457 466 2528 et
493 2449 584 2528 aliis
613 2475 721 2554 quos
748 2450 798 2530 ad
829 2451 1000 2531 favores
1028 2457 1204 2530 nostros
1232 2451 1396 2530 habere

295 2569 491 2676 poteritis
495 2624 660 2650 .....
892 2573 902 2595 ”

400 2689 451 2768 Et
478 2692 666 2772 contenti
701 2717 843 2772 sumus
871 2695 984 2795 quod
1013 2692 1207 2772 habendo
1237 2691 1400 2769 Budu-

298 2833 384 2900 am,
412 2811 577 2889 faciatis
606 2811 1010 2916 Metropolitc
1039 2812 1396 2916 iilasprcmissio·

297 2955 385 3023 nes,
412 2956 520 3034 quae
548 2930 668 3010 vobin
695 2932 928 3012 videantur.

401 3051 577 3132 Demum
617 3051 739 3132 vobis
782 3053 929 3134 comiti
966 3052 1107 3134 Catari
1136 3056 1397 3144 mandamus,

297 3179 343 3254 nt
371 3176 565 3256 omnibus
594 3177 732 3256 modis
759 3175 1037 3279 possibilibus
1066 3174 1398 3256 obviareetudc·

299 3297 391 3398 atis,
420 3321 474 3376 ne
502 3295 744 3399 praedictus
781 3321 981 3378 comas
1018 3297 1308 3376 stefanus
1336 3318 1398 3372 aa·

299 3417 381 3494 iem
409 3417 629 3522 perillum
661 3415 829 3495 Cultum
857 3420 1002 3498 mittat.

400 3539 562 3616 Verum
590 3539 624 3618 si
650 3538 888 3619 devenietie
924 3563 1019 3619 cum
1050 3536 1252 3619 comite
1282 3537 1401 3614 Ste-

301 3659 391 3736 ian
407 3685 433 3738 o
463 3660 514 3737 ad
544 3658 849 3745 concordium.
894 3657 1156 3762 provideatis
1183 3680 1262 3760 per
1289 3655 1400 3761 eapi-

299 3781 433 3860 tulum
459 3779 574 3886 poni,
602 3783 716 3884 quod
733 3804 817 3861 non
834 3780 970 3884 possit
992 3779 1124 3860 aciem
1152 3801 1234 3884 per
1246 3801 1399 3882 aquam

300 3903 481 3981 mittere.

401 4021 486 4102 Alii
513 4023 659 4102 volunt
687 4081 698 4103 .
728 4079 737 4100 .
765 4021 1107 4128 pro-obtinendo
1134 4021 1249 4125 quod
1277 4019 1401 4100 nobie

302 4149 543 4224 remaneant
582 4137 1008 4224 Drivaetnnr'at
1044 4141 1401 4225 Budua-enm
