3192 5112
18 605 19 634 ¹
142 591 247 682 dito;
277 599 442 672 etcum
470 591 629 692 grande
667 592 864 692 oiegreze
893 601 935 672 et
963 591 1070 672 reste
1109 615 1234 672 como

140 739 219 791 suo
277 718 470 792 costumo
505 711 690 812 *tigando
730 735 832 790 over
872 713 1113 814 vodognodo
1154 735 1232 818 pot·

18 847 19 860 ¹
142 834 178 912 io
206 857 341 936 prena
393 835 445 911 de
486 836 525 912 lo
551 857 656 912 nove
709 833 928 938 proedicto
982 832 1121 912 (luenti
1162 833 1232 912 do·

140 976 189 1030 ro
230 952 305 1033 Ch
342 953 483 1040 millio,
511 979 537 1032 o
565 955 607 1033 lo
635 955 756 1032 valor
781 953 834 1032 de
864 979 985 1056 quey3
1012 955 1143 1034 molto
1172 977 1233 1032 on·

143 1083 271 1176 genio
300 1075 370 1154 eiii
398 1098 474 1154 ove
502 1075 590 1153 sula
617 1073 701 1154 dito
727 1099 845 1163 nove,
873 1072 1049 1154 trovndo
1077 1075 1120 1154 in
1148 1100 1233 1154 eos·

143 1219 191 1273 se
219 1195 329 1272 etin
358 1195 467 1272 bolie
495 1196 548 1274 de
576 1193 743 1299 drappi,
772 1195 906 1273 molto
934 1219 958 1272 e
989 1193 1234 1272 consuetodo

143 1317 181 1392 io
208 1313 493 1394 universitnde
520 1315 572 1393 de
599 1315 709 1394 Pero
728 1339 808 1418 pen
836 1314 873 1394 io
901 1311 1091 1414 vegnudo
1119 1311 1171 1392 de
1193 1315 1232 1392 io

68 1467 74 1482 ·
143 1436 265 1536 galee
293 1433 538 1537 praedictae
560 1443 694 1538 etpen
721 1434 761 1514 io
789 1435 980 1534 vndegno
1009 1434 1120 1512 ehon
1149 1433 1233 1518 eiii,

142 1579 165 1630 a
193 1554 326 1644 fatto,
367 1550 605 1656 desponndi
632 1556 686 1631 de
713 1557 861 1633 tonnnr
897 1554 934 1630 ol
963 1554 1166 1653 vadagno,
1192 1552 1232 1632 in

143 1675 181 1750 ie
218 1680 339 1776 porta
378 1671 644 1773 praedictae,
687 1673 778 1751 olo
819 1670 900 1752 ohe
942 1695 1065 1774 meyo
1103 1671 1115 1748 i
1152 1680 1234 1750 tro·

142 1815 276 1882 vosne,
304 1799 347 1872 et
373 1815 421 1869 zo
448 1817 588 1871 messe
617 1792 795 1872 bomeho
824 1803 867 1872 et
894 1817 1007 1872 ormo
1026 1793 1233 1872 -sollioito

143 1919 296 1993 mente.
349 1912 505 2014 Queste
531 1935 655 2002 nove,
681 1938 749 1991 me
777 1935 852 2017 por
880 1935 999 1992 esser
1034 1919 1153 1990 zente
1180 1911 1234 1994 do

142 2061 195 2114 ne
223 2059 417 2114 evermo
443 2035 584 2114 niente
613 2058 735 2128 men,
771 2057 883 2136 voyo
912 2036 994 2116 ohe
1021 2035 1084 2110 oin
1110 2035 1232 2114 nubli-

18 2239 19 2254 Ν
141 2153 269 2236 mitod
305 2161 447 2234 vostra
474 2176 553 2259 per
578 2153 660 2232 mie
699 2155 851 2234 lettere
879 2155 919 2234 ei
948 2155 1009 2232 sio
1034 2155 1232 2258 pellenae.

18 2271 19 2344 ζ
143 2277 278 2356 Molto
305 2301 353 2355 se
381 2277 593 2356 moraueio
632 2277 728 2354 tutti
768 2275 852 2352 ehu
892 2275 1013 2364 eide,
1056 2275 1138 2356 ohe
1179 2277 1233 2356 tn!

141 2421 299 2478 novoe
327 2397 379 2476 de
407 2401 521 2476 tanto
550 2398 684 2487 valon,
711 2420 764 2476 oo
791 2396 849 2474 ssi
877 2398 957 2474 mat
989 2419 1230 2502 compagno-

140 2518 191 2594 da
219 2540 451 2616 novegosse
479 2541 502 2594 o
530 2519 669 2619 questi
709 2516 865 2621 tempi,
896 2518 937 2596 el
963 2517 1038 2598 fiol
1074 2520 1128 2598 de
1164 2516 1232 2596 dio

19 2607 20 2632 ³
140 2639 201 2714 sio
228 2633 472 2716 benedetto.
523 2635 568 2714 ln
595 2635 704 2718 Pero
729 2636 894 2742 pontide
932 2639 972 2716 le
1007 2637 1091 2718 dite
1127 2637 1232 2716 dune

142 2758 262 2858 galee
276 2780 361 2834 non
375 2765 539 2836 testera
551 2757 724 2838 homeni
738 2761 883 2838 dormo
897 2758 957 2836 111
979 2766 1090 2839 cent.
1106 2757 1233 2862 etplu

141 2884 185 2955 et
211 2901 322 2965 men,
349 2878 737 2958 secondoinoviilii
763 2903 840 2958 suo
870 2881 951 2961 ohe
978 2901 1029 2955 vo
1056 2886 1100 2957 et
1125 2878 1234 2970 vien,

139 3023 186 3078 so
229 2998 594 3104 Constantinopoli
643 3023 789 3080 ovesse
838 3000 949 3080 mior
1001 2999 1233 3093 condition,

138 3143 261 3198 essee
290 3119 452 3222 fomeye
480 3129 523 3200 et
551 3120 720 3224 bungesi
756 3123 809 3200 de
843 3121 953 3200 Pera
980 3123 1153 3222 vigninio
1180 3121 1231 3200 od

138 3239 381 3320 habitando
411 3267 518 3344 qua,
557 3267 624 3322 mo
659 3249 772 3322 teme
808 3245 861 3322 de
888 3243 1059 3346 pizom
1083 3264 1163 3347 pei·
1188 3243 1231 3319 lo

142 3362 222 3438 moi
264 3363 384 3441 stede
413 3371 456 3442 et
482 3364 716 3442 tenimento
759 3363 839 3443 ehe
880 3365 1019 3466 quenti
1059 3361 1233 3464 segnoni

138 3506 173 3573 a,
200 3489 245 3561 et
271 3505 427 3562 ancora
454 3506 550 3560 oum
590 3487 680 3560 tuto
707 3509 760 3562 zo
790 3508 814 3562 e
841 3485 1023 3584 vegnudi
1050 3491 1094 3563 et
1120 3484 1230 3562 vion.

131 3725 135 3732 ’
242 3739 297 3817 ho
325 3738 536 3820 condition
567 3739 620 3820 de
649 3751 802 3844 questo
831 3743 1088 3846 imperio
1116 3742 1229 3847 alpo-

137 3869 254 3940 stnto
283 3885 369 3940 non
395 3863 514 3964 poria
540 3885 734 3966 pezooor,
760 3862 914 3942 misser
942 3863 965 3938 Ι’
999 3863 1230 3966 impero·

140 3981 249 4061 don
278 3979 692 4061 Coteensseno
724 3985 836 4087 panti
862 3984 915 4061 de
943 3989 1091 4085 questa
1118 3987 1231 4060 ten-a

139 4102 209 4183 die
248 4106 301 4180 22
327 4100 367 4179 di
394 4103 566 4204 zugno,
603 4127 697 4182 eum
725 4105 834 4204 galie
860 4101 930 4197 Xl,
957 4111 1000 4184 et
1025 4103 1071 4182 io
1100 4127 1122 4182 o
1150 4101 1229 4183 Te·

142 4225 281 4316 nodo,
326 4233 368 4306 ot
407 4227 446 4306 lo
486 4231 607 4306 tnovo
646 4249 808 4308 messer
843 4224 1231 4336 l’imperador
