<?xml version="1.0" encoding="UTF-8"?>
<!DOCTYPE html PUBLIC "-//W3C//DTD XHTML 1.0 Transitional//EN"
    "http://www.w3.org/TR/xhtml1/DTD/xhtml1-transitional.dtd">
<html xmlns="http://www.w3.org/1999/xhtml" xml:lang="en" lang="en">
 <head>
  <title>
</title>
<meta http-equiv="Content-Type" content="text/html;charset=utf-8" />
  <meta name='ocr-system' content='tesseract 3.04.00' />
  <meta name='ocr-capabilities' content='ocr_page ocr_carea ocr_par ocr_line ocrx_word'/>
</head>
<body>
  <div class='ocr_page' id='page_1' title='image "./actaarchivivene00sergoog_0563.png"; bbox 0 0 3220 5118; ppageno 0'>
   <div class='ocr_carea' id='block_1_1' title="bbox 66 584 1315 1771">
    <p class='ocr_par' dir='ltr' id='par_1_1' title="bbox 66 584 1315 1771">
     <span class='ocr_line' id='line_1_1' title="bbox 181 584 1284 692; baseline 0.005 -27"><span class='ocrx_word' id='word_1_1' title='bbox 181 585 425 691; x_wconf 79' lang='lat' dir='ltr'>eaptivitate</span> <span class='ocrx_word' id='word_1_2' title='bbox 468 584 729 674; x_wconf 84' lang='lat' dir='ltr'>liberentm,</span> <span class='ocrx_word' id='word_1_3' title='bbox 771 593 815 666; x_wconf 90' lang='lat' dir='ltr'>et</span> <span class='ocrx_word' id='word_1_4' title='bbox 841 587 984 666; x_wconf 85' lang='lat' dir='ltr'>taliter</span> <span class='ocrx_word' id='word_1_5' title='bbox 1009 587 1284 692; x_wconf 84' lang='lat' dir='ltr'>providendo,</span> 
     </span>
     <span class='ocr_line' id='line_1_2' title="bbox 181 708 1283 813; baseline 0.004 -27"><span class='ocrx_word' id='word_1_6' title='bbox 181 709 294 813; x_wconf 90' lang='lat' dir='ltr'>qnod</span> <span class='ocrx_word' id='word_1_7' title='bbox 336 708 492 812; x_wconf 88' lang='lat' dir='ltr'>aliquid</span> <span class='ocrx_word' id='word_1_8' title='bbox 532 710 631 786; x_wconf 89' lang='lat' dir='ltr'>maii</span> <span class='ocrx_word' id='word_1_9' title='bbox 661 709 722 788; x_wconf 85' lang='lat' dir='ltr'>eis</span> <span class='ocrx_word' id='word_1_10' title='bbox 750 733 835 788; x_wconf 94' lang='lat' dir='ltr'>non</span> <span class='ocrx_word' id='word_1_11' title='bbox 864 711 1056 799; x_wconf 85' lang='lat' dir='ltr'>eveniat.</span> <span class='ocrx_word' id='word_1_12' title='bbox 1096 712 1205 790; x_wconf 87' lang='lat' dir='ltr'>sieut</span> <span class='ocrx_word' id='word_1_13' title='bbox 1230 711 1283 790; x_wconf 80' lang='lat' dir='ltr'>de</span> 
     </span>
     <span class='ocr_line' id='line_1_3' title="bbox 178 829 1282 934; baseline 0.005 -27"><span class='ocrx_word' id='word_1_14' title='bbox 178 829 415 934; x_wconf 84' lang='lat' dir='ltr'>prudentiis</span> <span class='ocrx_word' id='word_1_15' title='bbox 443 829 596 910; x_wconf 85' lang='lat' dir='ltr'>vestris</span> <span class='ocrx_word' id='word_1_16' title='bbox 622 831 748 934; x_wconf 85' lang='lat' dir='ltr'>piane</span> <span class='ocrx_word' id='word_1_17' title='bbox 777 829 1039 912; x_wconf 79' lang='lat' dir='ltr'>confidimus.</span> <span class='ocrx_word' id='word_1_18' title='bbox 1067 833 1224 915; x_wconf 84' lang='lat' dir='ltr'>Verum</span> <span class='ocrx_word' id='word_1_19' title='bbox 1248 835 1282 912; x_wconf 88' lang='lat' dir='ltr'>si</span> 
     </span>
     <span class='ocr_line' id='line_1_4' title="bbox 66 937 1282 1056; baseline 0 -26"><span class='ocrx_word' id='word_1_20' title='bbox 66 937 69 950; x_wconf 80' lang='grc'><strong>’</strong></span> <span class='ocrx_word' id='word_1_21' title='bbox 181 950 376 1033; x_wconf 87' lang='lat' dir='ltr'>obtinere</span> <span class='ocrx_word' id='word_1_22' title='bbox 405 976 491 1030; x_wconf 93' lang='lat' dir='ltr'>non</span> <span class='ocrx_word' id='word_1_23' title='bbox 509 951 731 1055; x_wconf 84' lang='lat' dir='ltr'>possetis,</span> <span class='ocrx_word' id='word_1_24' title='bbox 759 950 872 1055; x_wconf 91' lang='lat' dir='ltr'>quod</span> <span class='ocrx_word' id='word_1_25' title='bbox 901 975 1049 1032; x_wconf 89' lang='lat' dir='ltr'>omnes</span> <span class='ocrx_word' id='word_1_26' title='bbox 1076 954 1282 1056; x_wconf 80' lang='lat' dir='ltr'><strong>praedicti</strong></span> 
     </span>
     <span class='ocr_line' id='line_1_5' title="bbox 179 1065 1315 1175; baseline 0.005 -27"><span class='ocrx_word' id='word_1_27' title='bbox 179 1071 486 1164; x_wconf 74' lang='lat' dir='ltr'>relaxarentur,</span> <span class='ocrx_word' id='word_1_28' title='bbox 513 1073 706 1151; x_wconf 88' lang='lat' dir='ltr'>volumus</span> <span class='ocrx_word' id='word_1_29' title='bbox 737 1073 848 1175; x_wconf 89' lang='lat' dir='ltr'>quod</span> <span class='ocrx_word' id='word_1_30' title='bbox 865 1073 987 1152; x_wconf 88' lang='lat' dir='ltr'>dante</span> <span class='ocrx_word' id='word_1_31' title='bbox 1014 1073 1136 1154; x_wconf 87' lang='lat' dir='ltr'>vobis</span> <span class='ocrx_word' id='word_1_32' title='bbox 1156 1073 1282 1154; x_wconf 87' lang='lat' dir='ltr'>Balsa</span> <span class='ocrx_word' id='word_1_33' title='bbox 1312 1065 1315 1078; x_wconf 78' lang='lat'>&#39;</span> 
     </span>
     <span class='ocr_line' id='line_1_6' title="bbox 179 1189 1282 1286; baseline 0.004 -16"><span class='ocrx_word' id='word_1_34' title='bbox 179 1192 318 1270; x_wconf 84' lang='lat' dir='ltr'>dictos</span> <span class='ocrx_word' id='word_1_35' title='bbox 358 1215 429 1270; x_wconf 91' lang='lat' dir='ltr'>ser</span> <span class='ocrx_word' id='word_1_36' title='bbox 454 1189 692 1286; x_wconf 73' lang='lat' dir='ltr'>iacobum,</span> <span class='ocrx_word' id='word_1_37' title='bbox 734 1195 825 1273; x_wconf 84' lang='lat' dir='ltr'>eins</span> <span class='ocrx_word' id='word_1_38' title='bbox 868 1218 1077 1282; x_wconf 86' lang='lat' dir='ltr'>uxorem,</span> <span class='ocrx_word' id='word_1_39' title='bbox 1118 1197 1282 1274; x_wconf 83' lang='lat' dir='ltr'>socium</span> 
     </span>
     <span class='ocr_line' id='line_1_7' title="bbox 181 1309 1283 1418; baseline 0.001 -28"><span class='ocrx_word' id='word_1_40' title='bbox 181 1309 354 1392; x_wconf 87' lang='lat' dir='ltr'>militem</span> <span class='ocrx_word' id='word_1_41' title='bbox 384 1322 426 1390; x_wconf 89' lang='lat' dir='ltr'>et</span> <span class='ocrx_word' id='word_1_42' title='bbox 452 1338 523 1392; x_wconf 88' lang='lat' dir='ltr'>ser</span> <span class='ocrx_word' id='word_1_43' title='bbox 550 1313 720 1392; x_wconf 87' lang='lat' dir='ltr'>Petrum</span> <span class='ocrx_word' id='word_1_44' title='bbox 748 1313 976 1418; x_wconf 80' lang='lat' dir='ltr'>Taiapetra</span> <span class='ocrx_word' id='word_1_45' title='bbox 1016 1323 1057 1394; x_wconf 88' lang='lat' dir='ltr'>et</span> <span class='ocrx_word' id='word_1_46' title='bbox 1099 1316 1152 1394; x_wconf 91' lang='lat' dir='ltr'>de</span> <span class='ocrx_word' id='word_1_47' title='bbox 1194 1314 1283 1394; x_wconf 85' lang='lat' dir='ltr'>aliis</span> 
     </span>
     <span class='ocr_line' id='line_1_8' title="bbox 181 1432 1282 1536; baseline 0.004 -28"><span class='ocrx_word' id='word_1_48' title='bbox 181 1433 475 1534; x_wconf 85' lang='lat' dir='ltr'>quamplures</span> <span class='ocrx_word' id='word_1_49' title='bbox 505 1433 720 1536; x_wconf 90' lang='lat' dir='ltr'>poteritis,</span> <span class='ocrx_word' id='word_1_50' title='bbox 763 1432 877 1512; x_wconf 89' lang='lat' dir='ltr'>dioto</span> <span class='ocrx_word' id='word_1_51' title='bbox 906 1433 1057 1514; x_wconf 81' lang='lat' dir='ltr'>Baiano</span> <span class='ocrx_word' id='word_1_52' title='bbox 1085 1434 1186 1522; x_wconf 89' lang='lat' dir='ltr'>dare</span> <span class='ocrx_word' id='word_1_53' title='bbox 1214 1436 1282 1514; x_wconf 91' lang='lat' dir='ltr'>de·</span> 
     </span>
     <span class='ocr_line' id='line_1_9' title="bbox 181 1549 1282 1657; baseline 0.006 -30"><span class='ocrx_word' id='word_1_54' title='bbox 181 1549 315 1628; x_wconf 84' lang='lat' dir='ltr'>beatis</span> <span class='ocrx_word' id='word_1_55' title='bbox 343 1552 482 1630; x_wconf 87' lang='lat' dir='ltr'>dictos</span> <span class='ocrx_word' id='word_1_56' title='bbox 511 1551 725 1640; x_wconf 82' lang='lat' dir='ltr'>linianum,</span> <span class='ocrx_word' id='word_1_57' title='bbox 743 1553 943 1634; x_wconf 81' lang='lat' dir='ltr'>Alexium</span> <span class='ocrx_word' id='word_1_58' title='bbox 960 1559 1003 1630; x_wconf 88' lang='lat' dir='ltr'>et</span> <span class='ocrx_word' id='word_1_59' title='bbox 1018 1579 1211 1657; x_wconf 86' lang='lat' dir='ltr'>puerum,</span> <span class='ocrx_word' id='word_1_60' title='bbox 1240 1556 1282 1634; x_wconf 91' lang='lat' dir='ltr'>in</span> 
     </span>
     <span class='ocr_line' id='line_1_10' title="bbox 181 1671 1282 1771; baseline 0.001 -20"><span class='ocrx_word' id='word_1_61' title='bbox 181 1673 390 1752; x_wconf 77' lang='lat' dir='ltr'><strong>cambium</strong></span> <span class='ocrx_word' id='word_1_62' title='bbox 428 1671 643 1752; x_wconf 51' lang='lat' dir='ltr'>dictorum*</span> <span class='ocrx_word' id='word_1_63' title='bbox 679 1681 945 1764; x_wconf 87' lang='lat' dir='ltr'>nostrorum,</span> <span class='ocrx_word' id='word_1_64' title='bbox 985 1673 1192 1771; x_wconf 85' lang='lat' dir='ltr'>habendo</span> <span class='ocrx_word' id='word_1_65' title='bbox 1211 1674 1282 1752; x_wconf 85' lang='lat' dir='ltr'>bo·</span> 
     </span>
    </p>
   </div>
   <div class='ocr_carea' id='block_1_2' title="bbox 182 1791 1444 1897">
    <p class='ocr_par' dir='ltr' id='par_1_2' title="bbox 182 1791 1444 1897">
     <span class='ocr_line' id='line_1_11' title="bbox 182 1791 1444 1897; baseline 0.001 -28"><span class='ocrx_word' id='word_1_66' title='bbox 182 1815 276 1872; x_wconf 88' lang='lat' dir='ltr'>nam</span> <span class='ocrx_word' id='word_1_67' title='bbox 305 1792 609 1872; x_wconf 83' lang='lat' dir='ltr'>advertentiam</span> <span class='ocrx_word' id='word_1_68' title='bbox 637 1793 753 1872; x_wconf 87' lang='lat' dir='ltr'>eirea</span> <span class='ocrx_word' id='word_1_69' title='bbox 780 1791 893 1892; x_wconf 88' lang='lat' dir='ltr'>hoo,</span> <span class='ocrx_word' id='word_1_70' title='bbox 937 1791 1051 1873; x_wconf 90' lang='lat' dir='ltr'>sieut</span> <span class='ocrx_word' id='word_1_71' title='bbox 1086 1793 1282 1897; x_wconf 86' lang='lat' dir='ltr'>superius</span> <span class='ocrx_word' id='word_1_72' title='bbox 1442 1883 1444 1894; x_wconf 15' lang='grc' dir='ltr'><em>γ</em></span> 
     </span>
    </p>
   </div>
   <div class='ocr_carea' id='block_1_3' title="bbox 181 1913 377 1992">
    <p class='ocr_par' dir='ltr' id='par_1_3' title="bbox 181 1913 377 1992">
     <span class='ocr_line' id='line_1_12' title="bbox 181 1913 377 1992; baseline 0.01 -2"><span class='ocrx_word' id='word_1_73' title='bbox 181 1913 377 1992; x_wconf 80' lang='lat' dir='ltr'>diximus.</span> 
     </span>
    </p>
   </div>
   <div class='ocr_carea' id='block_1_4' title="bbox 181 2051 1333 2522">
    <p class='ocr_par' dir='ltr' id='par_1_4' title="bbox 181 2051 1333 2522">
     <span class='ocr_line' id='line_1_13' title="bbox 285 2051 1333 2155; baseline 0 -27"><span class='ocrx_word' id='word_1_74' title='bbox 285 2051 368 2131; x_wconf 77' lang='lat' dir='ltr'>Sor</span> <span class='ocrx_word' id='word_1_75' title='bbox 393 2053 584 2134; x_wconf 79' lang='lat' dir='ltr'>Andreas</span> <span class='ocrx_word' id='word_1_76' title='bbox 614 2053 736 2134; x_wconf 82' lang='lat' dir='ltr'>Gritti</span> <span class='ocrx_word' id='word_1_77' title='bbox 763 2053 863 2130; x_wconf 86' lang='lat' dir='ltr'>vnit:</span> <span class='ocrx_word' id='word_1_78' title='bbox 894 2053 1007 2155; x_wconf 83' lang='lat' dir='ltr'>quod</span> <span class='ocrx_word' id='word_1_79' title='bbox 1033 2051 1143 2129; x_wconf 80' lang='lat' dir='ltr'>faeta</span> <span class='ocrx_word' id='word_1_80' title='bbox 1173 2051 1287 2130; x_wconf 91' lang='lat' dir='ltr'>omni</span> <span class='ocrx_word' id='word_1_81' title='bbox 1327 2115 1333 2128; x_wconf 92' lang='lat'><em>.</em></span> 
     </span>
     <span class='ocr_line' id='line_1_14' title="bbox 182 2169 1282 2275; baseline -0.004 -25"><span class='ocrx_word' id='word_1_82' title='bbox 182 2174 375 2252; x_wconf 84' lang='lat' dir='ltr'>instantia</span> <span class='ocrx_word' id='word_1_83' title='bbox 414 2174 607 2275; x_wconf 81' lang='lat' dir='ltr'>possibili</span> <span class='ocrx_word' id='word_1_84' title='bbox 650 2174 703 2253; x_wconf 92' lang='lat' dir='ltr'>de</span> <span class='ocrx_word' id='word_1_85' title='bbox 733 2172 965 2253; x_wconf 82' lang='lat' dir='ltr'>obtinendo</span> <span class='ocrx_word' id='word_1_86' title='bbox 1008 2169 1282 2250; x_wconf 80' lang='lat' dir='ltr'>intentionem</span> 
     </span>
     <span class='ocr_line' id='line_1_15' title="bbox 181 2291 1280 2398; baseline -0.004 -26"><span class='ocrx_word' id='word_1_87' title='bbox 181 2300 368 2374; x_wconf 88' lang='lat' dir='ltr'>nostram</span> <span class='ocrx_word' id='word_1_88' title='bbox 395 2293 685 2398; x_wconf 77' lang='lat' dir='ltr'>praedictam,</span> <span class='ocrx_word' id='word_1_89' title='bbox 727 2317 850 2397; x_wconf 89' lang='lat' dir='ltr'>quam</span> <span class='ocrx_word' id='word_1_90' title='bbox 893 2293 928 2370; x_wconf 88' lang='lat' dir='ltr'>si</span> <span class='ocrx_word' id='word_1_91' title='bbox 964 2291 1155 2370; x_wconf 88' lang='lat' dir='ltr'>obtinere</span> <span class='ocrx_word' id='word_1_92' title='bbox 1197 2315 1280 2368; x_wconf 91' lang='lat' dir='ltr'>nou</span> 
     </span>
     <span class='ocr_line' id='line_1_16' title="bbox 183 2413 1280 2522; baseline -0.003 -30"><span class='ocrx_word' id='word_1_93' title='bbox 183 2422 397 2522; x_wconf 87' lang='lat' dir='ltr'>poterunt,</span> <span class='ocrx_word' id='word_1_94' title='bbox 424 2414 607 2493; x_wconf 86' lang='lat' dir='ltr'>debeant</span> <span class='ocrx_word' id='word_1_95' title='bbox 633 2436 868 2518; x_wconf 83' lang='lat' dir='ltr'>procurare</span> <span class='ocrx_word' id='word_1_96' title='bbox 885 2413 1188 2491; x_wconf 76' lang='lat' dir='ltr'>relaxationem</span> <span class='ocrx_word' id='word_1_97' title='bbox 1216 2435 1280 2489; x_wconf 92' lang='lat' dir='ltr'>so·</span> 
     </span>
    </p>
   </div>
   <div class='ocr_carea' id='block_1_5' title="bbox 181 2533 1062 2617">
    <p class='ocr_par' dir='ltr' id='par_1_5' title="bbox 181 2533 1062 2617">
     <span class='ocr_line' id='line_1_17' title="bbox 181 2533 1062 2617; baseline 0.001 -6"><span class='ocrx_word' id='word_1_98' title='bbox 181 2533 273 2614; x_wconf 85' lang='lat' dir='ltr'>ium</span> <span class='ocrx_word' id='word_1_99' title='bbox 301 2535 400 2614; x_wconf 88' lang='lat' dir='ltr'>dieti</span> <span class='ocrx_word' id='word_1_100' title='bbox 427 2558 498 2615; x_wconf 85' lang='lat' dir='ltr'>ser</span> <span class='ocrx_word' id='word_1_101' title='bbox 522 2535 678 2617; x_wconf 69' lang='lat' dir='ltr'>iacobi</span> <span class='ocrx_word' id='word_1_102' title='bbox 705 2541 748 2614; x_wconf 87' lang='lat' dir='ltr'>et</span> <span class='ocrx_word' id='word_1_103' title='bbox 776 2533 921 2614; x_wconf 87' lang='lat' dir='ltr'>uxoris</span> <span class='ocrx_word' id='word_1_104' title='bbox 948 2557 1062 2612; x_wconf 87' lang='lat' dir='ltr'>suae.</span> 
     </span>
    </p>
   </div>
   <div class='ocr_carea' id='block_1_6' title="bbox 458 2721 1241 2813">
    <p class='ocr_par' dir='ltr' id='par_1_6' title="bbox 458 2721 1241 2813">
     <span class='ocr_line' id='line_1_18' title="bbox 458 2721 1241 2813; baseline -0.008 -19"><span class='ocrx_word' id='word_1_105' title='bbox 458 2725 563 2794; x_wconf 82' lang='lat' dir='ltr'>Seer.</span> <span class='ocrx_word' id='word_1_106' title='bbox 590 2727 703 2794; x_wconf 80' lang='lat' dir='ltr'>eous.</span> <span class='ocrx_word' id='word_1_107' title='bbox 728 2723 860 2813; x_wconf 73' lang='lat' dir='ltr'>Rogat.</span> <span class='ocrx_word' id='word_1_108' title='bbox 884 2721 958 2792; x_wconf 79' lang='lat' dir='ltr'>nib.</span> <span class='ocrx_word' id='word_1_109' title='bbox 983 2721 1063 2790; x_wconf 86' lang='lat' dir='ltr'><strong>vll.</strong></span> <span class='ocrx_word' id='word_1_110' title='bbox 1088 2725 1146 2790; x_wconf 89' lang='lat' dir='ltr'>ch.</span> <span class='ocrx_word' id='word_1_111' title='bbox 1171 2723 1241 2788; x_wconf 76' lang='lat'>102.</span> 
     </span>
    </p>
   </div>
   <div class='ocr_carea' id='block_1_7' title="bbox 301 2920 1168 3054">
    <p class='ocr_par' dir='ltr' id='par_1_7' title="bbox 301 2920 1168 3054">
     <span class='ocr_line' id='line_1_19' title="bbox 301 2920 1168 3054; baseline -0.014 0"><span class='ocrx_word' id='word_1_112' title='bbox 301 2949 536 3054; x_wconf 70' lang='lat' dir='ltr'><strong>CCGW·</strong></span> <span class='ocrx_word' id='word_1_113' title='bbox 565 2920 677 3048; x_wconf 78' lang='lat' dir='ltr'>iata.</span> <span class='ocrx_word' id='word_1_114' title='bbox 704 2969 769 3044; x_wconf 80' lang='grc'>18.</span> <span class='ocrx_word' id='word_1_115' title='bbox 798 2964 1168 3044; x_wconf 86' lang='lat' dir='ltr'>Novembris.</span> 
     </span>
    </p>
   </div>
   <div class='ocr_carea' id='block_1_8' title="bbox 185 3177 1285 3364">
    <p class='ocr_par' dir='ltr' id='par_1_8' title="bbox 185 3177 1285 3364">
     <span class='ocr_line' id='line_1_20' title="bbox 185 3177 1285 3257; baseline -0.005 -16"><span class='ocrx_word' id='word_1_116' title='bbox 185 3185 316 3243; x_wconf 72' lang='lat' dir='ltr'>Heron</span> <span class='ocrx_word' id='word_1_117' title='bbox 342 3199 440 3257; x_wconf 77' lang='lat' dir='ltr'>raeay</span> <span class='ocrx_word' id='word_1_118' title='bbox 464 3199 482 3238; x_wconf 87' lang='lat' dir='ltr'>rr</span> <span class='ocrx_word' id='word_1_119' title='bbox 511 3195 674 3253; x_wconf 77' lang='lat' dir='ltr'>ranerany</span> <span class='ocrx_word' id='word_1_120' title='bbox 700 3177 959 3252; x_wconf 70' lang='lat' dir='ltr'>Caapaperorm,</span> <span class='ocrx_word' id='word_1_121' title='bbox 984 3194 1022 3249; x_wconf 61' lang='lat' dir='ltr'>aa</span> <span class='ocrx_word' id='word_1_122' title='bbox 1045 3190 1142 3248; x_wconf 67' lang='lat' dir='ltr'>mapa</span> <span class='ocrx_word' id='word_1_123' title='bbox 1165 3193 1285 3252; x_wconf 71' lang='lat' dir='ltr'>prono·</span> 
     </span>
     <span class='ocr_line' id='line_1_21' title="bbox 319 3280 1152 3364; baseline -0.01 -17"><span class='ocrx_word' id='word_1_124' title='bbox 319 3305 402 3364; x_wconf 81' lang='lat' dir='ltr'>pann</span> <span class='ocrx_word' id='word_1_125' title='bbox 426 3305 464 3346; x_wconf 88' lang='lat' dir='ltr'>ea</span> <span class='ocrx_word' id='word_1_126' title='bbox 488 3288 656 3344; x_wconf 71' lang='lat' dir='ltr'>Baamorrn</span> <span class='ocrx_word' id='word_1_127' title='bbox 677 3280 837 3360; x_wconf 85' lang='lat' dir='ltr'>npmrrrpis</span> <span class='ocrx_word' id='word_1_128' title='bbox 860 3299 900 3340; x_wconf 80' lang='lat' dir='ltr'>na</span> <span class='ocrx_word' id='word_1_129' title='bbox 924 3297 1011 3358; x_wconf 63' lang='lat' dir='ltr'>ayne</span> <span class='ocrx_word' id='word_1_130' title='bbox 1036 3297 1152 3356; x_wconf 80' lang='lat' dir='ltr'>nperre.</span> 
     </span>
    </p>
   </div>
   <div class='ocr_carea' id='block_1_9' title="bbox 187 3465 1288 4296">
    <p class='ocr_par' dir='ltr' id='par_1_9' title="bbox 187 3465 1288 4296">
     <span class='ocr_line' id='line_1_22' title="bbox 290 3465 1285 3578; baseline -0.007 -26"><span class='ocrx_word' id='word_1_131' title='bbox 290 3475 467 3578; x_wconf 85' lang='lat' dir='ltr'>insuper</span> <span class='ocrx_word' id='word_1_132' title='bbox 494 3473 591 3574; x_wconf 89' lang='lat' dir='ltr'>quia</span> <span class='ocrx_word' id='word_1_133' title='bbox 626 3468 760 3550; x_wconf 85' lang='lat' dir='ltr'>omnis</span> <span class='ocrx_word' id='word_1_134' title='bbox 801 3468 945 3548; x_wconf 82' lang='lat' dir='ltr'>ditatio</span> <span class='ocrx_word' id='word_1_135' title='bbox 973 3475 1038 3548; x_wconf 86' lang='lat' dir='ltr'>est</span> <span class='ocrx_word' id='word_1_136' title='bbox 1064 3465 1178 3545; x_wconf 88' lang='lat' dir='ltr'>utilis</span> <span class='ocrx_word' id='word_1_137' title='bbox 1204 3490 1285 3570; x_wconf 94' lang='lat' dir='ltr'>pro</span> 
     </span>
     <span class='ocr_line' id='line_1_23' title="bbox 189 3586 1288 3698; baseline -0.011 -22"><span class='ocrx_word' id='word_1_138' title='bbox 189 3599 303 3676; x_wconf 91' lang='lat' dir='ltr'>bono</span> <span class='ocrx_word' id='word_1_139' title='bbox 332 3593 512 3698; x_wconf 88' lang='lat' dir='ltr'>partium</span> <span class='ocrx_word' id='word_1_140' title='bbox 540 3599 785 3672; x_wconf 82' lang='lat' dir='ltr'>nostrarum</span> <span class='ocrx_word' id='word_1_141' title='bbox 813 3588 866 3668; x_wconf 89' lang='lat' dir='ltr'>de</span> <span class='ocrx_word' id='word_1_142' title='bbox 893 3589 1014 3685; x_wconf 89' lang='lat' dir='ltr'>inde,</span> <span class='ocrx_word' id='word_1_143' title='bbox 1057 3586 1288 3666; x_wconf 79' lang='lat' dir='ltr'>comittitur</span> 
     </span>
     <span class='ocr_line' id='line_1_24' title="bbox 187 3705 1287 3813; baseline -0.009 -19"><span class='ocrx_word' id='word_1_144' title='bbox 187 3715 302 3796; x_wconf 87' lang='lat' dir='ltr'>dieto</span> <span class='ocrx_word' id='word_1_145' title='bbox 329 3719 475 3794; x_wconf 90' lang='lat' dir='ltr'>nostro</span> <span class='ocrx_word' id='word_1_146' title='bbox 506 3711 654 3792; x_wconf 89' lang='lat' dir='ltr'>comiti</span> <span class='ocrx_word' id='word_1_147' title='bbox 684 3719 726 3789; x_wconf 87' lang='lat' dir='ltr'>et</span> <span class='ocrx_word' id='word_1_148' title='bbox 754 3709 974 3813; x_wconf 77' lang='lat' dir='ltr'>capitaneo</span> <span class='ocrx_word' id='word_1_149' title='bbox 1003 3733 1052 3787; x_wconf 85' lang='lat' dir='ltr'>aa</span> <span class='ocrx_word' id='word_1_150' title='bbox 1072 3705 1287 3809; x_wconf 80' lang='lat' dir='ltr'>provisori</span> 
     </span>
     <span class='ocr_line' id='line_1_25' title="bbox 188 3827 1285 3934; baseline -0.006 -24"><span class='ocrx_word' id='word_1_151' title='bbox 188 3833 456 3922; x_wconf 73' lang='lat' dir='ltr'>sentam,</span> <span class='ocrx_word' id='word_1_152' title='bbox 498 3831 613 3934; x_wconf 85' lang='lat' dir='ltr'>quod</span> <span class='ocrx_word' id='word_1_153' title='bbox 654 3853 748 3910; x_wconf 90' lang='lat' dir='ltr'>oum</span> <span class='ocrx_word' id='word_1_154' title='bbox 789 3829 872 3906; x_wconf 87' lang='lat' dir='ltr'>iltis</span> <span class='ocrx_word' id='word_1_155' title='bbox 914 3828 1051 3906; x_wconf 81' lang='lat' dir='ltr'>modia</span> <span class='ocrx_word' id='word_1_156' title='bbox 1087 3827 1157 3930; x_wconf 91' lang='lat' dir='ltr'>qui</span> <span class='ocrx_word' id='word_1_157' title='bbox 1184 3847 1285 3904; x_wconf 86' lang='lat' dir='ltr'>suae</span> 
     </span>
     <span class='ocr_line' id='line_1_26' title="bbox 187 3942 1283 4058; baseline -0.014 -23"><span class='ocrx_word' id='word_1_158' title='bbox 187 3954 418 4058; x_wconf 80' lang='lat' dir='ltr'>sapientiae</span> <span class='ocrx_word' id='word_1_159' title='bbox 445 3951 712 4042; x_wconf 83' lang='lat' dir='ltr'>videbuntur,</span> <span class='ocrx_word' id='word_1_160' title='bbox 738 3947 886 4026; x_wconf 87' lang='lat' dir='ltr'>videro</span> <span class='ocrx_word' id='word_1_161' title='bbox 914 3943 1067 4024; x_wconf 88' lang='lat' dir='ltr'>debeat</span> <span class='ocrx_word' id='word_1_162' title='bbox 1093 3946 1148 4022; x_wconf 85' lang='lat' dir='ltr'>de</span> <span class='ocrx_word' id='word_1_163' title='bbox 1173 3942 1283 4022; x_wconf 88' lang='lat' dir='ltr'>veni·</span> 
     </span>
     <span class='ocr_line' id='line_1_27' title="bbox 189 4061 1282 4171; baseline -0.015 -15"><span class='ocrx_word' id='word_1_164' title='bbox 189 4075 298 4156; x_wconf 85' lang='lat' dir='ltr'>endo</span> <span class='ocrx_word' id='word_1_165' title='bbox 326 4073 377 4154; x_wconf 83' lang='lat' dir='ltr'>ad</span> <span class='ocrx_word' id='word_1_166' title='bbox 403 4083 600 4171; x_wconf 76' lang='lat' dir='ltr'>treuguas</span> <span class='ocrx_word' id='word_1_167' title='bbox 629 4093 724 4149; x_wconf 89' lang='lat' dir='ltr'>oum</span> <span class='ocrx_word' id='word_1_168' title='bbox 762 4067 948 4155; x_wconf 86' lang='lat' dir='ltr'>Balsa,</span> <span class='ocrx_word' id='word_1_169' title='bbox 977 4071 1048 4144; x_wconf 87' lang='lat' dir='ltr'>ant</span> <span class='ocrx_word' id='word_1_170' title='bbox 1072 4087 1152 4170; x_wconf 92' lang='lat' dir='ltr'>per</span> <span class='ocrx_word' id='word_1_171' title='bbox 1178 4061 1282 4142; x_wconf 88' lang='lat' dir='ltr'>dnos</span> 
     </span>
     <span class='ocr_line' id='line_1_28' title="bbox 189 4187 1283 4296; baseline -0.014 -17"><span class='ocrx_word' id='word_1_172' title='bbox 189 4219 349 4285; x_wconf 81' lang='lat' dir='ltr'>annos,</span> <span class='ocrx_word' id='word_1_173' title='bbox 374 4201 550 4296; x_wconf 85' lang='lat' dir='ltr'>autper</span> <span class='ocrx_word' id='word_1_174' title='bbox 572 4187 714 4270; x_wconf 76' lang='lat' dir='ltr'>xvlll</span> <span class='ocrx_word' id='word_1_175' title='bbox 742 4211 931 4281; x_wconf 86' lang='lat' dir='ltr'>menses,</span> <span class='ocrx_word' id='word_1_176' title='bbox 959 4195 1028 4268; x_wconf 87' lang='lat' dir='ltr'>aut</span> <span class='ocrx_word' id='word_1_177' title='bbox 1053 4207 1283 4292; x_wconf 82' lang='lat' dir='ltr'>perunum</span> 
     </span>
    </p>
   </div>
   <div class='ocr_carea' id='block_1_10' title="bbox 0 0 1619 5118">
    <p class='ocr_par' dir='ltr' id='par_1_10' title="bbox 0 0 1619 5118">
     <span class='ocr_line' id='line_1_29' title="bbox 0 0 1619 5118; baseline 0 0"><span class='ocrx_word' id='word_1_178' title='bbox 0 0 1619 5118; x_wconf 95' lang='lat' dir='ltr'> </span> 
     </span>
    </p>
   </div>
  </div>
 </body>
</html>
