3224 5110
1191 388 1253 452 411

264 593 315 673 ut
343 596 377 674 si
405 597 575 698 peteret
603 594 718 696 quod
745 591 815 670 iiia
845 593 939 673 iooa
974 593 1052 672 sibi
1080 594 1254 675 reddan-

163 723 242 806 tur,
269 712 529 818 respondeas
559 713 610 802 ei,
638 710 752 814 quod
782 720 827 790 ut
854 723 1115 812 cognoseat,
1142 717 1254 816 quod

163 858 256 912 eum
286 833 359 913 iilo
389 835 541 912 bouem
585 833 810 910 amicitiam
840 841 882 911 et
908 857 1058 936 paoem
1098 833 1257 914 habere

160 955 351 1044 velimus,
378 953 487 1031 siout
515 976 688 1055 semper
716 951 961 1042 habuimus,
988 977 1132 1032 sumus
1161 978 1256 1034 eou-

28 1159 33 1172 ,
164 1076 265 1153 tenti
293 1076 360 1152 iiia
390 1077 484 1155 ioca
513 1074 592 1154 sibi
620 1072 805 1154 reddere
834 1084 980 1163 reiro.
1009 1077 1081 1154 sed
1112 1076 1259 1156 reddat

160 1196 280 1274 uobis
316 1221 560 1299 expensam;
596 1219 690 1274 uam
718 1196 753 1274 si
780 1199 894 1274 velut
921 1197 1048 1277 amici
1075 1201 1154 1296 sui,
1184 1198 1258 1276 hu·

155 1316 341 1416 jusmodi
381 1323 517 1396 terras
544 1317 597 1394 de
625 1339 745 1394 mauu
783 1341 956 1394 suorum
986 1318 1253 1396 inimieorum

162 1435 413 1538 accepimus,
441 1442 484 1512 et
512 1461 607 1516 cum
648 1461 834 1538 expensa
864 1444 907 1516 et
946 1437 1097 1515 damno
1126 1441 1256 1516 tenui·

164 1581 264 1647 mus,
289 1557 514 1634 honestum
544 1565 586 1634 et
614 1559 764 1635 iustum
782 1568 856 1646 est,
887 1559 1000 1661 quod
1022 1557 1256 1636 reddatno-

161 1679 222 1756 bis
251 1679 293 1758 id
322 1678 436 1780 quod
478 1678 781 1779 expendimus,
823 1679 920 1780 quia
958 1679 1069 1756 nulle
1109 1687 1256 1758 nostra

163 1800 337 1878 utilitate
366 1799 406 1874 id
437 1796 590 1876 iactum
620 1801 709 1886 est;
739 1805 781 1876 et
808 1797 847 1873 iu
876 1798 961 1876 hoe
1003 1823 1098 1880 oum
1133 1798 1257 1878 solita

164 1931 230 2000 tua
271 1919 491 2020 prudentia
535 1916 673 1996 taliter
701 1925 748 1995 te·
770 1941 921 2016 geras,
963 1922 1076 2022 quod
1115 1920 1255 2022 potius

165 2041 439 2120 conciudatur
468 2038 672 2115 reddendi
701 2061 773 2114 eas
814 2037 892 2116 sibi
931 2040 970 2116 in
999 2063 1119 2143 paee,
1159 2065 1253 2118 oum

163 2160 399 2238 refectione
414 2179 692 2261 expensarum
709 2183 787 2262 per
802 2184 880 2237 uos
901 2160 1116 2252 factarum,
1131 2184 1253 2263 quam

161 2281 424 2386 permittere,
450 2279 562 2380 quod
604 2305 698 2358 oum
735 2304 807 2358 sua
845 2284 1035 2382 porentia
1063 2282 1153 2383 ipse
1183 2307 1253 2362 eas

161 2405 296 2504 rapiat
322 2409 365 2482 et
392 2400 613 2480 uobiscum
641 2401 790 2480 stetin
818 2426 985 2500 guerra.

263 2523 305 2600 Si
334 2523 498 2601 diceret
525 2523 577 2600 de
606 2523 718 2600 mille
746 2525 922 2616 ducatis,
951 2525 1021 2627 qui
1058 2522 1135 2601 sibi
1164 2524 1253 2602 dari

162 2645 317 2724 debent
342 2643 505 2742 singulo
534 2665 641 2719 auno
669 2642 722 2718 de
757 2641 1046 2736 somaro,
1083 2671 1255 2749 respon·

162 2763 291 2843 debis:
320 2762 434 2864 quod
463 2762 732 2865 paratuseris
760 2761 855 2838 iilos
884 2762 964 2842 sibi
993 2763 1254 2851 darifaoere,

161 2883 271 2962 siout
299 2909 351 2962 ex
380 2907 485 2982 paee
513 2879 606 2959 fieri
632 2880 773 2967 debet,
801 2881 875 2960 sed
913 2881 1023 2960 sicut
1057 2884 1136 2960 soit
1163 2885 1253 2986 ipse

160 3004 367 3096 dominus,
394 3005 522 3082 debet
549 3002 714 3082 mittere
729 3025 831 3082 euos
846 2999 1034 3080 subditos
1058 3003 1128 3081 So
1144 3030 1168 3080 u
1184 3012 1199 3081 t
1215 3031 1250 3082 a·

160 3151 278 3204 rum
307 3129 349 3204 et
377 3125 636 3206 Ceterum
664 3149 744 3226 pro
772 3123 1012 3228 saieetpro
1041 3125 1253 3204 aiiismer·

160 3247 408 3338 rationibus,
424 3251 466 3326 et
481 3255 628 3326 tenere
642 3250 796 3322 stratas
813 3235 1118 3322 mercatoribus
1137 3268 1255 3348 aper·

162 3375 239 3456 tus,
274 3373 316 3444 et
344 3370 425 3446 iam
454 3365 607 3444 dudum
634 3365 676 3445 id
704 3390 788 3445 uou
832 3365 959 3456 feeit,
1000 3371 1042 3445 et
1076 3389 1159 3443 oon
1188 3367 1254 3444 ha·

163 3489 287 3568 beuie
315 3487 481 3568 civitate
511 3485 749 3574 introitum,
791 3510 875 3564 uon
904 3493 1046 3589 polest
1074 3485 1254 3565 reddere

161 3607 333 3685 exitum.
363 3605 450 3686 Sed
477 3607 516 3684 io
545 3607 629 3684 hoo
657 3615 768 3686 stare
797 3607 858 3684 vis
886 3605 999 3685 omui
1027 3606 1254 3689 honestati,

161 3727 255 3828 quia
283 3735 325 3808 te
354 3733 515 3804 eertum
544 3727 675 3823 fecis,
711 3725 825 3830 quod
853 3728 1030 3804 erebus
1061 3725 1183 3806 licitis
1211 3730 1253 3803 et

161 3847 351 3927 honestis
380 3869 590 3947 uunquam
619 3845 710 3948 ipse
739 3847 932 3936 recedet3
952 3854 1001 3922 et
1028 3857 1072 3923 ut
1099 3849 1140 3926 iu
1169 3845 1252 3926 hoe

160 3975 202 4050 ie
245 3967 382 4072 possis
414 3967 657 4058 honestare,
691 3967 799 4045 etin
829 3967 1001 4071 pratieis
1042 3968 1252 4046 sustinere

155 4093 251 4188 jure
279 4091 414 4168 nostri
443 4087 629 4186 dominii,
660 4087 749 4166 dari
778 4087 852 4168 ribi
882 4089 1057 4168 fecimus
1084 4089 1251 4190 copiam

162 4211 278 4314 pacis
305 4214 347 4286 et
375 4209 749 4314 compositionum,
773 4231 877 4310 quas
907 4234 1016 4374 aurp4
1030 4209 1101 4287 iiio
1132 4209 1256 4292 habe-
