3206 5110
338 515 382 590 te
409 501 598 610 Romane
626 509 811 594 ecclesis
840 529 1068 590 summoue
1088 504 1312 586 universati
1338 527 1440 607 pon·

340 627 453 716 titini,
480 629 653 708 domino
682 656 761 709 auo
790 629 1012 732 plurimum
1043 628 1294 706 reverendo.
1336 627 1439 706 Peu-

272 783 277 792 ’
341 747 406 828 lus
435 747 893 835 banus'Chroatorurn,
922 753 965 826 et
992 749 1184 826 dominus
1213 749 1439 848 Bosnepe·

340 869 437 948 uum
466 869 613 949 oscula
641 871 863 949 beatorum
892 893 987 948 cum
1027 868 1313 971 prontitudine
1351 889 1440 944 ser·

340 987 509 1072 vieudo.
552 987 655 1086 Quia
683 1012 768 1067 non
797 989 868 1090 qui
894 986 1103 1088 inceperit
1116 985 1193 1064 sed
1216 987 1331 1088 quod
1346 1009 1440 1085 per-

343 1110 607 1190 sevoreverit
635 1108 784 1210 recipit
811 1107 1028 1192 bravium,
1068 1133 1119 1186 ec
1147 1107 1247 1184 iliud
1274 1128 1441 1205 preser-

344 1228 415 1332 tiua
445 1229 559 1330 pium
597 1236 663 1308 est
704 1229 954 1308 laudandum
982 1229 1096 1330 quod
1125 1229 1211 1306 tine
1233 1225 1442 1306 clauditur

343 1346 525 1432 meliori.
579 1347 749 1428 Idcirco
778 1347 819 1426 in
847 1347 1076 1426 devotione
1104 1347 1245 1424 debita
1280 1369 1442 1446 perma-

344 1491 457 1559 nere,
485 1475 528 1548 et
556 1491 652 1548 cum
680 1471 875 1569 prorupta
903 1491 955 1544 ac
983 1465 1100 1545 tidcli
1128 1466 1444 1546 continuatione

346 1587 529 1670 servitiis
556 1587 725 1670 servitia
754 1588 1036 1678 accumulare,
1062 1591 1291 1688 ventreque
1326 1609 1444 1668 sanc·

351 1707 480 1788 titulis
507 1707 713 1788 mundatis
759 1715 803 1786 et
829 1707 1076 1808 preceptis,
1115 1730 1200 1792 non
1228 1704 1446 1807 parcendo

344 1825 563 1929 periculis,
595 1833 639 1906 et
666 1827 867 1928 expensis
906 1850 985 1928 per
1022 1827 1162 1904 omnia
1198 1825 1375 1927 cupiens
1404 1851 1446 1904 o·

319 1947 504 2050 -bedire,
532 1945 804 2028 considerans
839 1953 981 2023 vestre
1022 1945 1306 2022 dominatnnis
1347 1969 1445 2024 con·

348 2073 411 2148 tra
439 2070 634 2150 Venetos
674 2067 757 2146 latu
797 2067 1049 2152 sententias,
1088 2091 1139 2143 ac
1167 2089 1317 2144 eorum
1358 2067 1447 2144 visa

344 2185 559 2290 protervia
586 2194 629 2266 et
656 2185 879 2276 duritiam,
906 2185 961 2264 ob
990 2185 1201 2263 honorem
1237 2192 1281 2262 et
1320 2186 1448 2284 giori-

344 2329 411 2386 am
439 2309 586 2386 sancte
614 2303 757 2384 matris
785 2303 969 2386 ecclesie
996 2307 1036 2380 in
1065 2303 1248 2400 medium
1275 2304 1450 2386 ladrati-

345 2445 497 2501 norum
539 2429 781 2500 nostrorum
822 2423 1104 2510 devotorum,
1163 2428 1208 2499 et
1247 2424 1452 2529 fidelium¹

347 2541 415 2644 qui
451 2549 592 2623 vestre
632 2544 863 2630 sanctitatis
893 2530 1070 2644 speciali
1099 2543 1216 2627 daut
1248 2542 1452 2624 fiduciae

346 2663 609 2762 Venetorum
652 2663 842 2745 violento
884 2662 1075 2772 dorninio
1115 2661 1370 2743 recedentes
1399 2665 1453 2740 ad

346 2780 580 2886 iibertatem
621 2783 806 2876 debitam
861 2791 1165 2892 pervenerunt:
1222 2781 1455 2898 requisitus

345 2925 422 3001 per
437 2901 608 2980 eosdem
625 2926 760 2980 meum
777 2903 1105 3004 primogenitum
1133 2903 1285 2981 hautun
1326 2903 1455 2981 Maia·

346 3021 487 3126 dinum
517 3023 669 3122 benum
694 3023 986 3124 Bosnensiurn,
1002 3025 1097 3126 misi
1126 3049 1220 3120 curn
1258 3024 1453 3126 potentia

348 3141 399 3218 ad
428 3141 752 3232 defendendum,
775 3149 818 3220 et
844 3144 1213 3231 manutenendum,
1241 3153 1283 3222 et
1311 3150 1457 3246 prote·

349 3263 531 3360 gendum
561 3261 780 3364 predictos
809 3263 1058 3373 larissenus,
1074 3273 1282 3367 tamquam
1314 3260 1458 3344 obedi·

348 3377 462 3456 entie
490 3380 606 3458 titios
634 3389 676 3459 et
703 3384 898 3470 devotos,
926 3386 1282 3460 contravenetos
1311 3407 1457 3484 supra·

348 3497 502 3576 dictos.
557 3499 668 3577 Sane
699 3499 795 3600 quia
824 3499 925 3578 dicti
965 3501 1121 3580 Veneti
1162 3503 1370 3580 continuo
1400 3509 1458 3576 te·

190 3661 197 3678 1
348 3626 449 3694 irent
473 3617 612 3724 galeas
654 3627 835 3699 armatas
885 3630 981 3702 ante
1023 3623 1188 3732 {adrani
1230 3625 1270 3701 iu
1301 3625 1459 3702 insutas

350 3741 540 3839 ipsorum
569 3737 842 3832 devastando,
877 3765 956 3817 nec
983 3739 1162 3822 habeam
1199 3745 1249 3820 ad
1278 3767 1461 3845 presens

352 3857 493 3956 gaicus
522 3857 573 3934 ad
603 3857 856 3938 obviandum
887 3861 1045 3940 eisdem
1077 3861 1303 3954 hostiliter,
1344 3864 1461 3941 sicut

266 3985 271 3992 “
350 3973 476 4064 deust
505 3975 720 4067 rebeiibus
746 3981 945 4068 ecclesie.
974 3981 1186 4068 sanctitati
1218 3991 1358 4064 vestre
1374 3985 1461 4084 pia·

353 4104 449 4177 ceat
475 4098 528 4184 de
556 4095 812 4196 benignitate
829 4111 1032 4192 consueta
1061 4102 1201 4192 taliter
1227 4123 1359 4204 super
1374 4101 1462 4182 iaec
