3206 5110
177 609 312 690 danici
340 612 416 688 Dei
432 610 565 708 gratia
593 609 881 695 venetiarum,
909 609 1276 710 Dalmatiaatqua
1365 655 1369 666 -

178 731 380 808 Chroutie
406 731 539 820 ducis,
567 737 610 806 et
636 729 794 808 domini
821 736 970 832 qiuarte
997 729 1127 831 partis
1155 735 1198 806 et
1219 727 1275 806 di·

51 863 54 870 ’
177 851 301 930 midie
328 853 456 930 totius
484 850 648 952 imperii
665 851 882 948 Romanis,
900 849 951 928 ad
977 848 1276 951 suprascripta,

177 978 220 1048 et
247 970 512 1073 infrascripta
540 971 781 1072 specialiter
809 971 1079 1059 constitutus,
1107 977 1152 1048 ut
1179 991 1276 1048 con·

177 1091 332 1168 tinctor
359 1091 398 1168 in
430 1091 729 1170 commissione
756 1092 860 1172 dicti
888 1091 1046 1170 domini
1062 1089 1182 1168 ducis
1210 1115 1276 1166 ve·

178 1235 236 1303 ra,
265 1220 307 1290 et
334 1211 495 1312 integra
525 1213 633 1317 butte
667 1213 862 1315 plumbea
890 1213 994 1292 dicti
1022 1209 1180 1290 domini
1207 1211 1275 1288 du·

176 1334 237 1408 cis
264 1331 434 1421 bullata,
464 1332 572 1414 facta
591 1357 701 1412 anno
732 1334 1034 1454 iucarnationis
1063 1330 1275 1410 dominice

178 1456 290 1530 1293.
331 1452 563 1532 indictione
598 1451 692 1530 Vll.
727 1454 796 1531 dic
840 1453 1077 1552 trigessimo
1119 1449 1277 1528 mensis

176 1571 439 1658 Decembris,
467 1599 490 1652 a
520 1597 586 1650 me
614 1574 799 1652 Antonio
827 1573 993 1664 iudice,
1028 1579 1071 1650 et
1098 1569 1274 1650 notario

176 1691 461 1794 infrascripto,
488 1693 575 1773 visa
604 1702 648 1772 et
677 1695 809 1787 tecta,
838 1694 967 1786 inivit3
996 1690 1108 1782 iecit,
1136 1699 1179 1768 et
1207 1689 1274 1766 tir·

175 1811 301 1886 mavit
325 1820 502 1909 puram,
543 1819 586 1890 et
612 1813 777 1892 tirmam
806 1819 1022 1912 treuguam
1060 1832 1195 1911 usque
1222 1809 1275 1886 ad

174 1927 322 2006 decem
366 1953 499 2007 annos
541 1933 763 2032 proximos
803 1956 915 2010 nnnc
944 1935 1273 2016 venturos,cum
1383 2030 1386 2038 1

174 2047 466 2149 suprascripto
495 2049 668 2128 domino
698 2050 853 2129 comite
882 2050 1097 2149 Georgio,
1126 2048 1274 2150 recipi·

174 2167 274 2254 enti,
304 2173 346 2244 et
373 2168 587 2269 stiputanti
617 2175 700 2246 tam
729 2193 837 2260 suo,
877 2181 920 2247 et
946 2191 1121 2248 suorum
1148 2164 1275 2244 nomi·

174 2311 241 2376 ne,
269 2309 392 2387 quam
422 2288 595 2366 nomine
623 2287 864 2378 hominum,
905 2298 947 2364 et
975 2286 1165 2368 comunis
1205 2283 1273 2362 ΑΙ·

174 2404 294 2496 misii,
309 2407 572 2508 promittens,
600 2405 714 2507 quod
743 2407 959 2507 predictus
982 2407 1175 2484 dominus
1190 2403 1275 2482 dux

173 2549 325 2626 perse
352 2549 428 2604 seu
455 2551 534 2628 per
562 2551 756 2617 comune,
785 2531 828 2604 et
854 2524 1046 2606 homines
1076 2523 1274 2605 Venetia·

174 2667 281 2734 rum,
309 2643 567 2724 habitatores
595 2645 779 2733 tidetes,
815 2657 858 2726 ct
886 2643 1165 2726 districtuates
1199 2671 1273 2724 seu

173 2764 363 2844 subditos
389 2789 589 2844 suosnon
614 2765 811 2852 offendet
840 2790 921 2844 nec
949 2765 1105 2844 offendi
1135 2763 1275 2851 faciet,

172 2909 252 2962 nec
294 2883 450 2962 offendi
477 2889 694 2985 permittet
737 2883 775 2962 iu
804 2885 1001 2989 personis
1043 2885 1107 2962 vei
1146 2888 1273 2964 rebus

174 3006 411 3105 predictum
437 3006 654 3086 dominum
685 3005 891 3084 'comitem
923 3007 1164 3104 Georgium,
1193 3030 1273 3084 nec

174 3124 367 3202 homines
393 3123 573 3214 ,dimisii
599 3127 667 3202 vel
685 3124 878 3204 homines
906 3125 997 3221 ojus
1018 3124 1273 3226 ubicumque

173 3246 416 3334 existentes,
443 3249 517 3324 sed
547 3271 626 3324 eos
655 3267 808 3324 omnes
834 3254 876 3323 et
904 3245 1093 3343 singulos
1121 3245 1161 3321 in
1182 3267 1273 3349 pcr-

172 3365 315 3458 sonis,
345 3367 473 3446 rebus
501 3375 584 3444 tam
613 3368 652 3444 in
688 3367 792 3444 mari
821 3385 943 3468 quam
983 3369 1167 3446 interra
1206 3368 1272 3446 At·

45 3559 48 3564 ,
171 3486 280 3564 misii
307 3487 479 3568 trabebit
506 3488 664 3575 seiros,
696 3495 739 3568 et
766 3508 959 3570 securos.
987 3487 1093 3566 Etin
1123 3503 1273 3566 eorum

172 3605 309 3698 fidem,
337 3616 379 3686 et
407 3607 662 3688 evidentiam
693 3611 935 3712 pleniorem
963 3608 1179 3714 predictus
1201 3609 1272 3685 do·
1334 3630 1336 3636 ’

172 3729 305 3804 minus
333 3751 477 3806 comes
506 3727 716 3827 Georgius
742 3751 923 3830 presens
964 3727 1175 3831 pubiicum
1217 3728 1270 3804 in·

169 3856 447 3926 strumentum
476 3872 550 3926 sua
579 3847 689 3924 butte
708 3859 780 3922 seu
810 3845 947 3946 sigitto
973 3847 1171 3950 pendenti
1188 3871 1273 3925 cer-

171 3993 224 4044 eo
255 3966 461 4046 comuniri
488 3967 709 4044 mundavit.

271 4086 323 4163 Et
350 4086 521 4186 insuper
548 4084 708 4164 domini
735 4083 908 4185 Egidius
936 4084 1059 4162 iudex
1096 4093 1139 4165 et
1176 4087 1272 4164 Leri-

170 4205 307 4284 carius
348 4203 518 4283 Andrea
560 4205 674 4286 cives
705 4189 977 4307 Spatatentes
1017 4205 1200 4305 syndici,
1228 4212 1271 4284 et
