3226 5112
348 595 433 668 tum
461 587 583 666 vobis
611 584 702 666 lieri
730 588 923 666 volumus
965 587 1182 665 universis
1208 607 1286 689 per
1317 582 1438 664 buius

347 709 481 788 nostri
506 707 712 810 privilegii
749 707 938 810 paginam
980 714 1023 784 et
1062 717 1284 798 tenorem,
1325 706 1437 809 qnod

349 827 463 907 omni
483 827 589 926 juris
619 819 891 907 consiliorum
921 833 964 904 et
991 884 1001 907 .
1030 887 1037 902 .
1066 882 1076 904 .
1106 885 1115 906 .
1145 871 1155 886 ·
1184 887 1192 904 .
1224 834 1435 920 .servato‚

351 949 528 1028 eundem
570 947 777 1026 illustrem
820 947 1031 1026 dominum
1074 946 1301 1044 Georgium
1343 970 1436 1024 cum

348 1069 440 1146 eius
467 1067 561 1146 liliis
591 1076 633 1146 et
661 1067 886 1147 heredibus
913 1092 967 1146 ex
994 1095 1046 1146 eo
1069 1066 1250 1166 legitime
1266 1067 1437 1143 descen·

245 1215 248 1232 ¹
349 1188 556 1274 dentibus,
589 1187 628 1266 in
648 1189 839 1266 Venetos
868 1196 909 1266 ct
925 1187 1039 1266 cives
1054 1195 1223 1264 nostros
1241 1210 1291 1265 oc
1305 1185 1356 1262 de
1372 1211 1439 1262 nu·

278 1381 282 1397 ,
349 1333 469 1418 mero
481 1308 680 1388 nobilium
691 1308 1006 1388 nostrimeioris
1021 1306 1184 1386 consilii
1202 1307 1439 1409 recepimus

349 1438 475 1534 atque
506 1431 750 1534 recipimus,
778 1439 818 1509 et
844 1431 1034 1509 Venetos
1062 1435 1103 1506 et
1131 1429 1243 1508 cives
1271 1435 1437 1506 nostros

349 1573 398 1628 ac
416 1551 468 1627 de
485 1557 631 1628 nostro
648 1549 797 1628 maiori
812 1549 987 1628 oonsilio
1005 1550 1181 1629 fecimus
1196 1552 1238 1628 et
1252 1546 1436 1634 facimus,

351 1676 394 1748 et
413 1693 491 1773 pro
507 1669 678 1748 Venetis
707 1675 748 1746 et
776 1669 935 1750 civibus
962 1669 1120 1748 nostris
1149 1693 1198 1746 ac
1226 1665 1439 1745 nobilibus

350 1791 402 1870 de
431 1799 580 1870 nostro
610 1790 760 1870 maiori
786 1791 965 1869 consilio
994 1790 1033 1868 in
1054 1789 1248 1869 Venetiis
1264 1796 1307 1867 et
1321 1795 1441 1866 extra

350 1912 526 1994 ubilibet
552 1911 713 1990 babere
743 1917 786 1987 et
813 1910 961 1988 baberi
988 1914 1179 1990 volumus
1197 1911 1441 2013 pariterque

351 2033 536 2118 tractari,
564 2031 681 2134 ipsos
700 2031 869 2114 sincere,
895 2085 906 2108 .
935 2087 946 2110 .
974 2087 985 2108 .
1014 2089 1022 2106 .
1050 2036 1299 2117 statuentes,
1327 2028 1440 2130 qnod

351 2153 555 2254 deinceps
583 2150 742 2226 eisdem
773 2147 1059 2238 libertatibus,
1089 2150 1326 2240 beneficiis,
1353 2171 1441 2250 gra·

352 2273 434 2366 lits,
452 2270 784 2376 preeminentiis,
810 2271 1057 2356 honoribus.
1077 2270 1442 2370 jurisdictionibus

353 2401 395 2474 et
421 2390 774 2478 immunitatibus,
816 2391 968 2493 quibus
995 2392 1063 2471 alii
1090 2394 1244 2470 Veneti
1278 2391 1442 2471 nobiles

353 2515 405 2590 de
433 2518 582 2591 nostro
612 2511 764 2592 maiori
793 2512 973 2592 consilio
1004 2514 1187 2613 gaudent
1214 2521 1258 2591 et
1283 2511 1445 2616 perfrui

353 2635 674 2733 dignoscuntur,
702 2635 812 2712 idem
841 2634 1014 2712 illustris
1042 2641 1085 2714 et
1111 2633 1357 2735 magnificus
1371 2635 1444 2710 do·

353 2753 490 2831 minus
518 2753 726 2850 Georgius
755 2758 797 2830 e't
824 2753 889 2829 sui
917 2753 988 2832 filii
1018 2761 1061 2832 et
1088 2753 1282 2842 heredes,
1311 2759 1355 2829 ut
1381 2776 1445 2827 su·

354 2897 429 2976 pra
458 2874 497 2950 in
526 2874 718 2952 Venetiis
761 2881 803 2950 et
844 2881 964 2952 extra
1006 2873 1162 2978 ubique
1200 2873 1443 2975 plenissime

353 2994 563 3092 gaudeant
591 3000 632 3068 et
650 2999 827 3072 utantur.
855 2993 902 3072 ln
918 3018 1099 3095 quorum
1117 2995 1303 3072 omnium
1319 2992 1445 3072 iidem

356 3113 638 3192 testimonium
656 3119 697 3190 et
713 3113 965 3192 evidentium
987 3113 1239 3216 pleniorem,
1269 3139 1446 3214 presens

354 3233 620 3337 privilegium
645 3233 736 3310 lieri
754 3235 956 3331 jussimus
973 3243 1015 3314 et
1030 3234 1138 3312 bulla
1153 3241 1299 3313 nostra
1318 3257 1446 3312 aurea

356 3353 566 3455 pendente
594 3355 757 3432 muniri.
787 3355 937 3432 Datum
966 3355 1005 3431 in
1035 3363 1181 3433 nostro
1211 3355 1351 3434 ducali
1377 3379 1446 3457 pa·

355 3476 478 3564 latio,
498 3495 620 3570 'anno
649 3475 886 3560 dominicae
911 3476 1241 3574 incarnationis,
1283 3475 1447 3554 millesi-

356 3619 425 3672 mo
443 3595 861 3696 quadringentesimo
883 3597 1106 3698 trigesimo
1122 3605 1263 3689 sexto,
1289 3598 1444 3675 mensis

357 3715 495 3792 Martii
523 3713 591 3792 die
621 3716 821 3814 vigesimo
850 3721 987 3806 sexto,
1016 3716 1250 3798 indictione
1278 3715 1412 3800 Xllll.

805 3919 917 3987 Liber
940 3922 1102 4012 privileg.
1126 3922 1171 4005 ll,
1196 3923 1328 3990 charte
1349 3927 1401 3992 20.
