3206 5110
333 411 399 474 558

332 617 519 694 dictione
548 640 675 706 nona,
702 614 791 714 Ego
823 615 1021 696 Ordilaos
1044 617 1215 697 llaletro
1245 623 1321 699 Dei
1351 625 1442 722 gro·

332 734 386 813 tia
416 733 501 811 dux
527 737 817 834 Venetiarom,
848 727 1159 829 Dalmatiarum,
1189 752 1315 844 atque
1334 741 1441 822 Cro·
1539 830 1545 842 ,

333 854 571 934 haticorom
599 857 866 958 privilegium
891 859 1024 938 sancti
1043 853 1242 939 Iohannis¹
1270 862 1444 962 Belgra·

331 975 471 1052 densis
513 975 758 1055 monasterii
798 1001 820 1054 a
864 976 1095 1058 Cresimiro
1142 1003 1243 1079 rege
1280 969 1441 1060 tactum

331 1118 411 1192 ego
440 1097 664 1188 collaudo,
705 1107 747 1176 et
773 1097 813 1174 in
842 1123 916 1174 sua
944 1089 1174 1180 stabilitate
1202 1101 1441 1190 confirmo,

331 1219 385 1292 ita
413 1221 457 1290 ut
483 1215 623 1293 nullos
664 1218 897 1319 episcopus
924 1227 994 1296 aut
1020 1243 1197 1306 comes,
1239 1222 1305 1297 vel
1334 1222 1440 1298 civis

322 1335 512 1438 predicti
540 1339 786 1417 monasterii
817 1337 1052 1417 libertatem
1081 1341 1243 1418 riolare
1271 1342 1439 1430 arrdeat;

330 1461 531 1557 qnantum
573 1479 658 1534 non
700 1459 902 1536 solum,a
931 1459 1054 1536 nobis
1096 1459 1438 1538 coolirmandom

328 1601 424 1656 esse
452 1577 640 1669 dicimus,
668 1578 742 1656 sed
772 1603 794 1656 a
824 1581 949 1657 beato
990 1576 1037 1657 (i.
1066 1580 1111 1656 Ρ.
1142 1581 1332 1660 Romane
1368 1607 1437 1659 ur·

329 1697 400 1774 bis·
419 1719 525 1801 papa
554 1699 759 1776 'sancitum
788 1697 828 1775 in
859 1699 944 1776 sois
973 1701 1162 1778 decretis
1202 1723 1299 1778 esse
1337 1723 1436 1800 cog·

181 1892 188 1900 .
328 1818 557 1897 noscimus.
614 1819 727 1896 Volo
755 1818 882 1917 igitur
910 1818 1071 1911 ducali,
1108 1831 1149 1900 el
1179 1822 1312 1920 regali
1341 1845 1436 1899 auo·

329 1940 500 2016 toritate
544 1939 736 2042 firmare,⁸
758 1947 802 2016 ut
829 1938 864 2014 si
892 1939 1090 2040 quislibet
1119 1941 1242 2037 liujus
1271 1939 1436 2018 liberta·

328 2059 380 2137 tis
418 2059 747 2139 concessionem
791 2061 1019 2138 temerario
1062 2085 1164 2138 ausu
1198 2061 1434 2159 intringere

327 2181 608 2280 temptaverit,
639 2180 891 2258 libramaori
919 2180 1047 2280 regali
1064 2181 1170 2260 lisco
1197 2185 1430 2284 persolvat.

328 2299 533 2378 Similiter
559 2301 784 2380 ecclesiam
801 2309 1047 2382 sanctorum
1066 2301 1221 2380 Cosme
1237 2305 1279 2378 et
1295 2301 1433 2381 Dami-

277 2459 279 2466 ·
327 2421 394 2497 oni
423 2419 557 2510 laudo,
584 2431 627 2500 et
656 2421 882 2501 contirmo.
939 2421 1042 2500 ldeo
1072 2427 1115 2498 ot
1143 2445 1333 2520 agnosco
1364 2447 1433 2498 ve·

326 2539 482 2617 raciter
523 2541 654 2619 luisse
683 2542 896 2645 propriam
939 2541 1182 2639 monasterij
1220 2543 1332 2618 beati
1368 2541 1433 2617 lo·

324 2659 470 2738 hannis
498 2661 755 2760 evangeliste
784 2659 1079 2760 Belgradensis
1110 2659 1356 2738 monasterii
1377 2684 1434 2737 ex

326 2783 556 2861 donatione
585 2780 779 2883 episcopi
816 2781 927 2860 illins
957 2779 1135 2860 civitatis
1169 2778 1435 2856 Prestantins

325 2903 522 2989 nomine,
551 2909 595 2982 et
635 2902 813 2980 aliornm
857 2901 1185 3003 episcoporum,¹
1229 2907 1272 2978 et
1313 2899 1435 2976 cives

325 3024 436 3101 illius
478 3023 682 3108 civitatis,
726 3031 767 3101 et
809 3045 981 3100 romane
1032 3023 1143 3100 sedis
1205 3021 1432 3122 Apocrisa·

326 3141 486 3219 riorum
517 3143 892 3222 confirmationem
935 3150 977 3220 et
1019 3144 1139 3224 clero
1183 3149 1226 3217 et
1266 3143 1434 3244 populo

325 3264 525 3344 collaudo
553 3273 595 3342 et
622 3265 806 3343 colirmo
836 3287 927 3342 eam
956 3263 1191 3342 habendam
1221 3266 1432 3365 inperpe-

325 3396 412 3463 tuo.
441 3386 858 3488 Qnicum'queaotem
887 3385 1220 3488 episcoporum,
1262 3392 1334 3462 out
1360 3383 1432 3461 ali·

326 3531 447 3586 orom
476 3505 691 3584 hominnm
719 3505 804 3584 lroe
831 3503 1051 3582 decretum
1080 3503 1312 3604 intringere
1343 3507 1437 3578 ten·

325 3623 488 3715 laverit,
517 3632 560 3705 et
586 3625 663 3702 alia
690 3623 800 3701 illios
828 3619 1014 3704 ecclesie
1040 3622 1264 3726 ¹privilegia
1299 3621 1437 3698 viola·

323 3747 443 3836 verit,
472 3747 720 3846 omniaque
749 3743 940 3844 possidet
969 3744 1008 3819 in
1038 3745 1191 3846 phisco
1216 3743 1356 3822 ducali
1390 3749 1439 3820 et

325 3865 456 3968 regali
483 3865 719 3945 deveniant.
776 3863 868 3942 Hec
897 3865 1071 3943 decreta
1099 3865 1267 3944 scilicet
1304 3859 1440 3940 liber·

324 3989 418 4065 tatis
448 3985 690 4064 monasterii
720 3985 830 4063 beati
859 3984 1029 4063 loannis
1057 3987 1329 4084 evangeliste,
1355 3983 1441 4062 tibi

323 4105 481 4186 Phisoo
513 4105 667 4198 abbati,
696 4105 983 4206 omnibusque
1006 4097 1442 4184 successort'busmis
1580 4085 1588 4255 p

323 4225 503 4306 tirmiter
531 4234 573 4304 et
594 4228 693 4323 jore
720 4229 929 4330 perpetuo
958 4225 1153 4306 tenenda.
