3230 5104
354 616 473 670 cem
503 579 807 670 Ste'fanum
837 591 1038 667 saneti
1067 589 1440 680 flavesceret-

351 721 396 793 to
426 711 581 792 auxilio
622 709 1073 789 Bossinensium
1115 712 1440 794 etTuroho-

332 855 336 863 ‘
351 859 412 912 ru
428 857 481 920 m,
508 831 773 936 provinciam
803 827 837 908 C
852 855 874 907 r
889 856 915 906 o
933 833 1008 908 ati
1025 857 1048 908 e
1076 857 1171 912 ease
1199 834 1439 913 invasurum

348 964 392 1034 et
418 951 620 1057 imprimis
662 974 786 1029 omne
815 949 995 1027 studium
1025 953 1257 1054 positurum
1285 957 1334 1032 ad
1362 953 1438 1032 ob·

347 1073 559 1153 tinendum
591 1070 789 1174 oppidum
820 1069 1031 1148 Ciisse.
1059 1071 1149 1170 Quo
1180 1075 1279 1153 ioco
1309 1099 1439 1154 oceu-

274 1235 281 1244 ·
346 1202 459 1301 pato,
487 1219 570 1297 quo
590 1194 631 1270 in
647 1191 840 1296 periculo
868 1191 938 1270 itte
966 1203 1111 1271 nostre
1139 1193 1328 1273 civitates
1356 1199 1444 1276 siut

346 1316 575 1396 constitute
592 1325 634 1392 et
650 1311 1002 1416 quemadmodum
1019 1322 1189 1418 puteant
1202 1315 1252 1394 ad
1265 1342 1439 1397 omnem

343 1439 612 1519 Turonorum
642 1439 856 1538 impetum,
883 1435 1069 1516 facileab
1087 1438 1284 1516 omnibus
1312 1439 1436 1519 iutel-

345 1560 415 1662 iigi
455 1565 608 1665 potest.
664 1555 946 1654 Quamobrem
1001 1579 1257 1660 magnopere
1288 1585 1437 1640 euven-

342 1682 440 1759 dum
469 1685 561 1766 est,
603 1686 645 1756 et
673 1677 785 1754 omni
825 1701 958 1780 opera
976 1688 1017 1756 et
1036 1701 1137 1754 euru
1165 1679 1439 1767 studendum,

344 1805 388 1876 ut
415 1799 533 1876 iocus
561 1797 632 1876 itte
662 1795 783 1874 Ctis
799 1821 858 1874 se
886 1795 925 1873 in
954 1821 1097 1875 manus
1112 1809 1154 1876 et.
1174 1803 1439 1899 potestatem

340 1919 476 1998 nostri
502 1918 675 1996 dominii
705 1916 859 2004 venian
888 1915 988 1995 ideo
1017 1917 1129 1996 vadit
1158 1943 1267 2020 pars:

443 2037 564 2138 Quod
592 2035 811 2115 mandetur
839 2037 999 2116 rectori
1025 2048 1171 2117 nostro
1202 2041 1438 2142 Spateti‚

341 2165 384 2236 ut
411 2160 526 2236 omni
569 2157 885 2262 opportunitate
926 2167 969 2234 et
996 2159 1215 2258 prudentia
1260 2161 1431 2262 perqui-

342 2287 405 2358 rat
433 2287 476 2357 et
502 2279 572 2358 det
600 2303 772 2384 operum
802 2279 891 2356 sive
937 2303 1031 2356 oum
1065 2277 1212 2357 bano
1254 2277 1436 2360 Puuio

339 2402 428 2477 sive
458 2423 553 2478 oum
582 2399 666 2479 atio
697 2424 964 2502 quoeunque,
993 2401 1063 2501 qui
1090 2398 1247 2477 dietum
1291 2400 1435 2479 iocum

340 2521 442 2597 dare
483 2525 526 2596 et
554 2517 830 2598 effectualiter
854 2519 1067 2620 assignare
1091 2528 1261 2623 posset,
1290 2527 1334 2597 ut
1362 2529 1440 2599 aut

340 2639 581 2720 venditione
596 2647 665 2718 aut
691 2641 881 2743 pignoris
910 2641 1082 2720 nomine
1110 2640 1265 2718 habeat
1291 2639 1433 2743 ipsum

338 2759 539 2874 oppidupa
581 2759 805 2846 Ciisse,
849 2762 1019 2840 nomine
1062 2761 1194 2840 nostri
1244 2759 1437 2853 dominii;

337 2904 416 2982 pro
446 2907 530 2984 quo
556 2880 807 2984 promittere
835 2881 981 2985 possit,
1009 2907 1144 2983 usque
1161 2885 1210 2960 ad
1226 2905 1435 2962 summam

335 3004 584 3081 ducatorum
612 3001 672 3080 X.
703 3001 814 3079 mitte
846 3013 887 3079 et
915 3005 966 3083 ab
997 2999 1093 3078 inde
1123 3001 1230 3078 infre
1272 3001 1431 3082 dando·

338 3143 429 3198 rum
459 3126 502 3198 et
529 3123 909 3208 numerandorum,
952 3121 1174 3219 designato
1216 3121 1341 3198 nobis
1370 3147 1432 3200 se·

336 3243 509 3346 pedicto
540 3241 697 3346 oppido
728 3241 873 3322 Ctisse.
902 3243 1147 3344 Incipiendo
1174 3245 1435 3344 promittere

336 3385 359 3437 a
409 3361 560 3440 minori
611 3387 781 3451 summa,
835 3359 1184 3466 quemadmodum
1239 3365 1432 3466 potuerit

336 3482 482 3560 meiius
512 3491 554 3560 et
581 3482 758 3560 habilius
789 3509 881 3563 cum
911 3482 1088 3561 utititute
1119 3485 1255 3562 nostri
1296 3482 1429 3560 domi·

335 3601 393 3679 nii
420 3601 574 3680 iacere.
617 3604 756 3706 Super
785 3627 864 3706 qua
895 3627 941 3679 re
968 3603 1217 3704 prudentiae
1258 3610 1301 3680 et
1329 3600 1429 3680 fidei

334 3721 435 3798 dicti
462 3725 596 3799 nostri
625 3725 810 3802 rectoris
840 3724 1001 3828 Spoleti
1030 3729 1096 3801 est
1112 3722 1425 3802 confidendum.

332 3835 386 3917 nt
413 3843 657 3920 comittatur
685 3845 744 3928 ei,
787 3845 900 3946 quod
930 3845 1125 3920 omnibus
1166 3843 1356 3920 dexteris
1385 3855 1428 3920 et

332 3959 506 4041 utilibus
534 3961 683 4056 modis,
711 3964 864 4066 quibus
892 3964 1045 4066 poterit
1066 3971 1218 4050 utatur,
1244 3962 1424 4040 consitio

333 4089 375 4160 et
403 4082 615 4164 favoribus
643 4093 686 4164 et
714 4086 1024 4164 contributione
1052 4085 1424 4165 fidetiumnostro·

330 4223 422 4279 rum
451 4205 603 4284 oivium
632 4205 813 4307 Spaieti,
857 4205 1208 4309 quemadmodum
1237 4201 1339 4283 alias
1366 4203 1427 4306 ip·
