<?xml version="1.0" encoding="UTF-8"?>
<!DOCTYPE html PUBLIC "-//W3C//DTD XHTML 1.0 Transitional//EN"
    "http://www.w3.org/TR/xhtml1/DTD/xhtml1-transitional.dtd">
<html xmlns="http://www.w3.org/1999/xhtml" xml:lang="en" lang="en">
 <head>
  <title>
</title>
<meta http-equiv="Content-Type" content="text/html;charset=utf-8" />
  <meta name='ocr-system' content='tesseract 3.04.00' />
  <meta name='ocr-capabilities' content='ocr_page ocr_carea ocr_par ocr_line ocrx_word'/>
</head>
<body>
  <div class='ocr_page' id='page_1' title='image "./actaarchivivene00sergoog_0839.png"; bbox 0 0 3226 5112; ppageno 0'>
   <div class='ocr_carea' id='block_1_1' title="bbox 198 572 1287 1158">
    <p class='ocr_par' dir='ltr' id='par_1_1' title="bbox 198 572 1287 1158">
     <span class='ocr_line' id='line_1_1' title="bbox 199 572 1286 678; baseline 0 -26"><span class='ocrx_word' id='word_1_1' title='bbox 199 599 278 678; x_wconf 81' lang='lat' dir='ltr'><strong>per</strong></span> <span class='ocrx_word' id='word_1_2' title='bbox 306 575 357 652; x_wconf 82' lang='lat' dir='ltr'><strong>ed</strong></span> <span class='ocrx_word' id='word_1_3' title='bbox 385 575 559 652; x_wconf 79' lang='lat' dir='ltr'><strong>ducatos</strong></span> <span class='ocrx_word' id='word_1_4' title='bbox 600 598 679 677; x_wconf 88' lang='lat' dir='ltr'><strong>pro</strong></span> <span class='ocrx_word' id='word_1_5' title='bbox 707 583 928 678; x_wconf 87' lang='lat' dir='ltr'><strong>tempore,</strong></span> <span class='ocrx_word' id='word_1_6' title='bbox 971 597 1058 675; x_wconf 90' lang='lat' dir='ltr'><strong>quo</strong></span> <span class='ocrx_word' id='word_1_7' title='bbox 1098 572 1286 652; x_wconf 74' lang='lat' dir='ltr'><strong>illustris·</strong></span> 
     </span>
     <span class='ocr_line' id='line_1_2' title="bbox 198 694 1287 774; baseline 0.003 -2"><span class='ocrx_word' id='word_1_8' title='bbox 198 698 347 774; x_wconf 88' lang='lat' dir='ltr'><strong>simum</strong></span> <span class='ocrx_word' id='word_1_9' title='bbox 375 694 605 772; x_wconf 90' lang='lat' dir='ltr'><strong>dominium</strong></span> <span class='ocrx_word' id='word_1_10' title='bbox 632 697 904 772; x_wconf 87' lang='lat' dir='ltr'><strong>Venetierum</strong></span> <span class='ocrx_word' id='word_1_11' title='bbox 933 716 1006 771; x_wconf 84' lang='lat' dir='ltr'><strong>eas</strong></span> <span class='ocrx_word' id='word_1_12' title='bbox 1043 695 1186 772; x_wconf 87' lang='lat' dir='ltr'><strong>tenuit.</strong></span> <span class='ocrx_word' id='word_1_13' title='bbox 1234 695 1287 774; x_wconf 79' lang='lat' dir='ltr'><strong>nt</strong></span> 
     </span>
     <span class='ocr_line' id='line_1_3' title="bbox 198 793 1287 916; baseline -0.001 -24"><span class='ocrx_word' id='word_1_14' title='bbox 198 840 251 892; x_wconf 80' lang='lat' dir='ltr'><strong>ex</strong></span> <span class='ocrx_word' id='word_1_15' title='bbox 280 793 458 894; x_wconf 72' lang='lat' dir='ltr'><strong>ed&#39;verso</strong></span> <span class='ocrx_word' id='word_1_16' title='bbox 493 815 825 916; x_wconf 76' lang='lat' dir='ltr'><strong>responderetur</strong></span> <span class='ocrx_word' id='word_1_17' title='bbox 860 838 938 914; x_wconf 87' lang='lat' dir='ltr'><strong>per</strong></span> <span class='ocrx_word' id='word_1_18' title='bbox 975 813 1179 914; x_wconf 78' lang='lat' dir='ltr'><strong>prefatum</strong></span> <span class='ocrx_word' id='word_1_19' title='bbox 1218 813 1287 892; x_wconf 90' lang='lat' dir='ltr'><strong>do·</strong></span> 
     </span>
     <span class='ocr_line' id='line_1_4' title="bbox 198 935 1286 1040; baseline -0.001 -27"><span class='ocrx_word' id='word_1_20' title='bbox 198 935 352 1013; x_wconf 90' lang='lat' dir='ltr'><strong>minum</strong></span> <span class='ocrx_word' id='word_1_21' title='bbox 380 935 599 1013; x_wconf 80' lang='lat' dir='ltr'><strong>Nicolaum</strong></span> <span class='ocrx_word' id='word_1_22' title='bbox 629 935 775 1040; x_wconf 86' lang='lat' dir='ltr'><strong>Memo</strong></span> <span class='ocrx_word' id='word_1_23' title='bbox 802 941 1018 1012; x_wconf 83' lang='lat' dir='ltr'><strong>oretorem</strong></span> <span class='ocrx_word' id='word_1_24' title='bbox 1046 941 1127 1012; x_wconf 90' lang='lat' dir='ltr'><strong>etc.</strong></span> <span class='ocrx_word' id='word_1_25' title='bbox 1155 936 1286 1013; x_wconf 92' lang='lat' dir='ltr'><strong>nomi·</strong></span> 
     </span>
     <span class='ocr_line' id='line_1_5' title="bbox 198 1053 1284 1158; baseline 0.001 -26"><span class='ocrx_word' id='word_1_26' title='bbox 198 1081 251 1132; x_wconf 88' lang='lat' dir='ltr'><strong>ne</strong></span> <span class='ocrx_word' id='word_1_27' title='bbox 280 1081 366 1158; x_wconf 90' lang='lat' dir='ltr'><strong>quo</strong></span> <span class='ocrx_word' id='word_1_28' title='bbox 395 1079 541 1156; x_wconf 80' lang='lat' dir='ltr'><strong>supra:</strong></span> <span class='ocrx_word' id='word_1_29' title='bbox 570 1058 683 1156; x_wconf 90' lang='lat' dir='ltr'><strong>quod</strong></span> <span class='ocrx_word' id='word_1_30' title='bbox 712 1054 877 1133; x_wconf 85' lang='lat' dir='ltr'><strong>illustre</strong></span> <span class='ocrx_word' id='word_1_31' title='bbox 905 1053 1135 1132; x_wconf 88' lang='lat' dir='ltr'><strong>dominium</strong></span> <span class='ocrx_word' id='word_1_32' title='bbox 1149 1056 1284 1132; x_wconf 90' lang='lat' dir='ltr'><strong>Vene-</strong></span> 
     </span>
    </p>
   </div>
   <div class='ocr_carea' id='block_1_2' title="bbox 197 1165 1429 1256">
    <p class='ocr_par' dir='ltr' id='par_1_2' title="bbox 197 1165 1429 1256">
     <span class='ocr_line' id='line_1_6' title="bbox 197 1165 1429 1256; baseline -0.003 0"><span class='ocrx_word' id='word_1_33' title='bbox 197 1179 348 1256; x_wconf 82' lang='lat' dir='ltr'><strong>tiorum</strong></span> <span class='ocrx_word' id='word_1_34' title='bbox 375 1201 459 1253; x_wconf 91' lang='lat' dir='ltr'><strong>uon</strong></span> <span class='ocrx_word' id='word_1_35' title='bbox 487 1177 708 1252; x_wconf 79' lang='lat' dir='ltr'><strong>tenebatur</strong></span> <span class='ocrx_word' id='word_1_36' title='bbox 735 1178 785 1252; x_wconf 83' lang='lat' dir='ltr'><strong>ud</strong></span> <span class='ocrx_word' id='word_1_37' title='bbox 822 1174 1080 1252; x_wconf 87' lang='lat' dir='ltr'><strong>solutionem</strong></span> <span class='ocrx_word' id='word_1_38' title='bbox 1115 1176 1284 1252; x_wconf 79' lang='lat' dir='ltr'><strong>ducato·</strong></span> <span class='ocrx_word' id='word_1_39' title='bbox 1426 1165 1429 1170; x_wconf 63' lang='grc'><strong>’</strong></span> 
     </span>
    </p>
   </div>
   <div class='ocr_carea' id='block_1_3' title="bbox 194 1294 1318 4052">
    <p class='ocr_par' dir='ltr' id='par_1_3' title="bbox 194 1294 1318 4052">
     <span class='ocr_line' id='line_1_7' title="bbox 197 1294 1287 1396; baseline -0.002 -20"><span class='ocrx_word' id='word_1_40' title='bbox 197 1321 291 1376; x_wconf 85' lang='lat' dir='ltr'><strong>rum</strong></span> <span class='ocrx_word' id='word_1_41' title='bbox 319 1296 435 1374; x_wconf 84' lang='lat' dir='ltr'><strong>mille</strong></span> <span class='ocrx_word' id='word_1_42' title='bbox 463 1295 685 1386; x_wconf 82' lang='lat' dir='ltr'><strong>aunuatim,</strong></span> <span class='ocrx_word' id='word_1_43' title='bbox 712 1295 790 1372; x_wconf 84' lang='lat' dir='ltr'><strong>nisi</strong></span> <span class='ocrx_word' id='word_1_44' title='bbox 829 1319 851 1370; x_wconf 86' lang='lat' dir='ltr'><strong>u</strong></span> <span class='ocrx_word' id='word_1_45' title='bbox 888 1296 955 1372; x_wconf 92' lang='lat' dir='ltr'><strong>die</strong></span> <span class='ocrx_word' id='word_1_46' title='bbox 984 1318 1068 1395; x_wconf 89' lang='lat' dir='ltr'><strong>quo</strong></span> <span class='ocrx_word' id='word_1_47' title='bbox 1098 1294 1287 1396; x_wconf 79' lang='lat' dir='ltr'><strong>prefatus</strong></span> 
     </span>
     <span class='ocr_line' id='line_1_8' title="bbox 197 1415 1288 1520; baseline -0.002 -26"><span class='ocrx_word' id='word_1_48' title='bbox 197 1417 474 1495; x_wconf 82' lang='lat' dir='ltr'><strong>ittustrtsimus</strong></span> <span class='ocrx_word' id='word_1_49' title='bbox 514 1416 708 1494; x_wconf 86' lang='lat' dir='ltr'><strong>dominus</strong></span> <span class='ocrx_word' id='word_1_50' title='bbox 750 1417 955 1518; x_wconf 87' lang='lat' dir='ltr'><strong>despotue</strong></span> <span class='ocrx_word' id='word_1_51' title='bbox 989 1437 1137 1520; x_wconf 82' lang='lat' dir='ltr'><strong>paoem</strong></span> <span class='ocrx_word' id='word_1_52' title='bbox 1166 1415 1288 1492; x_wconf 81' lang='lat' dir='ltr'><strong>edim·</strong></span> 
     </span>
     <span class='ocr_line' id='line_1_9' title="bbox 197 1535 1284 1641; baseline -0.001 -26"><span class='ocrx_word' id='word_1_53' title='bbox 197 1538 338 1641; x_wconf 80' lang='lat' dir='ltr'><strong>olevit,</strong></span> <span class='ocrx_word' id='word_1_54' title='bbox 364 1536 567 1616; x_wconf 84' lang='lat' dir='ltr'><strong>videlicet</strong></span> <span class='ocrx_word' id='word_1_55' title='bbox 582 1563 603 1614; x_wconf 83' lang='lat' dir='ltr'><strong>u</strong></span> <span class='ocrx_word' id='word_1_56' title='bbox 620 1536 688 1614; x_wconf 89' lang='lat' dir='ltr'><strong>die</strong></span> <span class='ocrx_word' id='word_1_57' title='bbox 705 1561 789 1638; x_wconf 93' lang='lat' dir='ltr'><strong>quo</strong></span> <span class='ocrx_word' id='word_1_58' title='bbox 807 1538 966 1614; x_wconf 80' lang='lat' dir='ltr'><strong>destrui</strong></span> <span class='ocrx_word' id='word_1_59' title='bbox 987 1535 1086 1616; x_wconf 85' lang='lat' dir='ltr'><strong>iecit</strong></span> <span class='ocrx_word' id='word_1_60' title='bbox 1101 1541 1284 1616; x_wconf 79' lang='lat' dir='ltr'><strong>castrum</strong></span> 
     </span>
     <span class='ocr_line' id='line_1_10' title="bbox 198 1656 1318 1763; baseline 0.005 -31"><span class='ocrx_word' id='word_1_61' title='bbox 198 1657 532 1748; x_wconf 60' lang='lat' dir='ltr'><strong>Zorzeuez,</strong></span> <span class='ocrx_word' id='word_1_62' title='bbox 574 1659 688 1758; x_wconf 89' lang='lat' dir='ltr'><strong>quod</strong></span> <span class='ocrx_word' id='word_1_63' title='bbox 730 1662 912 1736; x_wconf 79' lang='lat' dir='ltr'><strong>castrum</strong></span> <span class='ocrx_word' id='word_1_64' title='bbox 953 1657 1113 1734; x_wconf 82' lang='lat' dir='ltr'><strong>destrui</strong></span> <span class='ocrx_word' id='word_1_65' title='bbox 1141 1656 1318 1763; x_wconf 11' lang='lat' dir='ltr'><strong>iecere*</strong></span> 
     </span>
     <span class='ocr_line' id='line_1_11' title="bbox 197 1776 1287 1882; baseline 0 -26"><span class='ocrx_word' id='word_1_66' title='bbox 197 1782 423 1858; x_wconf 78' lang='lat' dir='ltr'><strong>tenebatur</strong></span> <span class='ocrx_word' id='word_1_67' title='bbox 436 1779 586 1878; x_wconf 86' lang='lat' dir='ltr'><strong>vigore</strong></span> <span class='ocrx_word' id='word_1_68' title='bbox 612 1779 742 1882; x_wconf 81' lang='lat' dir='ltr'><strong>pacis,</strong></span> <span class='ocrx_word' id='word_1_69' title='bbox 771 1776 1106 1875; x_wconf 84' lang='lat' dir='ltr'><strong>siveconcordij,</strong></span> <span class='ocrx_word' id='word_1_70' title='bbox 1134 1783 1177 1856; x_wconf 87' lang='lat' dir='ltr'><strong>et</strong></span> <span class='ocrx_word' id='word_1_71' title='bbox 1195 1785 1287 1856; x_wconf 85' lang='lat' dir='ltr'><strong>eret</strong></span> 
     </span>
     <span class='ocr_line' id='line_1_12' title="bbox 197 1899 1312 1980; baseline 0 0"><span class='ocrx_word' id='word_1_72' title='bbox 197 1899 436 1980; x_wconf 83' lang='lat' dir='ltr'><strong>introitibus</strong></span> <span class='ocrx_word' id='word_1_73' title='bbox 465 1925 634 1979; x_wconf 87' lang='lat' dir='ltr'><strong>camere</strong></span> <span class='ocrx_word' id='word_1_74' title='bbox 670 1926 719 1980; x_wconf 83' lang='lat' dir='ltr'><strong>ac</strong></span> <span class='ocrx_word' id='word_1_75' title='bbox 754 1899 993 1977; x_wconf 86' lang='lat' dir='ltr'><strong>hominibus</strong></span> <span class='ocrx_word' id='word_1_76' title='bbox 1019 1901 1312 1980; x_wconf 84' lang='lat' dir='ltr'><strong>commitatus</strong></span> 
     </span>
     <span class='ocr_line' id='line_1_13' title="bbox 195 2019 1286 2123; baseline 0 -23"><span class='ocrx_word' id='word_1_77' title='bbox 195 2019 401 2100; x_wconf 83' lang='lat' dir='ltr'><strong>Ceteri</strong></span> <span class='ocrx_word' id='word_1_78' title='bbox 440 2020 663 2122; x_wconf 86' lang='lat' dir='ltr'><strong>plurimum</strong></span> <span class='ocrx_word' id='word_1_79' title='bbox 701 2021 972 2108; x_wconf 79' lang='lat' dir='ltr'><strong>damnosum,</strong></span> <span class='ocrx_word' id='word_1_80' title='bbox 1028 2045 1122 2100; x_wconf 91' lang='lat' dir='ltr'><strong>cum</strong></span> <span class='ocrx_word' id='word_1_81' title='bbox 1159 2043 1286 2123; x_wconf 80' lang='lat' dir='ltr'><strong>cupre</strong></span> 
     </span>
     <span class='ocr_line' id='line_1_14' title="bbox 198 2139 1287 2242; baseline -0.004 -22"><span class='ocrx_word' id='word_1_82' title='bbox 198 2141 418 2221; x_wconf 87' lang='lat' dir='ltr'><strong>territorio</strong></span> <span class='ocrx_word' id='word_1_83' title='bbox 447 2139 588 2219; x_wconf 82' lang='lat' dir='ltr'><strong>Ceteri</strong></span> <span class='ocrx_word' id='word_1_84' title='bbox 618 2145 731 2218; x_wconf 87' lang='lat' dir='ltr'><strong>esset</strong></span> <span class='ocrx_word' id='word_1_85' title='bbox 760 2139 1012 2218; x_wconf 81' lang='lat' dir='ltr'><strong>edificatum.</strong></span> <span class='ocrx_word' id='word_1_86' title='bbox 1046 2139 1191 2218; x_wconf 88' lang='lat' dir='ltr'><strong>Item</strong></span> <span class='ocrx_word' id='word_1_87' title='bbox 1219 2163 1287 2242; x_wconf 85' lang='lat' dir='ltr'><strong>pe·</strong></span> 
     </span>
     <span class='ocr_line' id='line_1_15' title="bbox 198 2259 1285 2364; baseline -0.007 -20"><span class='ocrx_word' id='word_1_88' title='bbox 198 2270 392 2344; x_wconf 79' lang='lat' dir='ltr'><strong>tenentur</strong></span> <span class='ocrx_word' id='word_1_89' title='bbox 419 2285 606 2364; x_wconf 83' lang='lat' dir='ltr'><strong>expense</strong></span> <span class='ocrx_word' id='word_1_90' title='bbox 635 2262 746 2340; x_wconf 82' lang='lat' dir='ltr'><strong>secte</strong></span> <span class='ocrx_word' id='word_1_91' title='bbox 774 2286 851 2363; x_wconf 89' lang='lat' dir='ltr'><strong>per</strong></span> <span class='ocrx_word' id='word_1_92' title='bbox 880 2260 1079 2348; x_wconf 83' lang='lat' dir='ltr'><strong>comites,</strong></span> <span class='ocrx_word' id='word_1_93' title='bbox 1107 2264 1150 2336; x_wconf 89' lang='lat' dir='ltr'><strong>et</strong></span> <span class='ocrx_word' id='word_1_94' title='bbox 1178 2259 1285 2364; x_wconf 84' lang='lat' dir='ltr'><strong>copi·</strong></span> 
     </span>
     <span class='ocr_line' id='line_1_16' title="bbox 198 2380 1284 2479; baseline -0.002 -19"><span class='ocrx_word' id='word_1_95' title='bbox 198 2390 365 2462; x_wconf 81' lang='lat' dir='ltr'><strong>toneum</strong></span> <span class='ocrx_word' id='word_1_96' title='bbox 410 2381 578 2461; x_wconf 73' lang='lat' dir='ltr'><strong>lentari</strong></span> <span class='ocrx_word' id='word_1_97' title='bbox 620 2394 662 2460; x_wconf 89' lang='lat' dir='ltr'><strong>et</strong></span> <span class='ocrx_word' id='word_1_98' title='bbox 690 2380 829 2460; x_wconf 83' lang='lat' dir='ltr'><strong>Catari</strong></span> <span class='ocrx_word' id='word_1_99' title='bbox 858 2385 899 2458; x_wconf 90' lang='lat' dir='ltr'><strong>iu</strong></span> <span class='ocrx_word' id='word_1_100' title='bbox 928 2381 1112 2479; x_wconf 85' lang='lat' dir='ltr'><strong>guerris,</strong></span> <span class='ocrx_word' id='word_1_101' title='bbox 1148 2389 1191 2459; x_wconf 91' lang='lat' dir='ltr'><strong>et</strong></span> <span class='ocrx_word' id='word_1_102' title='bbox 1217 2407 1284 2458; x_wconf 90' lang='lat' dir='ltr'><strong>ue·</strong></span> 
     </span>
     <span class='ocr_line' id='line_1_17' title="bbox 198 2499 1286 2605; baseline -0.004 -23"><span class='ocrx_word' id='word_1_103' title='bbox 198 2499 464 2582; x_wconf 81' lang='lat' dir='ltr'><strong>cessitetibue</strong></span> <span class='ocrx_word' id='word_1_104' title='bbox 492 2503 624 2605; x_wconf 86' lang='lat' dir='ltr'><strong>ipsius</strong></span> <span class='ocrx_word' id='word_1_105' title='bbox 652 2499 919 2598; x_wconf 84' lang='lat' dir='ltr'><strong>illustrissimi</strong></span> <span class='ocrx_word' id='word_1_106' title='bbox 933 2499 1092 2581; x_wconf 89' lang='lat' dir='ltr'><strong>domiui</strong></span> <span class='ocrx_word' id='word_1_107' title='bbox 1105 2500 1286 2604; x_wconf 73' lang='lat' dir='ltr'><strong>desueti,</strong></span> 
     </span>
     <span class='ocr_line' id='line_1_18' title="bbox 197 2622 1286 2725; baseline -0.006 -22"><span class='ocrx_word' id='word_1_108' title='bbox 197 2626 250 2703; x_wconf 89' lang='lat' dir='ltr'><strong>de</strong></span> <span class='ocrx_word' id='word_1_109' title='bbox 277 2623 495 2700; x_wconf 68' lang='lat' dir='ltr'><strong>voluntate</strong></span> <span class='ocrx_word' id='word_1_110' title='bbox 536 2631 576 2702; x_wconf 91' lang='lat' dir='ltr'><strong>et</strong></span> <span class='ocrx_word' id='word_1_111' title='bbox 618 2622 766 2702; x_wconf 88' lang='lat' dir='ltr'><strong>ordine</strong></span> <span class='ocrx_word' id='word_1_112' title='bbox 793 2648 899 2708; x_wconf 87' lang='lat' dir='ltr'><strong>suo,</strong></span> <span class='ocrx_word' id='word_1_113' title='bbox 940 2631 983 2700; x_wconf 93' lang='lat' dir='ltr'><strong>ut</strong></span> <span class='ocrx_word' id='word_1_114' title='bbox 1011 2626 1126 2725; x_wconf 87' lang='lat' dir='ltr'><strong>putet</strong></span> <span class='ocrx_word' id='word_1_115' title='bbox 1154 2622 1286 2700; x_wconf 80' lang='lat' dir='ltr'><strong>literis</strong></span> 
     </span>
     <span class='ocr_line' id='line_1_19' title="bbox 196 2741 1284 2846; baseline -0.001 -25"><span class='ocrx_word' id='word_1_116' title='bbox 196 2743 291 2829; x_wconf 85' lang='lat' dir='ltr'><strong>suis,</strong></span> <span class='ocrx_word' id='word_1_117' title='bbox 321 2767 403 2845; x_wconf 89' lang='lat' dir='ltr'><strong>que</strong></span> <span class='ocrx_word' id='word_1_118' title='bbox 432 2741 597 2845; x_wconf 89' lang='lat' dir='ltr'><strong>quidem</strong></span> <span class='ocrx_word' id='word_1_119' title='bbox 627 2768 814 2846; x_wconf 82' lang='lat' dir='ltr'><strong>expense</strong></span> <span class='ocrx_word' id='word_1_120' title='bbox 844 2742 1074 2836; x_wconf 72' lang='lat' dir='ltr'><strong>escendunt</strong></span> <span class='ocrx_word' id='word_1_121' title='bbox 1102 2743 1153 2822; x_wconf 82' lang='lat' dir='ltr'><strong>ad</strong></span> <span class='ocrx_word' id='word_1_122' title='bbox 1179 2764 1284 2841; x_wconf 84' lang='lat' dir='ltr'><strong>meg·</strong></span> 
     </span>
     <span class='ocr_line' id='line_1_20' title="bbox 196 2863 1285 2965; baseline -0.003 -25"><span class='ocrx_word' id='word_1_123' title='bbox 196 2863 586 2942; x_wconf 81' lang='lat' dir='ltr'><strong>nem&#39;dcnnriorum</strong></span> <span class='ocrx_word' id='word_1_124' title='bbox 615 2887 830 2942; x_wconf 84' lang='lat' dir='ltr'><strong>summam.</strong></span> <span class='ocrx_word' id='word_1_125' title='bbox 876 2863 929 2940; x_wconf 86' lang='lat' dir='ltr'><strong>Et</strong></span> <span class='ocrx_word' id='word_1_126' title='bbox 956 2864 1006 2940; x_wconf 80' lang='lat' dir='ltr'><strong>ad</strong></span> <span class='ocrx_word' id='word_1_127' title='bbox 1035 2869 1197 2965; x_wconf 81' lang='lat' dir='ltr'><strong>partem</strong></span> <span class='ocrx_word' id='word_1_128' title='bbox 1226 2885 1285 2938; x_wconf 92' lang='lat' dir='ltr'><strong>re·</strong></span> 
     </span>
     <span class='ocr_line' id='line_1_21' title="bbox 196 2981 1285 3088; baseline 0 -28"><span class='ocrx_word' id='word_1_129' title='bbox 196 2984 395 3062; x_wconf 81' lang='lat' dir='ltr'><strong>iectionis</strong></span> <span class='ocrx_word' id='word_1_130' title='bbox 423 2987 475 3062; x_wconf 84' lang='lat' dir='ltr'><strong>nb</strong></span> <span class='ocrx_word' id='word_1_131' title='bbox 502 3007 689 3088; x_wconf 81' lang='lat' dir='ltr'><strong>yperper</strong></span> <span class='ocrx_word' id='word_1_132' title='bbox 716 2984 766 3060; x_wconf 86' lang='lat' dir='ltr'><strong>ed</strong></span> <span class='ocrx_word' id='word_1_133' title='bbox 794 2983 988 3062; x_wconf 81' lang='lat' dir='ltr'><strong>ducatum</strong></span> <span class='ocrx_word' id='word_1_134' title='bbox 1009 2981 1285 3087; x_wconf 85' lang='lat' dir='ltr'><strong>respondere·</strong></span> 
     </span>
     <span class='ocr_line' id='line_1_22' title="bbox 195 3103 1285 3207; baseline -0.002 -24"><span class='ocrx_word' id='word_1_135' title='bbox 195 3115 276 3192; x_wconf 88' lang='lat' dir='ltr'><strong>tur,</strong></span> <span class='ocrx_word' id='word_1_136' title='bbox 305 3105 418 3206; x_wconf 89' lang='lat' dir='ltr'><strong>quod</strong></span> <span class='ocrx_word' id='word_1_137' title='bbox 448 3128 591 3183; x_wconf 85' lang='lat' dir='ltr'><strong>comes</strong></span> <span class='ocrx_word' id='word_1_138' title='bbox 620 3103 772 3192; x_wconf 83' lang='lat' dir='ltr'><strong>Ceteri,</strong></span> <span class='ocrx_word' id='word_1_139' title='bbox 802 3129 855 3181; x_wconf 87' lang='lat' dir='ltr'><strong>ne</strong></span> <span class='ocrx_word' id='word_1_140' title='bbox 884 3103 1076 3180; x_wconf 85' lang='lat' dir='ltr'><strong>homines</strong></span> <span class='ocrx_word' id='word_1_141' title='bbox 1102 3105 1285 3207; x_wconf 87' lang='lat' dir='ltr'><strong>ipserum</strong></span> 
     </span>
     <span class='ocr_line' id='line_1_23' title="bbox 194 3221 1286 3314; baseline 0 -14"><span class='ocrx_word' id='word_1_142' title='bbox 194 3222 382 3300; x_wconf 79' lang='lat' dir='ltr'><strong>vitiorum</strong></span> <span class='ocrx_word' id='word_1_143' title='bbox 398 3221 646 3301; x_wconf 82' lang='lat' dir='ltr'><strong>devenirent</strong></span> <span class='ocrx_word' id='word_1_144' title='bbox 669 3225 880 3301; x_wconf 80' lang='lat' dir='ltr'><strong>admones</strong></span> <span class='ocrx_word' id='word_1_145' title='bbox 906 3222 932 3298; x_wconf 78' lang='lat' dir='ltr'><strong>d</strong></span> <span class='ocrx_word' id='word_1_146' title='bbox 950 3249 975 3300; x_wconf 92' lang='lat' dir='ltr'><strong>u</strong></span> <span class='ocrx_word' id='word_1_147' title='bbox 991 3247 1013 3299; x_wconf 96' lang='lat' dir='ltr'><strong>r</strong></span> <span class='ocrx_word' id='word_1_148' title='bbox 1027 3247 1048 3298; x_wconf 85' lang='lat' dir='ltr'><strong>e</strong></span> <span class='ocrx_word' id='word_1_149' title='bbox 1064 3251 1083 3302; x_wconf 87' lang='lat' dir='ltr'><strong>s</strong></span> <span class='ocrx_word' id='word_1_150' title='bbox 1099 3248 1122 3300; x_wconf 89' lang='lat' dir='ltr'><strong>e</strong></span> <span class='ocrx_word' id='word_1_151' title='bbox 1138 3247 1162 3302; x_wconf 94' lang='lat' dir='ltr'><strong>u</strong></span> <span class='ocrx_word' id='word_1_152' title='bbox 1179 3225 1232 3302; x_wconf 91' lang='lat' dir='ltr'><strong>ic</strong></span> <span class='ocrx_word' id='word_1_153' title='bbox 1246 3224 1286 3314; x_wconf 88' lang='lat' dir='ltr'><strong>h,</strong></span> 
     </span>
     <span class='ocr_line' id='line_1_24' title="bbox 196 3344 1285 3425; baseline -0.003 0"><span class='ocrx_word' id='word_1_154' title='bbox 196 3353 298 3425; x_wconf 89' lang='lat' dir='ltr'><strong>tunc</strong></span> <span class='ocrx_word' id='word_1_155' title='bbox 324 3344 459 3422; x_wconf 84' lang='lat' dir='ltr'><strong>hostis</strong></span> <span class='ocrx_word' id='word_1_156' title='bbox 488 3351 531 3423; x_wconf 88' lang='lat' dir='ltr'><strong>et</strong></span> <span class='ocrx_word' id='word_1_157' title='bbox 557 3344 728 3424; x_wconf 83' lang='lat' dir='ltr'><strong>rebellis</strong></span> <span class='ocrx_word' id='word_1_158' title='bbox 749 3345 850 3424; x_wconf 91' lang='lat' dir='ltr'><strong>dicti</strong></span> <span class='ocrx_word' id='word_1_159' title='bbox 877 3344 1145 3425; x_wconf 78' lang='lat' dir='ltr'><strong>illustrissimi</strong></span> <span class='ocrx_word' id='word_1_160' title='bbox 1159 3345 1285 3424; x_wconf 90' lang='lat' dir='ltr'><strong>domi·</strong></span> 
     </span>
     <span class='ocr_line' id='line_1_25' title="bbox 195 3464 1285 3570; baseline -0.002 -24"><span class='ocrx_word' id='word_1_161' title='bbox 195 3467 235 3546; x_wconf 93' lang='lat' dir='ltr'><strong>ni</strong></span> <span class='ocrx_word' id='word_1_162' title='bbox 266 3464 448 3567; x_wconf 72' lang='lat' dir='ltr'><strong>despect,</strong></span> <span class='ocrx_word' id='word_1_163' title='bbox 487 3468 658 3545; x_wconf 75' lang='lat' dir='ltr'><strong>cosilio</strong></span> <span class='ocrx_word' id='word_1_164' title='bbox 687 3467 928 3550; x_wconf 88' lang='lat' dir='ltr'><strong>conditione</strong></span> <span class='ocrx_word' id='word_1_165' title='bbox 950 3467 1139 3545; x_wconf 83' lang='lat' dir='ltr'><strong>solvendi</strong></span> <span class='ocrx_word' id='word_1_166' title='bbox 1166 3491 1285 3570; x_wconf 89' lang='lat' dir='ltr'><strong>yper·</strong></span> 
     </span>
     <span class='ocr_line' id='line_1_26' title="bbox 197 3589 1284 3691; baseline 0 -27"><span class='ocrx_word' id='word_1_167' title='bbox 197 3611 278 3689; x_wconf 85' lang='lat' dir='ltr'><strong>per</strong></span> <span class='ocrx_word' id='word_1_168' title='bbox 305 3589 484 3689; x_wconf 77' lang='lat' dir='ltr'><strong>accepit,</strong></span> <span class='ocrx_word' id='word_1_169' title='bbox 525 3613 648 3690; x_wconf 86' lang='lat' dir='ltr'><strong>quem</strong></span> <span class='ocrx_word' id='word_1_170' title='bbox 676 3589 1001 3691; x_wconf 86' lang='lat' dir='ltr'><strong>promissionem</strong></span> <span class='ocrx_word' id='word_1_171' title='bbox 1030 3589 1066 3665; x_wconf 87' lang='lat' dir='ltr'><strong>si</strong></span> <span class='ocrx_word' id='word_1_172' title='bbox 1093 3589 1284 3668; x_wconf 87' lang='lat' dir='ltr'><strong>dominus</strong></span> 
     </span>
     <span class='ocr_line' id='line_1_27' title="bbox 194 3706 1285 3811; baseline 0.003 -28"><span class='ocrx_word' id='word_1_173' title='bbox 194 3707 396 3811; x_wconf 81' lang='lat' dir='ltr'><strong>despotue</strong></span> <span class='ocrx_word' id='word_1_174' title='bbox 447 3706 507 3784; x_wconf 87' lang='lat' dir='ltr'><strong>eis</strong></span> <span class='ocrx_word' id='word_1_175' title='bbox 556 3719 729 3788; x_wconf 81' lang='lat' dir='ltr'><strong>servare</strong></span> <span class='ocrx_word' id='word_1_176' title='bbox 769 3711 953 3786; x_wconf 87' lang='lat' dir='ltr'><strong>voluerit</strong></span> <span class='ocrx_word' id='word_1_177' title='bbox 993 3709 1285 3811; x_wconf 86' lang='lat' dir='ltr'><strong>benequidem‚</strong></span> 
     </span>
     <span class='ocr_line' id='line_1_28' title="bbox 195 3828 1284 3932; baseline 0.004 -27"><span class='ocrx_word' id='word_1_178' title='bbox 195 3829 368 3931; x_wconf 81' lang='lat' dir='ltr'><strong>quando</strong></span> <span class='ocrx_word' id='word_1_179' title='bbox 396 3852 500 3905; x_wconf 88' lang='lat' dir='ltr'><strong>vero</strong></span> <span class='ocrx_word' id='word_1_180' title='bbox 528 3853 629 3921; x_wconf 88' lang='lat' dir='ltr'><strong>non,</strong></span> <span class='ocrx_word' id='word_1_181' title='bbox 656 3834 800 3932; x_wconf 88' lang='lat' dir='ltr'><strong>potest</strong></span> <span class='ocrx_word' id='word_1_182' title='bbox 825 3832 875 3908; x_wconf 86' lang='lat' dir='ltr'><strong>ab</strong></span> <span class='ocrx_word' id='word_1_183' title='bbox 906 3828 966 3906; x_wconf 86' lang='lat' dir='ltr'><strong>eis</strong></span> <span class='ocrx_word' id='word_1_184' title='bbox 993 3829 1112 3928; x_wconf 87' lang='lat' dir='ltr'><strong>exigi·</strong></span> <span class='ocrx_word' id='word_1_185' title='bbox 1142 3831 1284 3908; x_wconf 81' lang='lat' dir='ltr'><strong>iecere</strong></span> 
     </span>
     <span class='ocr_line' id='line_1_29' title="bbox 194 3947 1282 4052; baseline 0.004 -30"><span class='ocrx_word' id='word_1_186' title='bbox 194 3947 396 4051; x_wconf 88' lang='lat' dir='ltr'><strong>quidquid</strong></span> <span class='ocrx_word' id='word_1_187' title='bbox 425 3953 618 4026; x_wconf 83' lang='lat' dir='ltr'><strong>exectum</strong></span> <span class='ocrx_word' id='word_1_188' title='bbox 646 3973 730 4026; x_wconf 92' lang='lat' dir='ltr'><strong>non</strong></span> <span class='ocrx_word' id='word_1_189' title='bbox 761 3948 853 4040; x_wconf 82' lang='lat' dir='ltr'><strong>fuit,</strong></span> <span class='ocrx_word' id='word_1_190' title='bbox 881 3973 974 4026; x_wconf 90' lang='lat' dir='ltr'><strong>cum</strong></span> <span class='ocrx_word' id='word_1_191' title='bbox 1002 3949 1198 4029; x_wconf 83' lang='lat' dir='ltr'><strong>homines</strong></span> <span class='ocrx_word' id='word_1_192' title='bbox 1227 3951 1282 4052; x_wconf 83' lang='lat' dir='ltr'><strong>ip·</strong></span> 
     </span>
    </p>
   </div>
   <div class='ocr_carea' id='block_1_4' title="bbox 193 4068 1377 4151">
    <p class='ocr_par' dir='ltr' id='par_1_4' title="bbox 193 4068 1377 4151">
     <span class='ocr_line' id='line_1_30' title="bbox 193 4068 1377 4151; baseline 0 -3"><span class='ocrx_word' id='word_1_193' title='bbox 193 4093 334 4148; x_wconf 89' lang='lat' dir='ltr'><strong>surum</strong></span> <span class='ocrx_word' id='word_1_194' title='bbox 361 4069 554 4146; x_wconf 79' lang='lat' dir='ltr'><strong>villarum</strong></span> <span class='ocrx_word' id='word_1_195' title='bbox 582 4068 729 4146; x_wconf 88' lang='lat' dir='ltr'><strong>sintin</strong></span> <span class='ocrx_word' id='word_1_196' title='bbox 759 4093 898 4146; x_wconf 87' lang='lat' dir='ltr'><strong>rerum</strong></span> <span class='ocrx_word' id='word_1_197' title='bbox 929 4079 1088 4149; x_wconf 83' lang='lat' dir='ltr'><strong>nature.</strong></span> <span class='ocrx_word' id='word_1_198' title='bbox 1116 4073 1281 4151; x_wconf 81' lang='lat' dir='ltr'><strong>Etcum</strong></span> <span class='ocrx_word' id='word_1_199' title='bbox 1376 4090 1377 4094; x_wconf 74' lang='grc'>’</span> 
     </span>
    </p>
   </div>
   <div class='ocr_carea' id='block_1_5' title="bbox 203 4187 1282 4302">
    <p class='ocr_par' dir='ltr' id='par_1_5' title="bbox 203 4187 1282 4302">
     <span class='ocr_line' id='line_1_31' title="bbox 203 4187 1282 4302; baseline 0.006 -37"><span class='ocrx_word' id='word_1_200' title='bbox 203 4190 320 4292; x_wconf 80' lang='lat' dir='ltr'><strong>plura</strong></span> <span class='ocrx_word' id='word_1_201' title='bbox 348 4213 477 4291; x_wconf 85' lang='lat' dir='ltr'><strong>super</strong></span> <span class='ocrx_word' id='word_1_202' title='bbox 503 4187 576 4302; x_wconf 80' lang='lat' dir='ltr'><strong>his</strong></span> <span class='ocrx_word' id='word_1_203' title='bbox 596 4189 731 4270; x_wconf 86' lang='lat' dir='ltr'><strong>tribus</strong></span> <span class='ocrx_word' id='word_1_204' title='bbox 758 4189 880 4280; x_wconf 84' lang='lat' dir='ltr'><strong>dicte,</strong></span> <span class='ocrx_word' id='word_1_205' title='bbox 907 4193 1116 4293; x_wconf 86' lang='lat' dir='ltr'><strong>producte</strong></span> <span class='ocrx_word' id='word_1_206' title='bbox 1158 4217 1206 4271; x_wconf 85' lang='lat' dir='ltr'><strong>ac</strong></span> <span class='ocrx_word' id='word_1_207' title='bbox 1232 4193 1282 4299; x_wconf 79' lang='lat' dir='ltr'><strong>ui·</strong></span> 
     </span>
    </p>
   </div>
   <div class='ocr_carea' id='block_1_6' title="bbox 0 0 1618 5112">
    <p class='ocr_par' dir='ltr' id='par_1_6' title="bbox 0 0 1618 5112">
     <span class='ocr_line' id='line_1_32' title="bbox 0 0 1618 5112; baseline 0 2"><span class='ocrx_word' id='word_1_208' title='bbox 0 0 1618 5112; x_wconf 95' lang='lat' dir='ltr'><strong> </strong></span> 
     </span>
    </p>
   </div>
  </div>
 </body>
</html>
