3192 5112
1201 361 1262 433 tet

175 577 293 677 quod
320 577 358 653 in
387 571 581 656 omnibus
610 559 876 681 possibilibus
903 575 1040 662 uobis,
1068 599 1145 653 nos
1172 519 1261 654 red·

174 697 311 774 dimus
341 695 593 776 favorabiles
621 707 662 776 et
689 707 858 801 paratos
886 695 935 772 ad
964 701 1127 782 cuncta.
1157 719 1263 798 quae
1384 733 1387 742 2

176 817 226 893 ad
253 843 373 894 suum
412 821 607 920 spectare
644 817 808 922 possint
834 815 1001 904 bonurn,
1038 815 1263 895 comodum

176 941 219 1012 et
245 934 471 1014 honorem.
501 935 628 1034 Cujus
652 938 878 1040 responsio
908 935 1091 1037 capituli,
1119 934 1263 1014 habito

176 1053 432 1157 sapientibus
475 1056 688 1158 colloquio
727 1083 820 1136 cum
849 1058 1120 1133 ambaxatore
1147 1078 1264 1158 prae·
1309 1048 1314 1055 ’

176 1177 277 1255 dicti
327 1178 482 1256 domiui
519 1178 626 1270 bani,
667 1179 833 1258 videtur
872 1177 950 1278 ipsi
992 1175 1266 1257 ambassatori

179 1320 273 1373 esse
302 1297 503 1389 honesta,
531 1297 794 1378 racionabilis
834 1304 958 1400 atque
986 1300 1156 1378 decens.
1203 1295 1268 1376 nd

180 1420 399 1497 tertium
426 1444 529 1496 vero
558 1419 671 1523 quod
689 1427 753 1498 est
778 1419 997 1499 conclusio
1027 1418 1268 1522 praedictae
1326 1429 1330 1438 ’

180 1536 450 1616 ambassadac
478 1565 592 1634 suae,
621 1565 848 1646 perquam
878 1541 1002 1618 offert
1028 1565 1075 1617 se
1104 1546 1147 1619 et
1175 1539 1268 1618 loca

181 1684 255 1735 sua
283 1660 444 1738 crmctis
472 1661 709 1739 honoribus
737 1669 779 1738 et
794 1660 1066 1762 beneplacitis
1083 1659 1269 1750 dominii,

182 1783 488 1883 respondeatur
527 1807 622 1860 cum
664 1781 822 1885 pulcris
871 1781 1025 1870 verbis,
1061 1779 1270 1860 videlicet:

184 1901 295 2003 quod
323 1903 385 1977 sic
401 1901 454 1978 de
469 1903 598 2004 ipsius
625 1901 931 2001 magnificentia
960 1899 1126 1978 indubie
1146 1899 1275 2008 iidem

184 2022 389 2122 gessimus
431 2029 472 2098 et
513 2023 699 2122 gerimus
741 2021 981 2125 specialem,
1009 2029 1051 2098 et
1092 2021 1147 2098 ob
1189 2017 1271 2097 hoc

183 2141 425 2245 praedictae
464 2165 564 2220 suae
600 2137 938 2243 magnificentiae
967 2145 1016 2222 ad
1046 2142 1271 2242 gratiarum

183 2263 417 2362 asurgimus
446 2263 644 2350 actiones,
680 2271 721 2341 et
750 2264 902 2341 merito
941 2269 1131 2340 tenemus
1169 2263 1272 2360 ejus·

183 2386 279 2462 dem
322 2381 568 2486 benplacitis
598 2383 882 2486 complacere,
921 2390 962 2460 et
1002 2406 1096 2460 cum
1124 2381 1203 2459 hiis
1233 2392 1275 2459 et

183 2507 275 2584 aliis
314 2505 471 2594 verbis,
500 2529 606 2606 quae
645 2505 758 2584 circa
787 2505 870 2584 hoc
899 2503 1192 2584 convenientia
1219 2505 1274 2580 vi·

184 2623 406 2702 debuntur.

578 2744 675 2811 uisu
698 2748 729 2810 d.
753 2743 841 2811 Seu.
868 2745 940 2810 Lib.
965 2743 1077 2810 XXV.
1102 2747 1158 2810 ch.
1180 2745 1231 2850 37.

315 2949 488 3050 XCV.
525 2972 636 3046 raas.
677 2973 724 3046 m
761 2967 1149 3072 Septembris.

185 3129 370 3199 Ogronopn
395 3141 585 3201 nccsannay
613 3127 839 3185 liseraunosm
865 3145 949 3198 :oga
982 3145 1086 3203 spa-ra
1111 3133 1277 3188 Porusors

184 3229 323 3285 llnour
348 3229 517 3304 hupins,
540 3245 578 3298 ga
605 3243 643 3286 ce
669 3245 772 3302 aparn
798 3247 816 3304 y
844 3231 990 3308 ltlse‘rse,
1015 3245 1097 3298 saar.
1120 3227 1218 3300 actile
1242 3247 1278 3288 aa

185 3347 304 3391 maere
327 3333 549 3406 llybpossaua
574 3350 592 3390 ι
618 3335 797 3391 Maemalio
822 3337 1106 3408 ssgonomnoly
1127 3351 1280 3409 nannagy.

290 3478 433 3588 Capta:
461 3483 582 3582 Quod
611 3485 881 3566 rescribatur·
901 3483 967 3562 Sr.
997 3485 1174 3564 Nicolao
1205 3485 1280 3562 Ge-

186 3607 309 3706 orgio
349 3603 624 3683 ambassatori
663 3605 713 3684 ad
755 3605 1044 3684 dominum
1086 3629 1280 3706 regem

186 3727 255 3804 lla
270 3754 290 3803 s
308 3753 331 3806 c
346 3727 359 3804 i
375 3750 398 3802 a
414 3752 450 3817 e,
479 3726 589 3827 quod
607 3728 848 3828 recepimus
865 3727 1022 3804 litteras
1050 3751 1160 3818 suas,
1180 3749 1281 3830 quas

187 3833 315 3952 plene
339 3845 633 3932 intelleximus,
662 3847 783 3924 etad
812 3871 884 3922 eas
914 3869 1033 3924 suam
1060 3845 1285 3951 providem,

189 3967 286 4046 tiam
316 3965 617 4047 comendentes
654 3967 954 4052 rescribimus,
997 3961 1109 4069 quod
1137 3969 1281 4046 cornis·

188 4091 253 4168 sio
282 4114 358 4166 sua
386 4091 487 4166 satis
517 4087 705 4196 continet
733 4087 782 4164 ad
810 4089 980 4191 plenum
995 4090 1282 4186 intencionem

189 4217 406 4304 nostram,
434 4233 541 4313 quae
571 4213 659 4298 est,
696 4209 876 4312 quodsi
904 4207 1134 4289 obtinuerit
1160 4233 1185 4286 a
1212 4211 1283 4291 do·
