3230 5104
354 371 418 434 sm

352 572 618 657 commodum
636 577 678 651 et
693 572 913 652 utilitatem
942 571 1162 674 respicere
1192 573 1358 656 habeat,
1375 595 1448 673 op·

355 696 455 781 time·
481 717 650 796 semper
677 690 873 795 dispositi
900 693 1176 794 reperiemur.

457 813 538 891 Ser
563 810 811 890 lacobus
840 810 1158 910 Barbarigo
1187 812 1288 888 vult:
1315 811 1450 890 dorni·

357 936 566 1014 nationem
596 940 780 1012 nostram
812 932 1129 1035 bonompaoem
1158 944 1201 1010 et
1224 931 1448 1010 amicitiam

360 1055 520 1133 habere
549 1077 643 1132 cum
658 1053 931 1130 serenissimo
962 1051 1136 1130 domiuo
1166 1074 1294 1151 rege
1322 1050 1447 1127 liun-

356 1175 581 1274 gariae,
612 1171 918 1274 intendereque
947 1196 1039 1250 eam
1069 1199 1163 1251 cum
1192 1198 1265 1252 sua
1292 1175 1450 1249 sereni·

354 1301 451 1390 tate,
484 1293 700 1396 cumipse
739 1295 885 1372 bano
915 1305 958 1372 et
996 1295 1190 1373 omuibus
1232 1296 1320 1372 aliis
1362 1319 1450 1371 ser-

352 1437 466 1506 uare,
494 1438 575 1492 nec
604 1414 727 1491 uobis
755 1415 976 1493 honestum
1005 1415 1138 1494 videri
1165 1417 1219 1492 ob
1245 1413 1454 1528 conditiop

353 1559 427 1612 nes
455 1543 694 1639 temporum
725 1541 767 1612 et
796 1558 938 1612 rerum
968 1535 1064 1614 loco
1094 1535 1257 1614 Clisii
1296 1543 1338 1614 et
1365 1534 1451 1614 Os-

354 1665 369 1734 t
385 1679 446 1733 ro
464 1681 487 1730 v
503 1655 514 1732 i
532 1677 591 1731 ze
634 1657 673 1732 in
703 1657 1014 1759 protectionem
1044 1657 1257 1759 accipere.
1287 1657 1449 1734 Verum

354 1779 721 1856 conservationem
749 1783 879 1856 status
907 1778 971 1854 sui
999 1777 1231 1881 cupientes,
1260 1777 1357 1876 quia
1377 1779 1451 1855 de·

360 1895 628 1976 liberavimus
667 1903 882 1974 oratorem
923 1905 1112 1975 nostrum
1150 1897 1201 1973 de
1244 1896 1451 1999 proximo

351 2018 402 2096 ud
431 2019 748 2098 serenissimum
789 2044 984 2120 regem
1026 2019 1280 2096 Bossine
1312 2017 1449 2095 mitte·

355 2163 415 2234 re,
446 2141 516 2241 qui
544 2125 716 2218 dominii
744 2142 879 2218 nostri
907 2139 1074 2218 nomine
1104 2139 1155 2217 de
1171 2139 1288 2218 obitu
1315 2140 1451 2240 patris

351 2259 415 2336 sui
443 2261 696 2338 condoleret
725 2287 775 2339 ac
803 2259 856 2337 dc
884 2286 987 2340 suae
1015 2259 1254 2338 serenitatis
1282 2281 1450 2336 succes·

301 2397 305 2410 ·
337 2379 471 2456 'sione
499 2381 831 2480 congratuletur,
860 2380 996 2482 ipsum
1026 2381 1081 2458 ob
1111 2380 1197 2458 hoc
1228 2379 1351 2458 citius
1380 2405 1450 2455 ex·

353 2496 586 2602 pediemus,
614 2509 655 2577 et
683 2507 763 2576 tam
795 2524 891 2577 cum
919 2501 1014 2602 ipso
1033 2499 1305 2579 serenissimo
1336 2525 1453 2600 rege,

354 2641 478 2720 quam
519 2618 665 2696 illustri
703 2619 890 2696 ducha
931 2618 1209 2707 stefano,
1249 2621 1452 2724 quicquid

350 2740 449 2820 boni
478 2739 599 2819 nobis
628 2741 833 2844 possibile
880 2739 1020 2833 fuerit,
1049 2739 1140 2817 lieri
1156 2742 1355 2820 iaciemus
1370 2765 1454 2842 pro

351 2863 701 2962 componimento
731 2861 1061 2940 differentiarum
1083 2859 1451 2941 etdiscordiarum

350 3003 533 3058 suarum.
565 2981 719 3058 Verum
748 2983 781 3058 si
812 2981 1052 3060 huiusmodi
1094 2981 1282 3061 oratoris
1311 2983 1451 3057 nostri

349 3102 613 3203 interpositio
655 3099 715 3176 eis
756 3126 839 3178 non
868 3101 1082 3200 placeret,
1125 3111 1167 3178 et
1209 3103 1322 3178 circa
1351 3101 1449 3179 loca

351 3223 438 3323 ipsa
467 3219 581 3300 Clisii
610 3226 652 3298 et
668 3221 893 3300 Ostrovizc
909 3221 1063 3324 aliquid
1082 3221 1191 3300 aliud
1208 3223 1259 3301 ab
1286 3223 1349 3299 eis
1365 3247 1449 3299 me·

348 3346 599 3434 moraretur,
627 3345 740 3445 quod
769 3343 949 3422 honeste
977 3368 1055 3448 per
1072 3367 1149 3421 nos
1177 3345 1271 3423 lieri
1285 3351 1449 3447 posset,

349 3461 548 3564 quodque
577 3464 626 3540 ad
662 3468 932 3543 commodum
963 3463 1270 3566 utilitatemque
1300 3463 1451 3543 utrius·

349 3607 430 3682 que
458 3591 648 3662 nostrum
679 3583 916 3662 redundare
946 3609 1076 3689 posse
1105 3584 1332 3669 videretur.
1360 3607 1447 3660 non

348 3700 693 3780 dissentiemusa
735 3701 860 3782 rebus
903 3705 1253 3782 convenientibus
1295 3709 1339 3781 et
1372 3703 1446 3783 ho·

348 3823 489 3898 uestis.
515 3821 567 3900 lit
594 3822 628 3900 si
656 3823 898 3902 huiusmodi
927 3849 1022 3924 pars
1052 3831 1175 3926 capta
1204 3823 1346 3912 luerit,
1375 3821 1446 3900 liat

346 3941 482 4020 subito
511 3943 757 4022 scrutinium
786 3947 828 4025 in
857 3943 940 4022 hoc
970 3942 1166 4034 consilio,
1197 3953 1240 4022 et
1269 3945 1446 4046 eligatur

350 4089 455 4142 unus
483 4071 628 4144 orntor
654 4065 705 4142 ad
747 4066 1081 4172 suprascriptum
1122 4065 1442 4145 serenissimum

351 4205 495 4283 regem
523 4183 708 4264 Bossine.
755 4283 757 4288 Ι
