3234 5116
337 379 382 446 Ὤ

338 586 400 662 dis
429 584 499 686 qui
521 581 592 662 tibi
619 581 883 668 videbuntur,
899 581 1135 660 etsottieita
1163 583 1217 662 de
1245 579 1424 660 essendo

339 729 484 782 secum
512 705 550 780 in
581 703 841 794 concordio,
879 711 1006 807 prout
1033 703 1110 781 tibi
1137 701 1330 805 superius
1360 724 1426 814 ⁰⁰1

339 825 551 904 mittimus.
607 823 660 900 nt
686 823 721 898 si
750 824 885 902 dictus
916 819 1128 899 Sandat
1146 823 1158 898 i
1200 849 1284 901 non
1314 829 1427 902 esset

339 947 447 1048 apud
477 944 636 1022 dietum
666 944 878 1020 dominum
907 967 1116 1042 regem,
1144 943 1217 1018 sed
1247 951 1363 1022 esset
1388 942 1425 1018 in

339 1066 442 1143 iocis
470 1067 555 1143 suis
584 1092 663 1174 una
691 1067 757 1140 vei
788 1063 946 1143 duabus
983 1063 1108 1140 dietis
1137 1063 1262 1161 longe
1292 1089 1313 1139 a
1344 1063 1425 1142 dic·

241 1193 262 1232 ·'
338 1195 380 1264 tu
410 1210 535 1285 rege,
566 1187 617 1268 ad
646 1188 927 1290 praesentiam
955 1209 1072 1262 suam
1100 1185 1161 1262 ire
1192 1183 1362 1276 debeas,
1392 1186 1426 1262 si

186 1315 188 1319 ’
339 1333 433 1388 curn
475 1308 698 1387 securitate
728 1308 789 1386 ire
817 1308 1004 1409 poteria,
1049 1307 1099 1384 ad
1129 1306 1425 1408 exequendum

337 1429 611 1527 intentionem
653 1434 837 1506 nostram
864 1425 1217 1530 suprascriptam,
1260 1424 1425 1528 quando

308 1541 411 1628 'ubi
439 1559 602 1652 tempus
630 1549 771 1628 habite
800 1549 1032 1637 ridebitur,
1075 1549 1212 1650 primo
1240 1548 1333 1624 data
1361 1570 1428 1622 no-

338 1671 424 1748 titia
453 1671 569 1748 dicto
599 1669 770 1750 dominu
804 1672 908 1769 regi,
936 1669 1048 1774 quod
1078 1677 1218 1746 nostra
1247 1669 1427 1746 domina·

337 1791 409 1881 tio,
438 1793 611 1894 cupiens
640 1791 1303 1884 bonumamicitiameonservare
1332 1814 1426 1866 eum

338 1909 566 1991 baronibus
594 1913 701 1997 suis,
737 1919 866 2013 prout
892 1936 1034 1988 sumus
1064 1910 1255 2014 dispositi
1284 1911 1427 1990 faeere

339 2055 433 2109 earm
462 2055 535 2108 sua
562 2031 805 2123 serenitate,
835 2031 1045 2112 existente
1074 2031 1211 2132 aliqua
1239 2029 1426 2108 differen-

337 2153 393 2232 tia
419 2153 530 2230 inter
558 2157 745 2228 nostrum
775 2153 1003 2231 dominium
1029 2153 1302 2230 etdominum
1331 2150 1429 2230 San·

336 2273 431 2365 dati,
459 2297 553 2350 eum
583 2274 694 2351 bona
723 2274 888 2352 lieentia
906 2298 1005 2350 suae
1020 2274 1271 2362 serenitatis,
1300 2274 1427 2350 inten-

338 2395 400 2474 dis
444 2395 506 2471 ire
548 2396 599 2473 ad
640 2397 918 2498 praesentiam
961 2395 1063 2474 dieti
1088 2393 1307 2491 sandalis,
1348 2419 1427 2497 pro

336 2514 532 2618 ponendo
561 2513 683 2593 finem
711 2515 971 2594 differentiae
999 2514 1254 2618 praedictae.

438 2635 614 2738 insuper
655 2639 750 2738 quia
778 2639 971 2715 dominus
998 2635 1428 2738 arehiepisco-

336 2782 437 2860 pus
476 2756 709 2858 Spatati
747 2767 893 2836 nostro
923 2758 1108 2835 dominio
1138 2757 1270 2844 dixit,
1312 2756 1426 2858 quod

336 2879 472 2958 dictus
514 2879 782 2958 dominus
831 2903 936 2957 rex
980 2879 1215 2957 muttum
1258 2883 1429 2980 optat

265 3043 269 3054 ·
336 2994 1429 3087 babereuxoremcatolicametutdi·

338 3119 419 3204 xit,
470 3119 654 3196 libenter
680 3119 807 3198 vellet
832 3117 992 3198 habere
1021 3143 1142 3198 unam
1172 3121 1237 3198 de
1265 3116 1427 3194 Mala·

337 3239 539 3326 testis,
568 3246 610 3316 et
639 3247 807 3340 optaret
835 3241 945 3341 quod
976 3238 1025 3314 ad
1054 3237 1139 3317 boe
1166 3263 1211 3316 se
1239 3238 1426 3339 interpo-

337 3363 460 3435 neret
486 3363 675 3436 nostrum
704 3358 961 3447 dominium,
1002 3361 1037 3436 si
1065 3359 1201 3437 dietus
1229 3356 1426 3434 dominus

336 3499 430 3562 rex,
459 3476 511 3554 de
538 3479 622 3558 hoc
651 3478 830 3580 aliquam
860 3478 934 3557 tibi
963 3479 1123 3557 faceret
1150 3477 1424 3573 mentionem,

336 3583 530 3676 volumus
565 3602 678 3701 quod
708 3601 866 3678 offerre
895 3600 1052 3679 debeas
1080 3609 1270 3678 nostrum
1296 3598 1424 3676 domi·

337 3719 447 3795 nium
489 3720 539 3796 ad
567 3720 919 3822 interponendum
949 3744 995 3798 se
1024 3744 1119 3797 cum
1163 3717 1344 3796 dominis
1373 3715 1424 3792 de

204 3881 209 3888 ·
336 3840 589 3931 MalatestiS,
618 3851 781 3959 etcum
811 3843 920 3932 aliis,
950 3843 1178 3922 secundum
1208 3839 1322 3944 quod
1350 3839 1426 3918 tibi

337 3959 463 4037 dicet.

437 4079 490 4157 Et
517 4079 552 4154 si
579 4083 620 4158 in
648 4080 711 4160 his
739 4036 848 4186 quae
877 4081 949 4160 tibi
979 4041 1303 4172 committimus,
1331 4107 1424 4160 exe·

338 4198 503 4300 quenda
544 4202 718 4282 caderet
759 4205 896 4307 aliqua
933 4202 1192 4296 differentia,
1230 4205 1424 4282 volumus
