3226 5112
359 635 362 643 ,
465 593 571 674 item
605 591 790 672 Chalc
819 591 1217 674 Vinhassevtt
1242 598 1440 698 tenetpcr

363 713 445 791 vim
486 713 628 791 dotem
675 736 798 791 unam
852 711 1094 812 Dimitrj
1134 713 1438 794 Natesthn·

362 835 526 926 vich,
553 859 635 936 que
665 837 730 914 est
757 834 797 912 in
826 831 1132 916 Bouhono.

464 954 655 1054 Quare
681 955 935 1058 petitur,
970 957 1014 1030 ut
1040 979 1120 1060 pro
1152 954 1440 1036 observatione

364 1075 535 1177 capituti
563 1073 840 1178 suprascripti
867 1075 982 1178 pacis
1010 1077 1302 1174 etconcordij,
1324 1078 1440 1156 tioc-

363 1195 499 1272 minus
526 1199 728 1298 despotus
758 1193 883 1274 faciat
910 1195 1187 1276 effectualiter
1226 1199 1441 1276 restituere
1593 1179 1594 1240 ἶ

364 1341 512 1395 omnes
540 1315 846 1420 suprascriptas
877 1317 1197 1418 possessiones,
1225 1317 1443 1407 territoria,
1593 1395 1594 1400 a

363 1443 407 1512 et
434 1437 629 1525 bastinae,
660 1461 741 1538 que
758 1460 835 1538 per
858 1461 959 1514 suos
976 1435 1162 1516 indebite
1176 1445 1444 1542 occupantur,
1593 1465 1594 1528 i

362 1581 414 1632 ne
442 1557 538 1660 paci
567 1556 811 1658 derogetur.

462 1673 610 1756 Item
665 1678 833 1756 mandat
875 1677 1103 1780 capitulum
1144 1701 1270 1754 unum
1311 1700 1446 1780 supra·
1593 1755 1594 1760 ,

222 1793 232 1819 ‘
363 1795 524 1899 scripte
551 1797 682 1898 pacis,
712 1797 1080 1900 quodomnesqui
1109 1799 1161 1875 de
1191 1799 1315 1876 terris
1343 1798 1447 1878 iiius.
1593 1791 1594 1794 ‘

364 1915 537 2014 dominij
552 1916 827 1994 venetiarum
852 1917 1103 2016 aufugerent
1130 1942 1226 1994 cnm
1243 1917 1449 2019 aliquibus

205 2107 209 2121 ,
363 2038 494 2114 rebus
522 2041 565 2114 ct
592 2035 940 2132 mercationibus,
968 2037 1018 2116 ad
1045 2048 1181 2116 terras
1208 2037 1263 2116 ili.
1294 2036 1447 2116 domini
1576 2132 1582 2150 ⁹

365 2156 544 2258 despoti,
573 2158 754 2238 debeant
782 2160 944 2238 restitui
961 2157 1209 2238 officialibus
1224 2161 1290 2235 vei
1318 2158 1448 2238 subdi·

363 2279 416 2354 tis
457 2279 611 2379 prefati
650 2280 708 2357 ili.
750 2280 922 2380 dominij
959 2271 1260 2369 Venetiarum3
1303 2286 1451 2358 contra

363 2397 478 2504 quod
521 2401 747 2506 capitutum
796 2401 1064 2501 uayvnda
1105 2401 1452 2480 Altomanus

340 2515 495 2596 'tenuit
538 2543 586 2597 ac
629 2527 742 2596 tenet
781 2520 821 2596 in
863 2519 1067 2598 Antibaro
1110 2517 1452 2597 Milesinum

362 2635 603 2714 Staieni
644 2638 708 2718 dei
740 2639 898 2729 conte,
926 2647 1127 2743 nepotem
1169 2637 1453 2740 Seueriuj
1581 2714 1584 2722 .

363 2759 415 2837 de
443 2758 479 2836 A
495 2785 521 2837 n
538 2760 621 2838 tib
637 2785 659 2836 a
675 2786 697 2838 r
714 2787 762 2848 ο,
790 2763 860 2864 qui
890 2787 985 2840 cum
1016 2759 1138 2839 hallis
1160 2765 1344 2862 quatuor
1357 2784 1454 2864 pan·

361 2897 512 2955 norum
541 2879 752 2973 Fiandrie,
774 2881 932 2960 valoris
961 2882 1212 2959 ducatorum
1239 2881 1350 2957 nitra
1378 2879 1454 2957 Vl.

360 2997 486 3091 mille,
514 3000 566 3077 de
594 3001 758 3081 ratione
789 3003 947 3080 domini
978 3001 1188 3100 Pangratij
1215 2999 1455 3080 Justiniano

360 3120 517 3196 nobilis
532 3121 804 3200 venetiarum
836 3123 950 3210 civis,
975 3147 1078 3224 quas
1102 3146 1155 3200 ex
1172 3121 1353 3197 Curzoia
1382 3119 1457 3197 aa·

362 3237 525 3338 gusinm
554 3248 727 3345 portare
755 3241 951 3333 debebat,
980 3241 1141 3342 fugiens
1177 3243 1255 3319 init
1286 3237 1457 3321 Antiba-

361 3361 1335 3463 rum,etiicetuayvodadltomanus
1364 3385 1458 3439 rer·

332 3480 424 3559 ·bis
464 3481 587 3574 dicat,
628 3485 864 3578 veliacum
906 3484 994 3562 sive
1034 3483 1460 3587 pannos-predictos

289 3599 292 3605 ’
362 3603 601 3695 restituere,
628 3610 767 3683 tamen
783 3606 885 3684 nihii
914 3607 1120 3684 hactenus
1133 3603 1285 3682 haberi
1305 3605 1463 3707 potuit,

360 3730 402 3801 et
429 3724 465 3798 si
492 3745 638 3822 magna
667 3723 861 3803 instantia
891 3724 1049 3826 pluries
1080 3723 1208 3802 fuerit
1228 3723 1462 3826 requisitus

360 3844 471 3920 idem
486 3844 731 3924 Attomanus
760 3867 838 3945 pro
859 3845 971 3923 dicta
990 3843 1272 3934 restitutione
1298 3843 1463 3946 patitur
1593 3933 1594 3936 p

360 3985 465 4062 ergo
494 3965 706 4044 restitutio
736 3963 945 4044 dictorum
973 3987 1224 4067 pannorum.

460 4083 605 4163 Item
649 4085 745 4185 quia
782 4089 881 4186 post
916 4086 1252 4168 declarationem
1290 4088 1332 4166 in
1360 4085 1467 4160 Ca·

261 4267 262 4272 a
358 4207 489 4282 tarn
534 4203 810 4284 concorditer
837 4206 990 4290 factam
1033 4206 1089 4286 de
1114 4203 1355 4288 confinibus
1379 4205 1467 4285 Car
