3224 5110
350 359 413 424 1112

350 594 455 664 muS,
487 569 582 670 quia
611 572 646 647 si
674 593 756 648 non
787 570 902 646 misit
928 569 1120 650 subditos
1142 597 1242 652 suos
1269 573 1442 652 Scuta·

349 715 465 768 rum
495 715 599 793 pro
629 692 741 768 sale
771 695 1319 780 ermenoarionious,
1348 703 1443 797 quia

348 822 448 890 tune
475 836 557 888 uon
589 821 680 891 orat
707 811 746 888 in
776 812 990 900 dominio,
1032 839 1117 892 non
1155 825 1219 892 est
1247 821 1443 896 eonveni-

349 958 434 1020 ens,
462 935 574 1034 quod
601 935 763 1012 habere
792 935 945 1012 debeat
973 935 1151 1014 ducatos
1180 939 1294 1014 mille
1315 939 1366 1014 de
1389 941 1444 1014 in·

346 1054 542 1132 troitibus
586 1055 766 1130 Scutari.
808 1053 859 1130 llt
900 1077 995 1130 cum
1036 1055 1192 1133 lineet
1221 1081 1316 1134 oum
1352 1059 1444 1134 aliis

350 1175 659 1252 rationibus..
689 1231 697 1250 .
725 1175 976 1276 procurabis
1013 1180 1053 1250 ta
1092 1179 1297 1278 expedire
1327 1203 1348 1252 a
1377 1203 1443 1254 so·

349 1294 507 1370 lotione
535 1292 728 1395 preteriti
757 1294 977 1395 temporis.
1005 1295 1181 1391 Quando
1200 1305 1338 1374 autem
1356 1301 1440 1376 dio-

348 1422 414 1491 tus
441 1414 637 1489 dominus
663 1412 792 1487 vellet
820 1415 990 1490 omnino
1022 1422 1156 1494 terras
1176 1427 1444 1497 suasetsuos

259 1537 261 1545 '
349 1535 461 1610 mille.
491 1533 667 1611 ducatos
698 1556 903 1612 annorum
930 1537 1247 1636 preteritorum,
1275 1564 1355 1617 nee
1385 1563 1446 1614 ra·

347 1655 533 1733 tionibus
563 1660 834 1745 moveretur,
863 1656 958 1756 quia
987 1657 1025 1731 in
1055 1660 1180 1735 armis
1208 1667 1275 1734 ost
1303 1669 1345 1734 et
1372 1687 1446 1762 po·

347 1782 466 1864 tens,
494 1779 536 1850 et
564 1779 606 1850 tu
637 1775 799 1851 videres
829 1799 912 1853 non
950 1799 1080 1875 posse
1124 1776 1243 1853 aliter
1283 1779 1444 1866 faeere,

348 1917 491 1971 sumus
523 1895 709 1972 contenti
751 1896 864 1995 quod
906 1895 1129 1996 provideas
1170 1899 1444 1987 concludere,

348 2018 463 2120 quod
504 2015 724 2093 reddendo
754 2015 831 2092 sibi
859 2024 996 2095 terras
1023 2043 1132 2109 suas,
1172 2029 1444 2124 exeompute

235 2217 237 2226 ,
348 2147 415 2218 tur
442 2145 620 2241 propter
660 2161 887 2240 expansam
928 2139 1079 2216 inillis
1119 2144 1243 2218 terris
1274 2141 1446 2230 saetam,

348 2258 389 2334 id
418 2259 534 2358 quod
563 2263 711 2360 petere
737 2259 867 2336 vellet
896 2283 973 2362 pro
1004 2261 1170 2337 annuali
1196 2264 1445 2364 provisione

350 2378 529 2464 Scutari,
558 2403 761 2456 annorum
788 2383 1105 2482 preteritorum.
1146 2381 1198 2460 lu
1226 2409 1321 2462 eum
1350 2385 1445 2486 ipso

347 2521 496 2602 paoem
528 2500 756 2577 concludas
785 2507 939 2600 quanto
970 2500 1261 2580 honestiorem
1291 2511 1333 2580 et
1361 2530 1446 2581 me-

350 2620 500 2695 liorem
530 2620 692 2716 poteris
720 2643 800 2722 pro
828 2624 975 2697 nostro
1003 2621 1202 2706 dominio,
1232 2623 1327 2722 quia
1345 2625 1449 2701 lieet

350 2739 440 2816 illas
480 2745 616 2816 terras
660 2739 774 2816 licite
816 2748 964 2816 tenere
1013 2764 1263 2850 possemus,
1303 2751 1446 2820 tamen

350 2867 534 2962 propter·
564 2861 851 2938 conditionem
893 2865 1102 2963 presentis
1131 2865 1348 2964 temporis,
1376 2887 1448 2939 no·

350 2989 436 3058 stra
465 2979 640 3058 intentio
668 2985 734 3056 est
762 2981 905 3058 lacere
932 3005 1094 3086 paoem.
1137 2981 1311 3080 Quando
1340 3007 1446 3061 vero

350 3125 434 3179 non
462 3125 610 3201 posses
639 3103 807 3180 omnino
838 3103 960 3180 aliter
1001 3127 1095 3182 oum
1139 3105 1232 3206 ipso
1261 3105 1444 3206 desputo

350 3224 417 3301 vel
445 3245 521 3300 suo
550 3223 772 3324 capitaneo
802 3249 951 3327 pacem
981 3225 1276 3315 interminans
1302 3249 1383 3327 per
1404 3235 1446 3304 te

351 3344 545 3420 omnibus
574 3346 823 3444 argumentis
852 3399 863 3421 .
892 3405 900 3421 .
1007 3344 1080 3422 tibi
1108 3343 1253 3422 damus
1282 3343 1446 3424 liberta·

351 3474 435 3542 tam
464 3487 541 3562 pro
562 3463 762 3541 'habendo
792 3489 940 3568 paeom
970 3489 1134 3554 seeum,
1156 3455 1319 3543 'attenta
1348 3487 1446 3542 oon·

353 3585 510 3664 ditione
538 3587 744 3688 presentis
783 3587 1014 3690 temporis,
1055 3581 1166 3688 quod
1202 3585 1348 3662 venire
1375 3586 1445 3660 de·

354 3705 454 3784 beas
490 3703 540 3780 ad
579 3703 896 3785 conclusionem
936 3708 1053 3810 pacis
1083 3761 1093 3784 .
1125 3763 1134 3782 .
1167 3760 1177 3780 .
1207 3706 1330 3783 dandi
1364 3704 1444 3784 sibi

352 3835 440 3908 tres
466 3835 603 3908 terras
632 3849 727 3904 suas
750 3830 1070 3930 suprascriptas,
1106 3823 1322 3906 videlieet:
1352 3827 1442 3906 An·

354 3947 998 4038 tlbarum,llrivastum
1027 3947 1372 4034 etBuduam,
1400 3955 1442 4024 et

352 4072 406 4148 de
445 4067 703 4147 Scrutare
745 4069 923 4146 ducatos
963 4093 986 4144 a
1028 4065 1141 4142 mille
1186 4088 1319 4164 usque
1356 4072 1441 4142 nes

355 4187 466 4266 mille
491 4211 570 4290 pro
599 4189 844 4292 provisione
884 4187 1091 4291 temporis
1132 4183 1364 4287 preteriti.
1391 4237 1442 4260 ..
