3212 5116
1129 373 1132 382 ,
1225 319 1288 384 187

188 523 328 597 tore
356 515 537 597 linxie
566 517 619 594 de
648 517 763 598 dicto
803 524 942 599 centro
972 518 1190 600 Scardone
1218 547 1287 602 nn·

187 638 318 716 mine·
342 637 441 716 dicti
481 636 639 715 domini
687 637 972 740 imperatorie,
1002 639 1285 742 promiserunt

188 757 326 834 eidem
355 758 525 836 dnmino
557 757 801 846 castellano,
829 757 1051 862 recipienti
1078 783 1220 862 prose
1243 771 1283 838 et

188 881 280 976 ejus
309 877 403 956 tiliis
431 887 473 956 et
502 877 655 955 familia
683 877 843 956 nnvice
874 887 916 956 et
931 879 1098 958 nomine
1119 881 1282 960 Nicnlni

188 1007 231 1076 et
258 997 448 1078 Blendini
477 1000 566 1096 ejus
596 999 783 1086 fratrum,
813 998 1056 1078 etliliorum
1080 1001 1283 1103 ipsorum,

186 1116 303 1219 qnod
330 1117 363 1191 si
393 1139 514 1196 cesus
542 1124 769 1194 ocurreret
809 1141 1104 1220 quocumque,
1132 1147 1199 1223 qn
1216 1121 1282 1198 0d

185 1237 337 1315 idem
372 1237 1282 1338 dominnsimperator,sivivus

186 1365 356 1446 esset,
382 1381 479 1436 seu
507 1364 623 1460 eius
653 1357 836 1444 titius,
865 1359 909 1436 si
936 1363 1281 1464 reperiretur
1338 1459 1341 1470 ¹

185 1503 226 1556 m
242 1503 267 1556 ο
283 1502 305 1555 r
320 1484 336 1555 t
349 1505 376 1556 n
391 1503 451 1554 ne
479 1479 615 1559 dictus
642 1479 835 1557 dominns
873 1479 1114 1586 imperator,
1142 1506 1280 1582 grava·

186 1609 305 1679 retur
342 1606 384 1676 et
410 1601 698 1700 indignaretur
753 1605 902 1677 contra
957 1600 1113 1679 dictum
1155 1603 1278 1680 dorni·

185 1747 283 1801 num
325 1721 500 1799 lurexes
541 1744 620 1825 pro
654 1720 765 1799 dieta
808 1722 1138 1820 renssignatione
1180 1725 1279 1802 dicti

184 1845 328 1937 castri,
354 1844 415 1921 sic
444 1843 587 1928 lacere
616 1847 658 1919 et
686 1865 846 1928 curare,
875 1841 986 1944 quod
1027 1840 1279 1920 dictadomi·

185 1967 299 2044 nntin
327 1965 603 2043 Venetiernm
631 1963 824 2040 eumdem
849 1965 1064 2042 dominnm
1092 1965 1279 2042 enstelin-

185 2109 285 2164 num
314 2109 408 2162 eum
437 2083 530 2162 liliis
560 2089 601 2160 et
629 2083 781 2161 familia
810 2087 914 2182 ejnn,
944 2107 994 2161 nc
1022 2083 1159 2162 dictos
1190 2087 1277 2182 ejus

185 2210 338 2286 iratres
366 2231 459 2284 curn
489 2205 579 2283 liliis
622 2213 665 2282 et
694 2205 859 2283 familiis
897 2229 1058 2290 eornm,
1101 2205 1280 2308 recipiet

185 2329 227 2406 in
255 2325 441 2406 brachiis
470 2327 568 2424 suis,
599 2353 648 2406 ee
678 2330 739 2406 eis
767 2331 810 2403 et
838 2327 1010 2406 cuilibet
1038 2351 1188 2406 eorum
1216 2327 1278 2405 sic

186 2457 231 2530 et
257 2449 393 2528 taliter
420 2447 683 2552 providebit,
729 2447 845 2549 quod
883 2472 936 2523 ex
978 2448 1068 2552 ipsa
1106 2449 1277 2550 provisi·

187 2593 270 2649 nne
298 2571 443 2648 vivere
471 2573 674 2673 poterunt
702 2593 797 2648 cunr
828 2567 922 2647 liliis
948 2576 989 2646 et
1021 2567 1183 2645 familiis
1212 2591 1277 2644 en-

185 2690 391 2782 rumdem,
406 2695 448 2768 et
475 2691 626 2769 merito
642 2717 715 2768 sen
744 2689 1047 2768 rationabiliter
1063 2695 1276 2769 contenta·

186 2814 223 2890 ri
252 2811 479 2896 debebunt,
509 2821 551 2889 et
579 2811 627 2889 nd
658 2815 857 2891 maiorem
882 2811 1118 2891 firmitatem
1148 2812 1276 2888 omni·

185 2959 258 3012 nm
297 2931 614 3034 predictorum,
651 2929 832 3036 predicti
874 2929 1027 3008 domini
1069 2913 1275 3035 capilnnei

187 3053 431 3138 consiliarii,
461 3077 604 3131 cernes
633 3054 947 3156 etprnvisores,
964 3059 1006 3129 et
1030 3052 1273 3154 quilibetip-

184 3201 346 3267 sorum,
361 3179 627 3254 sacramento
645 3172 694 3252 nd
709 3183 852 3254 sancta
872 3173 948 3251 Dei
964 3173 1180 3274 evangelia
1197 3180 1275 3251 tac·

187 3297 240 3374 tis
269 3293 551 3372 saerosanctis
592 3295 811 3399 scripturis
855 3294 1033 3396 prestito
1071 3317 1149 3397 per
1189 3319 1275 3369 eos-

186 3418 298 3506 dem,
315 3413 584 3493 firmaverunt
606 3413 758 3495 dictam
773 3439 923 3492 eornm
939 3411 1274 3515 promissionem,

183 3546 227 3617 et
254 3537 368 3614 dicto
397 3533 567 3613 domino
596 3535 821 3614 castellano
850 3535 1061 3636 stipulanti
1103 3541 1145 3610 et
1172 3533 1273 3610 reci·

183 3657 315 3761 pienti
342 3661 387 3730 ut
414 3678 542 3758 super
569 3653 892 3756 obblignverunt
922 3653 1036 3730 omni
1075 3651 1202 3730 modo
1230 3661 1272 3731 et

174 3781 287 3876 jure,
317 3772 465 3876 quibus
513 3775 661 3854 melius
701 3779 956 3878 potuerunt,
985 3773 1123 3849 omnin
1165 3775 1273 3851 bona

182 3893 480 3975 dominationis
507 3893 664 3972 detentis
693 3919 743 3972 nc
770 3895 893 3970 etiam
920 3893 1110 3996 ipsorum
1140 3899 1180 3970 et
1210 3917 1273 3968 cn-

176 4015 351 4119 Juslibet
391 4041 552 4108 eorum,
579 4037 659 4119 pro
689 4014 881 4093 omnibus
909 4021 951 4092 et
978 4013 1149 4114 singulis
1178 4039 1271 4118 pre·

181 4138 306 4221 dictis
335 4137 510 4218 firmiter
536 4137 811 4232 attendendis,
839 4145 881 4215 et
908 4136 1190 4214 observandis,
