3236 5108
1240 404 1306 474 315
1440 406 1445 415 ’

214 613 385 690 tab-ores
414 612 537 688 ctiam
567 617 610 688 et
637 633 858 714 expensas,
883 613 953 712 qui
970 611 1304 714 etqueplerum·
1450 621 1453 632 '

212 755 293 831 quc
319 735 459 810 soient
474 755 527 808 ex
544 731 691 808 tatibus
722 728 1099 809 intromissionibus
1116 738 1305 841 evenire,

213 895 261 908 -
303 876 454 932 eorum
497 852 819 954 progenitorum
869 852 1047 949 vestigia
1087 854 1306 944 imitantes,

213 975 285 1076 qui
325 975 435 1050 inter
463 972 569 1048 alios
619 969 888 1050 christicolas
931 969 1098 1050 inserunt
1138 997 1308 1080 semper
1352 1060 1357 1069 ⁸
1511 985 1518 998 ’

213 1115 315 1170 vere
344 1093 441 1172 fidet
479 1091 685 1176 emtores,
727 1101 769 1168 et
795 1092 1015 1194 praecipui
1044 1093 1307 1188 defensores,

215 1214 411 1317 dispositi
439 1213 532 1299 siut,
564 1211 767 1314 predictis
794 1211 928 1290 dubiis
945 1221 987 1288 et
1022 1215 1221 1316 periculis
1252 1221 1307 1297 ob

216 1337 283 1414 dei
312 1332 592 1413 reuerentiam
617 1334 885 1435 postergatis,
913 1356 992 1434 pro
1023 1341 1307 1418 conservatio·

215 1483 268 1534 ne
296 1454 395 1534 fidei
437 1479 513 1540 sne
553 1463 720 1541 sancte,
762 1459 806 1530 et
845 1454 980 1532 salute
1020 1465 1082 1534 tot
1123 1458 1307 1538 iidciium

217 1577 572 1663 christianorum,
612 1576 653 1654 in
680 1577 988 1678 complacentia
1031 1577 1156 1658 etiam
1210 1581 1309 1661 dicti

216 1699 376 1778 domini
418 1695 685 1795 Georgii,
713 1719 836 1797 quem
863 1694 1030 1774 sincere
1058 1697 1309 1790 dilexerunt,
1449 1752 1453 1761 ·

217 1829 260 1894 et
286 1817 476 1918 diligunt,
504 1819 637 1920 ipsam
679 1816 891 1896 civitatem
933 1814 1121 1910 scotori,
1162 1827 1204 1896 et
1232 1822 1311 1898 alia

113 2023 118 2042 ἢ
217 1938 312 2018 ioca
340 1961 422 2040 que
450 1938 512 2016 eis
539 1937 757 2029 darevuit‚
784 1961 848 2014 ne
876 1938 1109 2016 redeant
1137 1939 1191 2016 ad
1220 1963 1310 2018 mu·

12 2065 13 2074 '
218 2056 1312 2161 nosipsorum'l'urchorumpersecuto·
1425 2076 1429 2087 '

220 2199 312 2256 rum
329 2175 486 2255 Christi
515 2177 711 2265 mainis,
737 2185 980 2281 acceptare.
1009 2175 1178 2258 ldcirco
1197 2181 1312 2262 nobi·
1396 2247 1403 2262 .

219 2298 270 2378 tis
294 2301 338 2376 et
351 2298 519 2402 sapiens
538 2299 613 2384 vir,
642 2300 836 2378 dominus
863 2297 1061 2379 Nicotaus
1090 2301 1314 2405 Delphino,
1434 2391 1438 2401 ¹

220 2423 431 2524 quondam
460 2419 621 2499 domini
663 2419 863 2510 Galeacii,
905 2421 1170 2502 honorabitis
1211 2425 1314 2504 civis

220 2543 513 2631 venetiarum,
539 2541 727 2620 sindicus
755 2547 800 2619 et
825 2549 1087 2645 procurator
1113 2569 1163 2624 ac
1190 2559 1313 2643 nego·
1462 2534 1465 2542 ’

221 2667 377 2744 tiorum
404 2670 554 2764 gestor
580 2663 709 2767 ipsius
737 2665 996 2742 serenissimi
1029 2676 1070 2744 et
1101 2668 1313 2746 excelien-
1414 2665 1418 2668 ’
1475 2667 1477 2678 ’

221 2787 369 2864 tissimi
398 2784 584 2870 domini,¹
614 2783 772 2864 domini
812 2785 987 2866 Antonii
1027 2787 1210 2864 Venerio
1247 2787 1316 2866 dei

221 2906 354 3007 gratia
382 2905 517 2983 incliti
531 2903 651 2983 ducis
677 2907 951 2984 venetiarum
969 2913 1051 2984 etc.
1066 2917 1108 2983 et
1124 2905 1316 2986 comunis

221 3029 498 3108 venetiarum
526 3025 576 3105 ad
604 3027 877 3129 infrascripta
905 3028 1039 3106 etatia
1062 3028 1317 3118 exercenda,

225 3147 467 3251 specialiter
504 3154 672 3226 creatus
703 3155 746 3226 et
774 3148 1039 3238 constitutus,
1082 3157 1125 3226 ut
1153 3155 1316 3228 constat

222 3269 501 3346 instrumento
530 3265 701 3370 publico
731 3265 971 3356 sindicatus,
1004 3271 1164 3371 scripio
1192 3293 1316 3347 manu

221 3386 389 3490 providi
416 3387 495 3464 viri
521 3387 722 3466 Iohannis
744 3389 796 3467 de
811 3387 979 3468 *Oltedo'
999 3391 1207 3492 quondam
1238 3386 1319 3464 Ser

223 3505 410 3594 Andros,
440 3505 916 3610 imperialiauctoritate
943 3508 1109 3606 notarii,
1138 3507 1317 3587 etduca·

226 3635 291 3704 tus
317 3628 594 3706 venetiarum
624 3627 778 3724 scribe,
795 3628 997 3732 predictis
1013 3651 1121 3706 anno
1151 3637 1193 3706 et
1219 3626 1318 3708 indi·

226 3749 447 3835 ciona‚dic
473 3771 577 3826 vero
593 3747 795 3847 vigesimo
824 3751 960 3852 primo
990 3749 1143 3828 mensis
1170 3749 1318 3828 Marcii

226 3891 249 3942 a
277 3891 352 3970 me
370 3868 538 3946 notario
566 3867 841 3972 infrascripto
871 3869 963 3947 viso
980 3879 1023 3947 et
1049 3869 1174 3958 tecto,
1196 3866 1319 3946 sindi·

226 3987 342 4066 cario
370 3988 541 4066 nomine
573 3989 732 4092 prefati
760 3989 922 4068 domini
963 3989 1081 4068 ducis
1109 3994 1150 4067 et
1178 4013 1318 4068 comu·

226 4107 291 4186 nis
327 4107 605 4188 venetiarum
646 4116 848 4212 exparte
889 4133 981 4201 una,
1009 4119 1052 4188 et
1090 4109 1241 4189 nobilis
1268 4132 1318 4188 ac

227 4229 527 4332 circumspecti
545 4232 635 4324 viri,
653 4231 719 4307 do
735 4254 774 4308 m
791 4233 845 4310 in
861 4247 923 4308 us
951 4231 989 4308 H
1003 4257 1027 4310 e
1042 4233 1054 4308 i
1070 4259 1096 4334 y
1110 4257 1160 4309 as
1186 4255 1318 4333 quon·

228 4351 322 4432 dam
361 4353 587 4454 Marini,
624 4359 669 4433 et
708 4351 1027 4464 Chxinesius
1060 4349 1314 4460 supradicti,
