<?xml version="1.0" encoding="UTF-8"?>
<!DOCTYPE html PUBLIC "-//W3C//DTD XHTML 1.0 Transitional//EN"
    "http://www.w3.org/TR/xhtml1/DTD/xhtml1-transitional.dtd">
<html xmlns="http://www.w3.org/1999/xhtml" xml:lang="en" lang="en">
 <head>
  <title>
</title>
<meta http-equiv="Content-Type" content="text/html;charset=utf-8" />
  <meta name='ocr-system' content='tesseract 3.04.00' />
  <meta name='ocr-capabilities' content='ocr_page ocr_carea ocr_par ocr_line ocrx_word'/>
</head>
<body>
  <div class='ocr_page' id='page_1' title='image "./actaarchivivene00sergoog_0849.png"; bbox 0 0 3226 5112; ppageno 0'>
   <div class='ocr_carea' id='block_1_1' title="bbox 1192 371 1258 440">
    <p class='ocr_par' dir='ltr' id='par_1_1' title="bbox 1192 371 1258 440">
     <span class='ocr_line' id='line_1_1' title="bbox 1192 371 1258 440; baseline 0 0"><span class='ocrx_word' id='word_1_1' title='bbox 1192 371 1258 440; x_wconf 72' lang='lat' dir='ltr'><strong>m</strong></span> 
     </span>
    </p>
   </div>
   <div class='ocr_carea' id='block_1_2' title="bbox 150 579 1261 808">
    <p class='ocr_par' dir='ltr' id='par_1_2' title="bbox 150 579 1261 808">
     <span class='ocr_line' id='line_1_2' title="bbox 150 579 1261 686; baseline -0.009 -20"><span class='ocrx_word' id='word_1_2' title='bbox 150 584 245 666; x_wconf 67' lang='lat' dir='ltr'><strong>&#39;fati</strong></span> <span class='ocrx_word' id='word_1_3' title='bbox 273 583 462 675; x_wconf 85' lang='lat' dir='ltr'><strong>dominii,</strong></span> <span class='ocrx_word' id='word_1_4' title='bbox 490 607 570 686; x_wconf 78' lang='lat' dir='ltr'><strong>pen</strong></span> <span class='ocrx_word' id='word_1_5' title='bbox 598 581 801 662; x_wconf 84' lang='lat' dir='ltr'><strong>offleiuies</strong></span> <span class='ocrx_word' id='word_1_6' title='bbox 840 583 883 658; x_wconf 90' lang='lat' dir='ltr'><strong>et</strong></span> <span class='ocrx_word' id='word_1_7' title='bbox 909 579 1099 660; x_wconf 80' lang='lat' dir='ltr'><strong>subditos</strong></span> <span class='ocrx_word' id='word_1_8' title='bbox 1128 579 1261 684; x_wconf 78' lang='lat' dir='ltr'><strong>ipsius</strong></span> 
     </span>
     <span class='ocr_line' id='line_1_3' title="bbox 169 705 1174 808; baseline -0.006 -24"><span class='ocrx_word' id='word_1_9' title='bbox 169 707 327 784; x_wconf 89' lang='lat' dir='ltr'><strong>domini</strong></span> <span class='ocrx_word' id='word_1_10' title='bbox 354 705 535 808; x_wconf 86' lang='lat' dir='ltr'><strong>despoti.</strong></span> <span class='ocrx_word' id='word_1_11' title='bbox 1173 721 1174 725; x_wconf 64' lang='lat'>‘</span> 
     </span>
    </p>
   </div>
   <div class='ocr_carea' id='block_1_3' title="bbox 83 857 1265 1682">
    <p class='ocr_par' dir='ltr' id='par_1_3' title="bbox 83 857 1265 1682">
     <span class='ocr_line' id='line_1_4' title="bbox 269 857 1261 961; baseline -0.003 -25"><span class='ocrx_word' id='word_1_12' title='bbox 269 857 419 938; x_wconf 79' lang='lat' dir='ltr'><strong>Prim</strong></span> <span class='ocrx_word' id='word_1_13' title='bbox 438 885 463 937; x_wconf 90' lang='grc' dir='ltr'>ο</span> <span class='ocrx_word' id='word_1_14' title='bbox 504 883 582 961; x_wconf 87' lang='lat' dir='ltr'><strong>per</strong></span> <span class='ocrx_word' id='word_1_15' title='bbox 611 857 837 961; x_wconf 79' lang='lat' dir='ltr'><strong>capitulum</strong></span> <span class='ocrx_word' id='word_1_16' title='bbox 867 881 991 934; x_wconf 91' lang='lat' dir='ltr'><strong>unum</strong></span> <span class='ocrx_word' id='word_1_17' title='bbox 1019 858 1136 960; x_wconf 79' lang='lat' dir='ltr'><strong>pacis</strong></span> <span class='ocrx_word' id='word_1_18' title='bbox 1166 882 1261 938; x_wconf 84' lang='lat' dir='ltr'><strong>uon·</strong></span> 
     </span>
     <span class='ocr_line' id='line_1_5' title="bbox 83 977 1264 1086; baseline -0.002 -26"><span class='ocrx_word' id='word_1_19' title='bbox 83 1083 84 1086; x_wconf 4' lang='grc' dir='ltr'><strong><em>Ν</em></strong></span> <span class='ocrx_word' id='word_1_20' title='bbox 171 981 291 1060; x_wconf 83' lang='lat' dir='ltr'><strong>eluse</strong></span> <span class='ocrx_word' id='word_1_21' title='bbox 320 1007 400 1084; x_wconf 79' lang='lat' dir='ltr'><strong>per</strong></span> <span class='ocrx_word' id='word_1_22' title='bbox 430 979 645 1059; x_wconf 90' lang='lat' dir='ltr'><strong>dominum</strong></span> <span class='ocrx_word' id='word_1_23' title='bbox 665 977 938 1057; x_wconf 80' lang='lat' dir='ltr'><strong>Franciseum</strong></span> <span class='ocrx_word' id='word_1_24' title='bbox 964 977 1095 1056; x_wconf 87' lang='lat' dir='ltr'><strong>Bem</strong></span> <span class='ocrx_word' id='word_1_25' title='bbox 1112 981 1137 1056; x_wconf 87' lang='lat' dir='ltr'>b</span> <span class='ocrx_word' id='word_1_26' title='bbox 1155 1005 1193 1068; x_wconf 91' lang='lat' dir='ltr'><strong>o,</strong></span> <span class='ocrx_word' id='word_1_27' title='bbox 1221 986 1264 1058; x_wconf 88' lang='lat' dir='ltr'><strong>et</strong></span> 
     </span>
     <span class='ocr_line' id='line_1_6' title="bbox 171 1097 1262 1203; baseline 0.001 -28"><span class='ocrx_word' id='word_1_28' title='bbox 171 1100 323 1178; x_wconf 87' lang='lat' dir='ltr'><strong>deinde</strong></span> <span class='ocrx_word' id='word_1_29' title='bbox 353 1101 571 1180; x_wconf 73' lang='lat' dir='ltr'><strong>declarate</strong></span> <span class='ocrx_word' id='word_1_30' title='bbox 601 1105 643 1177; x_wconf 92' lang='lat' dir='ltr'><strong>et</strong></span> <span class='ocrx_word' id='word_1_31' title='bbox 671 1097 919 1178; x_wconf 81' lang='lat' dir='ltr'><strong>confirmate</strong></span> <span class='ocrx_word' id='word_1_32' title='bbox 947 1123 1026 1203; x_wconf 81' lang='lat' dir='ltr'><strong>pen</strong></span> <span class='ocrx_word' id='word_1_33' title='bbox 1048 1099 1262 1178; x_wconf 90' lang='lat' dir='ltr'><strong>dominum</strong></span> 
     </span>
     <span class='ocr_line' id='line_1_7' title="bbox 170 1219 1264 1319; baseline 0 -23"><span class='ocrx_word' id='word_1_34' title='bbox 170 1219 561 1300; x_wconf 80' lang='lat' dir='ltr'><strong>ii&#39;naneiscum</strong></span> <span class='ocrx_word' id='word_1_35' title='bbox 601 1219 876 1319; x_wconf 80' lang='lat' dir='ltr'><strong>Quirino,</strong></span> <span class='ocrx_word' id='word_1_36' title='bbox 918 1221 1074 1299; x_wconf 89' lang='lat' dir='ltr'><strong>subditi</strong></span> <span class='ocrx_word' id='word_1_37' title='bbox 1116 1246 1264 1299; x_wconf 90' lang='lat' dir='ltr'><strong>omnes</strong></span> 
     </span>
     <span class='ocr_line' id='line_1_8' title="bbox 169 1339 1263 1444; baseline -0.001 -24"><span class='ocrx_word' id='word_1_38' title='bbox 169 1341 440 1420; x_wconf 76' lang='lat' dir='ltr'><strong>illustrissimi</strong></span> <span class='ocrx_word' id='word_1_39' title='bbox 457 1341 630 1418; x_wconf 89' lang='lat' dir='ltr'><strong>dominii</strong></span> <span class='ocrx_word' id='word_1_40' title='bbox 644 1339 930 1430; x_wconf 79' lang='lat' dir='ltr'><strong>Venetiurum,</strong></span> <span class='ocrx_word' id='word_1_41' title='bbox 959 1343 1263 1444; x_wconf 80' lang='lat' dir='ltr'><strong>cujuscumque</strong></span> 
     </span>
     <span class='ocr_line' id='line_1_9' title="bbox 171 1459 1265 1564; baseline -0.001 -26"><span class='ocrx_word' id='word_1_42' title='bbox 171 1461 427 1540; x_wconf 85' lang='lat' dir='ltr'><strong>conditionis</strong></span> <span class='ocrx_word' id='word_1_43' title='bbox 469 1461 675 1550; x_wconf 76' lang='lat' dir='ltr'><strong>existant,</strong></span> <span class='ocrx_word' id='word_1_44' title='bbox 724 1459 928 1540; x_wconf 81' lang='lat' dir='ltr'><strong>habentes</strong></span> <span class='ocrx_word' id='word_1_45' title='bbox 968 1461 1265 1564; x_wconf 84' lang='lat' dir='ltr'><strong>possessiones</strong></span> 
     </span>
     <span class='ocr_line' id='line_1_10' title="bbox 171 1579 1265 1682; baseline -0.002 -24"><span class='ocrx_word' id='word_1_46' title='bbox 171 1581 293 1660; x_wconf 89' lang='lat' dir='ltr'><strong>dotes</strong></span> <span class='ocrx_word' id='word_1_47' title='bbox 321 1581 571 1682; x_wconf 79' lang='lat' dir='ltr'><strong>patrimonia</strong></span> <span class='ocrx_word' id='word_1_48' title='bbox 599 1581 742 1658; x_wconf 81' lang='lat' dir='ltr'><strong>vineas</strong></span> <span class='ocrx_word' id='word_1_49' title='bbox 770 1585 851 1659; x_wconf 87' lang='lat' dir='ltr'><strong>etc.</strong></span> <span class='ocrx_word' id='word_1_50' title='bbox 891 1579 933 1658; x_wconf 93' lang='lat' dir='ltr'><strong>in</strong></span> <span class='ocrx_word' id='word_1_51' title='bbox 962 1579 1182 1659; x_wconf 82' lang='lat' dir='ltr'><strong>territurio</strong></span> <span class='ocrx_word' id='word_1_52' title='bbox 1223 1579 1265 1656; x_wconf 89' lang='lat' dir='ltr'><strong>ii·</strong></span> 
     </span>
    </p>
   </div>
   <div class='ocr_carea' id='block_1_4' title="bbox 171 1698 1396 1808">
    <p class='ocr_par' dir='ltr' id='par_1_4' title="bbox 171 1698 1396 1808">
     <span class='ocr_line' id='line_1_11' title="bbox 171 1698 1396 1808; baseline 0 -32"><span class='ocrx_word' id='word_1_53' title='bbox 171 1699 308 1808; x_wconf 81' lang='lat' dir='ltr'><strong>iustnis</strong></span> <span class='ocrx_word' id='word_1_54' title='bbox 337 1701 561 1779; x_wconf 87' lang='lat' dir='ltr'><strong>domini</strong></span> <span class='ocrx_word' id='word_1_55' title='bbox 589 1701 853 1804; x_wconf 84' lang='lat' dir='ltr'><strong>desputi‚</strong></span> <span class='ocrx_word' id='word_1_56' title='bbox 885 1699 965 1776; x_wconf 88' lang='lat' dir='ltr'><strong>iilis</strong></span> <span class='ocrx_word' id='word_1_57' title='bbox 996 1698 1263 1800; x_wconf 79' lang='lat' dir='ltr'><strong>gnudenede-</strong></span> <span class='ocrx_word' id='word_1_58' title='bbox 1388 1771 1396 1792; x_wconf 87' lang='grc'><strong>,</strong></span> 
     </span>
    </p>
   </div>
   <div class='ocr_carea' id='block_1_5' title="bbox 172 1811 1353 2164">
    <p class='ocr_par' dir='ltr' id='par_1_5' title="bbox 172 1811 1353 2164">
     <span class='ocr_line' id='line_1_12' title="bbox 173 1811 1353 1924; baseline -0.003 -27"><span class='ocrx_word' id='word_1_59' title='bbox 173 1822 283 1908; x_wconf 89' lang='lat' dir='ltr'><strong>bent,</strong></span> <span class='ocrx_word' id='word_1_60' title='bbox 313 1823 356 1896; x_wconf 88' lang='lat' dir='ltr'><strong>et</strong></span> <span class='ocrx_word' id='word_1_61' title='bbox 385 1843 456 1897; x_wconf 80' lang='lat' dir='ltr'><strong>eas</strong></span> <span class='ocrx_word' id='word_1_62' title='bbox 483 1821 702 1924; x_wconf 79' lang='lat' dir='ltr'><strong>possidere</strong></span> <span class='ocrx_word' id='word_1_63' title='bbox 730 1825 929 1923; x_wconf 84' lang='lat' dir='ltr'><strong>possunt3</strong></span> <span class='ocrx_word' id='word_1_64' title='bbox 967 1811 1116 1898; x_wconf 77' lang='lat' dir='ltr'><strong>eontra</strong></span> <span class='ocrx_word' id='word_1_65' title='bbox 1146 1822 1264 1917; x_wconf 88' lang='lat' dir='ltr'><strong>cujus</strong></span> <span class='ocrx_word' id='word_1_66' title='bbox 1351 1821 1353 1826; x_wconf 79' lang='grc'>’</span> 
     </span>
     <span class='ocr_line' id='line_1_13' title="bbox 172 1938 1265 2050; baseline -0.002 -32"><span class='ocrx_word' id='word_1_67' title='bbox 172 1941 344 2043; x_wconf 81' lang='lat' dir='ltr'><strong>capituli</strong></span> <span class='ocrx_word' id='word_1_68' title='bbox 372 1941 554 2019; x_wconf 79' lang='lat' dir='ltr'><strong>formam</strong></span> <span class='ocrx_word' id='word_1_69' title='bbox 597 1943 629 2018; x_wconf 92' lang='lat' dir='ltr'>B</span> <span class='ocrx_word' id='word_1_70' title='bbox 646 1969 673 2017; x_wconf 93' lang='lat' dir='ltr'><strong>u</strong></span> <span class='ocrx_word' id='word_1_71' title='bbox 689 1943 714 2019; x_wconf 93' lang='lat' dir='ltr'>d</span> <span class='ocrx_word' id='word_1_72' title='bbox 731 1947 757 2017; x_wconf 90' lang='lat' dir='ltr'><strong>u</strong></span> <span class='ocrx_word' id='word_1_73' title='bbox 773 1967 795 2017; x_wconf 85' lang='lat' dir='ltr'>a</span> <span class='ocrx_word' id='word_1_74' title='bbox 810 1941 865 2018; x_wconf 88' lang='lat' dir='ltr'><strong>ni</strong></span> <span class='ocrx_word' id='word_1_75' title='bbox 907 1965 989 2018; x_wconf 91' lang='lat' dir='ltr'><strong>non</strong></span> <span class='ocrx_word' id='word_1_76' title='bbox 1017 1938 1265 2050; x_wconf 82' lang='lat' dir='ltr'><strong>permittunt</strong></span> 
     </span>
     <span class='ocr_line' id='line_1_14' title="bbox 172 2059 1264 2164; baseline -0.003 -26"><span class='ocrx_word' id='word_1_77' title='bbox 172 2062 334 2164; x_wconf 80' lang='lat' dir='ltr'><strong>aliquos</strong></span> <span class='ocrx_word' id='word_1_78' title='bbox 363 2085 415 2139; x_wconf 82' lang='lat' dir='ltr'><strong>ex</strong></span> <span class='ocrx_word' id='word_1_79' title='bbox 443 2059 874 2140; x_wconf 77' lang='lat' dir='ltr'><strong>Pastnovichis</strong></span> <span class='ocrx_word' id='word_1_80' title='bbox 902 2062 1087 2159; x_wconf 79' lang='lat' dir='ltr'><strong>gaudere</strong></span> <span class='ocrx_word' id='word_1_81' title='bbox 1112 2067 1154 2138; x_wconf 92' lang='lat' dir='ltr'><strong>et</strong></span> <span class='ocrx_word' id='word_1_82' title='bbox 1182 2059 1264 2136; x_wconf 79' lang='lat' dir='ltr'><strong>frui</strong></span> 
     </span>
    </p>
   </div>
   <div class='ocr_carea' id='block_1_6' title="bbox 171 2178 1263 2382">
    <p class='ocr_par' dir='ltr' id='par_1_6' title="bbox 171 2178 1263 2382">
     <span class='ocr_line' id='line_1_15' title="bbox 171 2178 1263 2287; baseline -0.003 -26"><span class='ocrx_word' id='word_1_83' title='bbox 171 2179 512 2287; x_wconf 81' lang='lat' dir='ltr'><strong>possessionibus</strong></span> <span class='ocrx_word' id='word_1_84' title='bbox 542 2181 636 2269; x_wconf 91' lang='lat' dir='ltr'><strong>suis,</strong></span> <span class='ocrx_word' id='word_1_85' title='bbox 668 2205 770 2282; x_wconf 81' lang='lat' dir='ltr'><strong>quas</strong></span> <span class='ocrx_word' id='word_1_86' title='bbox 798 2180 1011 2258; x_wconf 81' lang='lat' dir='ltr'><strong>hubentin</strong></span> <span class='ocrx_word' id='word_1_87' title='bbox 1028 2178 1263 2259; x_wconf 83' lang='lat' dir='ltr'><strong>confinibus</strong></span> 
     </span>
     <span class='ocr_line' id='line_1_16' title="bbox 171 2303 1234 2382; baseline -0.002 -2"><span class='ocrx_word' id='word_1_88' title='bbox 171 2303 384 2382; x_wconf 87' lang='lat' dir='ltr'><strong>Budue.</strong></span> <span class='ocrx_word' id='word_1_89' title='bbox 1233 2334 1234 2338; x_wconf 12' lang='grc' dir='ltr'><strong><em>Ν</em></strong></span> 
     </span>
    </p>
   </div>
   <div class='ocr_carea' id='block_1_7' title="bbox 273 2437 1289 2543">
    <p class='ocr_par' dir='ltr' id='par_1_7' title="bbox 273 2437 1289 2543">
     <span class='ocr_line' id='line_1_17' title="bbox 273 2437 1289 2543; baseline -0.003 -25"><span class='ocrx_word' id='word_1_90' title='bbox 273 2437 813 2518; x_wconf 80' lang='lat' dir='ltr'><strong>ltemJurusevich</strong></span> <span class='ocrx_word' id='word_1_91' title='bbox 857 2440 893 2516; x_wconf 89' lang='lat' dir='ltr'><strong>vi</strong></span> <span class='ocrx_word' id='word_1_92' title='bbox 931 2441 1099 2543; x_wconf 81' lang='lat' dir='ltr'><strong>aceepit</strong></span> <span class='ocrx_word' id='word_1_93' title='bbox 1140 2446 1182 2518; x_wconf 88' lang='lat' dir='ltr'><strong>et</strong></span> <span class='ocrx_word' id='word_1_94' title='bbox 1209 2447 1289 2517; x_wconf 75' lang='lat' dir='ltr'><strong>te.</strong></span> 
     </span>
    </p>
   </div>
   <div class='ocr_carea' id='block_1_8' title="bbox 171 2553 1382 2666">
    <p class='ocr_par' dir='ltr' id='par_1_8' title="bbox 171 2553 1382 2666">
     <span class='ocr_line' id='line_1_18' title="bbox 171 2553 1382 2666; baseline -0.007 -23"><span class='ocrx_word' id='word_1_95' title='bbox 171 2565 244 2643; x_wconf 87' lang='lat' dir='ltr'><strong>net</strong></span> <span class='ocrx_word' id='word_1_96' title='bbox 258 2587 382 2641; x_wconf 81' lang='lat' dir='ltr'><strong>unam</strong></span> <span class='ocrx_word' id='word_1_97' title='bbox 411 2561 630 2666; x_wconf 52' lang='lat' dir='ltr'><strong>bastinam2</strong></span> <span class='ocrx_word' id='word_1_98' title='bbox 658 2585 739 2662; x_wconf 88' lang='lat' dir='ltr'><strong>que</strong></span> <span class='ocrx_word' id='word_1_99' title='bbox 768 2565 834 2636; x_wconf 88' lang='lat' dir='ltr'><strong>est</strong></span> <span class='ocrx_word' id='word_1_100' title='bbox 862 2559 894 2636; x_wconf 79' lang='lat' dir='ltr'>C</span> <span class='ocrx_word' id='word_1_101' title='bbox 909 2560 936 2636; x_wconf 93' lang='lat' dir='ltr'>h</span> <span class='ocrx_word' id='word_1_102' title='bbox 952 2585 975 2636; x_wconf 86' lang='lat' dir='ltr'><strong>a</strong></span> <span class='ocrx_word' id='word_1_103' title='bbox 990 2561 1002 2636; x_wconf 96' lang='lat' dir='ltr'><strong>i</strong></span> <span class='ocrx_word' id='word_1_104' title='bbox 1019 2587 1044 2639; x_wconf 91' lang='grc' dir='ltr'>ο</span> <span class='ocrx_word' id='word_1_105' title='bbox 1060 2584 1086 2661; x_wconf 81' lang='lat' dir='ltr'>g</span> <span class='ocrx_word' id='word_1_106' title='bbox 1101 2563 1113 2636; x_wconf 94' lang='lat' dir='ltr'><strong>i</strong></span> <span class='ocrx_word' id='word_1_107' title='bbox 1132 2587 1155 2636; x_wconf 95' lang='lat' dir='ltr'><strong>u</strong></span> <span class='ocrx_word' id='word_1_108' title='bbox 1173 2584 1194 2636; x_wconf 81' lang='grc' dir='ltr'><strong>ι·</strong></span> <span class='ocrx_word' id='word_1_109' title='bbox 1209 2583 1235 2658; x_wconf 85' lang='lat' dir='ltr'>g</span> <span class='ocrx_word' id='word_1_110' title='bbox 1250 2560 1264 2636; x_wconf 95' lang='lat' dir='ltr'><strong>i</strong></span> <span class='ocrx_word' id='word_1_111' title='bbox 1379 2553 1382 2580; x_wconf 93' lang='lat'>&#39;</span> 
     </span>
    </p>
   </div>
   <div class='ocr_carea' id='block_1_9' title="bbox 173 2677 1013 2760">
    <p class='ocr_par' dir='ltr' id='par_1_9' title="bbox 173 2677 1013 2760">
     <span class='ocr_line' id='line_1_19' title="bbox 173 2677 1013 2760; baseline -0.004 0"><span class='ocrx_word' id='word_1_112' title='bbox 173 2677 1013 2760; x_wconf 75' lang='lat' dir='ltr'><strong>Chindichexl’ustrovichis.</strong></span> 
     </span>
    </p>
   </div>
   <div class='ocr_carea' id='block_1_10' title="bbox 104 2834 1266 3790">
    <p class='ocr_par' dir='ltr' id='par_1_10' title="bbox 104 2834 1266 3790">
     <span class='ocr_line' id='line_1_20' title="bbox 271 2834 1262 2938; baseline 0.001 -23"><span class='ocrx_word' id='word_1_113' title='bbox 271 2834 813 2916; x_wconf 73' lang='lat' dir='ltr'><strong>ltemiunasevich</strong></span> <span class='ocrx_word' id='word_1_114' title='bbox 842 2839 963 2914; x_wconf 87' lang='lat' dir='ltr'><strong>tenet</strong></span> <span class='ocrx_word' id='word_1_115' title='bbox 989 2837 1030 2912; x_wconf 89' lang='lat' dir='ltr'><strong>vi</strong></span> <span class='ocrx_word' id='word_1_116' title='bbox 1058 2837 1262 2938; x_wconf 84' lang='lat' dir='ltr'><strong>possessi·</strong></span> 
     </span>
     <span class='ocr_line' id='line_1_21' title="bbox 173 2931 1259 3046; baseline -0.006 -8"><span class='ocrx_word' id='word_1_117' title='bbox 173 2983 280 3046; x_wconf 86' lang='lat' dir='ltr'><strong>ones</strong></span> <span class='ocrx_word' id='word_1_118' title='bbox 321 2965 363 3037; x_wconf 89' lang='lat' dir='ltr'><strong>et</strong></span> <span class='ocrx_word' id='word_1_119' title='bbox 399 2931 857 3036; x_wconf 77' lang='lat' dir='ltr'><strong>terrena&#39;Mastini</strong></span> <span class='ocrx_word' id='word_1_120' title='bbox 893 2956 1259 3035; x_wconf 83' lang='lat' dir='ltr'><strong>Susiedonu·</strong></span> 
     </span>
     <span class='ocr_line' id='line_1_22' title="bbox 173 3075 1265 3179; baseline 0 -25"><span class='ocrx_word' id='word_1_121' title='bbox 173 3075 1265 3179; x_wconf 71' lang='lat' dir='ltr'><strong>vich,etMengiePutiminnvich,pro·</strong></span> 
     </span>
     <span class='ocr_line' id='line_1_23' title="bbox 174 3181 1264 3293; baseline 0.002 -21"><span class='ocrx_word' id='word_1_122' title='bbox 174 3195 478 3274; x_wconf 79' lang='lat' dir='ltr'><strong>visionutorum</strong></span> <span class='ocrx_word' id='word_1_123' title='bbox 517 3181 571 3272; x_wconf 55' lang='lat' dir='ltr'><strong>ily</strong></span> <span class='ocrx_word' id='word_1_124' title='bbox 588 3194 763 3293; x_wconf 84' lang='lat' dir='ltr'><strong>domiuij</strong></span> <span class='ocrx_word' id='word_1_125' title='bbox 791 3198 1066 3274; x_wconf 80' lang='lat' dir='ltr'><strong>venetiarum</strong></span> <span class='ocrx_word' id='word_1_126' title='bbox 1090 3199 1140 3286; x_wconf 81' lang='lat' dir='ltr'><strong>,in</strong></span> <span class='ocrx_word' id='word_1_127' title='bbox 1170 3193 1264 3274; x_wconf 81' lang='lat' dir='ltr'><strong>Cu·</strong></span> 
     </span>
     <span class='ocr_line' id='line_1_24' title="bbox 172 3317 1266 3420; baseline 0.002 -28"><span class='ocrx_word' id='word_1_128' title='bbox 172 3322 324 3409; x_wconf 77' lang='lat' dir='ltr'><strong>turo,</strong></span> <span class='ocrx_word' id='word_1_129' title='bbox 353 3341 433 3418; x_wconf 84' lang='lat' dir='ltr'><strong>que</strong></span> <span class='ocrx_word' id='word_1_130' title='bbox 460 3318 758 3420; x_wconf 82' lang='lat' dir='ltr'><strong>possessiones</strong></span> <span class='ocrx_word' id='word_1_131' title='bbox 788 3329 883 3396; x_wconf 89' lang='lat' dir='ltr'><strong>sunt</strong></span> <span class='ocrx_word' id='word_1_132' title='bbox 909 3319 950 3396; x_wconf 93' lang='lat' dir='ltr'><strong>in</strong></span> <span class='ocrx_word' id='word_1_133' title='bbox 979 3319 1022 3394; x_wconf 88' lang='lat' dir='ltr'><strong>M</strong></span> <span class='ocrx_word' id='word_1_134' title='bbox 1037 3341 1060 3392; x_wconf 78' lang='lat' dir='ltr'><strong>a</strong></span> <span class='ocrx_word' id='word_1_135' title='bbox 1077 3317 1141 3395; x_wconf 86' lang='lat' dir='ltr'><strong>ch</strong></span> <span class='ocrx_word' id='word_1_136' title='bbox 1158 3319 1171 3394; x_wconf 92' lang='lat' dir='ltr'><strong>i</strong></span> <span class='ocrx_word' id='word_1_137' title='bbox 1188 3341 1214 3392; x_wconf 91' lang='lat' dir='ltr'><strong>n</strong></span> <span class='ocrx_word' id='word_1_138' title='bbox 1229 3341 1266 3404; x_wconf 87' lang='lat' dir='ltr'><strong>e.</strong></span> 
     </span>
     <span class='ocr_line' id='line_1_25' title="bbox 174 3438 1266 3542; baseline 0.004 -28"><span class='ocrx_word' id='word_1_139' title='bbox 174 3443 218 3514; x_wconf 83' lang='lat' dir='ltr'><strong>et</strong></span> <span class='ocrx_word' id='word_1_140' title='bbox 245 3463 347 3540; x_wconf 87' lang='lat' dir='ltr'><strong>quus</strong></span> <span class='ocrx_word' id='word_1_141' title='bbox 375 3439 417 3516; x_wconf 89' lang='lat' dir='ltr'><strong>ii.</strong></span> <span class='ocrx_word' id='word_1_142' title='bbox 446 3438 644 3516; x_wconf 88' lang='lat' dir='ltr'><strong>domiuus</strong></span> <span class='ocrx_word' id='word_1_143' title='bbox 685 3441 827 3542; x_wconf 83' lang='lat' dir='ltr'><strong>desp</strong></span> <span class='ocrx_word' id='word_1_144' title='bbox 845 3446 975 3516; x_wconf 87' lang='lat' dir='ltr'><strong>otus</strong></span> <span class='ocrx_word' id='word_1_145' title='bbox 1017 3439 1118 3516; x_wconf 82' lang='lat' dir='ltr'><strong>aiias</strong></span> <span class='ocrx_word' id='word_1_146' title='bbox 1139 3438 1266 3538; x_wconf 83' lang='lat' dir='ltr'><strong>jussit</strong></span> 
     </span>
     <span class='ocr_line' id='line_1_26' title="bbox 177 3557 1266 3660; baseline 0.002 -26"><span class='ocrx_word' id='word_1_147' title='bbox 177 3557 239 3634; x_wconf 85' lang='lat' dir='ltr'><strong>eis</strong></span> <span class='ocrx_word' id='word_1_148' title='bbox 265 3558 498 3658; x_wconf 82' lang='lat' dir='ltr'><strong>dessignari</strong></span> <span class='ocrx_word' id='word_1_149' title='bbox 538 3583 616 3660; x_wconf 81' lang='lat' dir='ltr'><strong>per</strong></span> <span class='ocrx_word' id='word_1_150' title='bbox 644 3559 1018 3646; x_wconf 82' lang='lat' dir='ltr'><strong>Dusmanum,</strong></span> <span class='ocrx_word' id='word_1_151' title='bbox 1061 3561 1159 3639; x_wconf 81' lang='lat' dir='ltr'><strong>iicet</strong></span> <span class='ocrx_word' id='word_1_152' title='bbox 1196 3581 1266 3640; x_wconf 80' lang='lat' dir='ltr'><strong>eas</strong></span> 
     </span>
     <span class='ocr_line' id='line_1_27' title="bbox 104 3677 704 3790; baseline 0.008 -38"><span class='ocrx_word' id='word_1_153' title='bbox 104 3781 109 3790; x_wconf 23' lang='grc' dir='ltr'>ι</span> <span class='ocrx_word' id='word_1_154' title='bbox 172 3701 259 3754; x_wconf 87' lang='lat' dir='ltr'><strong>uon</strong></span> <span class='ocrx_word' id='word_1_155' title='bbox 285 3677 448 3756; x_wconf 81' lang='lat' dir='ltr'><strong>habere</strong></span> <span class='ocrx_word' id='word_1_156' title='bbox 475 3681 704 3779; x_wconf 84' lang='lat' dir='ltr'><strong>potuerint.</strong></span> 
     </span>
    </p>
   </div>
   <div class='ocr_carea' id='block_1_11' title="bbox 174 3831 1267 4302">
    <p class='ocr_par' dir='ltr' id='par_1_11' title="bbox 174 3831 1267 4302">
     <span class='ocr_line' id='line_1_28' title="bbox 276 3831 1264 3914; baseline 0.005 -5"><span class='ocrx_word' id='word_1_157' title='bbox 276 3833 420 3911; x_wconf 82' lang='lat' dir='ltr'><strong>Item</strong></span> <span class='ocrx_word' id='word_1_158' title='bbox 449 3831 893 3913; x_wconf 77' lang='lat' dir='ltr'><strong>Penohoceiius</strong></span> <span class='ocrx_word' id='word_1_159' title='bbox 932 3834 1121 3914; x_wconf 85' lang='lat' dir='ltr'><strong>subditus</strong></span> <span class='ocrx_word' id='word_1_160' title='bbox 1147 3835 1264 3914; x_wconf 75' lang='lat' dir='ltr'><strong>Juru·</strong></span> 
     </span>
     <span class='ocr_line' id='line_1_29' title="bbox 175 3953 1267 4042; baseline 0.004 -10"><span class='ocrx_word' id='word_1_161' title='bbox 175 3955 340 4041; x_wconf 87' lang='lat' dir='ltr'><strong>sevieh,</strong></span> <span class='ocrx_word' id='word_1_162' title='bbox 367 3961 483 4034; x_wconf 86' lang='lat' dir='ltr'><strong>tenet</strong></span> <span class='ocrx_word' id='word_1_163' title='bbox 509 3979 632 4031; x_wconf 89' lang='lat' dir='ltr'><strong>unum</strong></span> <span class='ocrx_word' id='word_1_164' title='bbox 662 3953 864 4032; x_wconf 81' lang='lat' dir='ltr'><strong>bustiuam</strong></span> <span class='ocrx_word' id='word_1_165' title='bbox 906 3955 1052 4035; x_wconf 73' lang='lat' dir='ltr'><strong>(iarn</strong></span> <span class='ocrx_word' id='word_1_166' title='bbox 1070 3979 1136 4042; x_wconf 80' lang='lat' dir='ltr'><strong>oe</strong></span> <span class='ocrx_word' id='word_1_167' title='bbox 1168 3955 1267 4036; x_wconf 89' lang='lat' dir='ltr'><strong>No·</strong></span> 
     </span>
     <span class='ocr_line' id='line_1_30' title="bbox 174 4059 1264 4177; baseline 0.006 -28"><span class='ocrx_word' id='word_1_168' title='bbox 174 4073 514 4154; x_wconf 68' lang='lat' dir='ltr'><strong>vuehouich</strong></span> <span class='ocrx_word' id='word_1_169' title='bbox 545 4059 599 4152; x_wconf 79' lang='lat' dir='ltr'><strong>ex</strong></span> <span class='ocrx_word' id='word_1_170' title='bbox 626 4071 1064 4163; x_wconf 78' lang='lat' dir='ltr'><strong>Pustruviehis,</strong></span> <span class='ocrx_word' id='word_1_171' title='bbox 1092 4099 1175 4177; x_wconf 90' lang='lat' dir='ltr'><strong>que</strong></span> <span class='ocrx_word' id='word_1_172' title='bbox 1197 4077 1264 4155; x_wconf 84' lang='lat' dir='ltr'><strong>bu·</strong></span> 
     </span>
     <span class='ocr_line' id='line_1_31' title="bbox 174 4193 1215 4302; baseline 0 -28"><span class='ocrx_word' id='word_1_173' title='bbox 174 4196 282 4276; x_wconf 80' lang='lat' dir='ltr'><strong>stinu</strong></span> <span class='ocrx_word' id='word_1_174' title='bbox 308 4193 438 4276; x_wconf 78' lang='lat' dir='ltr'><strong>estin</strong></span> <span class='ocrx_word' id='word_1_175' title='bbox 468 4197 687 4275; x_wconf 75' lang='lat' dir='ltr'><strong>cacumine</strong></span> <span class='ocrx_word' id='word_1_176' title='bbox 713 4199 868 4277; x_wconf 82' lang='lat' dir='ltr'><strong>montis</strong></span> <span class='ocrx_word' id='word_1_177' title='bbox 894 4203 993 4302; x_wconf 82' lang='lat' dir='ltr'><strong>post</strong></span> <span class='ocrx_word' id='word_1_178' title='bbox 1020 4195 1160 4278; x_wconf 81' lang='lat' dir='ltr'><strong>Scio</strong></span> <span class='ocrx_word' id='word_1_179' title='bbox 1177 4225 1215 4278; x_wconf 87' lang='lat' dir='ltr'><strong>e.</strong></span> 
     </span>
    </p>
   </div>
   <div class='ocr_carea' id='block_1_12' title="bbox 0 0 1623 5112">
    <p class='ocr_par' dir='ltr' id='par_1_12' title="bbox 0 0 1623 5112">
     <span class='ocr_line' id='line_1_32' title="bbox 0 0 1623 5112; baseline 0 0"><span class='ocrx_word' id='word_1_180' title='bbox 0 0 1623 5112; x_wconf 95' lang='lat' dir='ltr'><strong> </strong></span> 
     </span>
    </p>
   </div>
  </div>
 </body>
</html>
