3206 5110
1219 371 1285 438 595

179 576 346 659 bubebo
387 580 429 658 in
472 577 639 664 antoa,'
666 600 829 687 eosque
878 577 1100 658 defensore
1147 575 1284 660 debeo

180 704 328 778 contra
358 723 507 778 omnes
530 697 739 784 homines,
768 697 910 777 salros
940 706 981 777 et
1008 722 1188 777 securos
1216 696 1285 779 bn·

179 819 283 895 bere
325 819 476 906 debeo,
504 839 653 896 onmes
694 811 765 919 qui
808 819 885 897 sub
915 817 1104 897 dominio
1134 825 1285 898 nostro

176 943 271 1014 sunt
298 939 338 1016 iu
366 937 560 1040 personis
587 945 630 1016 et
657 941 800 1026 robus,
827 939 988 1044 pariter
1015 938 1188 1044 ubique;
1218 939 1285 1016 de·

180 1061 279 1138 beot
305 1065 444 1135 etitem
472 1053 605 1136 vestri
634 1057 830 1135 Venetici
858 1059 898 1134 in
929 1059 1126 1138 omnibus
1160 1058 1286 1138 terris

179 1202 281 1282 quas
320 1177 485 1263 liabeo,
525 1183 570 1256 et
596 1175 793 1266 habebo,
836 1187 879 1258 et
917 1181 954 1256 iu
993 1179 1053 1257 eis
1082 1203 1164 1282 que
1191 1188 1287 1260 suot

178 1297 279 1374 mihi
320 1321 530 1406 concesse
559 1320 639 1400 per
679 1321 771 1387 von,
813 1295 855 1379 in
891 1295 1040 1400 quibus
1067 1298 1287 1378 volueritis

176 1443 256 1498 vos
284 1426 326 1497 et
365 1441 642 1496 successores
671 1416 816 1510 vestri,
857 1417 1017 1498 habere
1058 1419 1285 1499 ecclesiam

177 1549 220 1618 ct
248 1537 406 1632 curiam
436 1543 479 1614 ct
507 1535 734 1624 fundicum,
763 1545 806 1616 ct
835 1561 987 1616 omnes
1021 1540 1123 1620 aiios
1152 1539 1286 1622 hono·

176 1657 405 1770 riticentias
432 1663 515 1735 tam
542 1659 583 1734 in
610 1654 933 1760 spriritualibus,
962 1683 1087 1761 quam
1114 1658 1155 1738 in
1184 1666 1285 1740 tem·

177 1776 411 1883 porniibuS‚
439 1763 765 1887 quoshabebaut
780 1783 976 1879 tempore
993 1780 1153 1858 domini
1166 1781 1286 1862 Emo-

125 1974 127 1978 ,
176 1899 314 1978 noetis
347 1899 628 2001 imperatorie,
658 1905 711 1978 et·
728 1901 887 1978 debent
915 1910 959 1980 et
981 1901 1093 2004 ipsi,
1135 1910 1178 1982 et
1205 1903 1285 2002 Dy-

177 2013 338 2100 racbini
366 2017 501 2098 tibere
527 2017 709 2096 mercori
735 2009 893 2119 ubique
923 2027 965 2099 ct
992 2019 1085 2098 sine
1122 2029 1286 2124 contro·

177 2139 325 2220 rietetc
355 2143 614 2240 quusquam,
637 2141 686 2232 ,ct
701 2136 860 2216 babere
875 2140 1093 2219 transitum
1123 2144 1172 2220 ad
1201 2165 1285 2220 om·

20 2331 25 2336 .
176 2259 483 2362 nem-fluvium,
510 2259 633 2340 etad
663 2277 833 2338 omnem
861 2281 1017 2362 aquom
1048 2261 1209 2363 paritor
1233 2259 1285 2340 oi·'

176 2407 229 2460 ne
269 2382 570 2460 contrarietate
598 2381 791 2480 olicujtm,
829 2380 918 2460 sine
956 2381 1122 2462 dicento
1153 2391 1196 2462 et
1223 2405 1284 2461 re·

54 2511 56 2518 ’
177 2501 284 2582 resia
312 2509 355 2582 et
383 2500 578 2606 pedagio,
605 2510 648 2579 et
674 2502 758 2578 uita
786 2501 865 2612 utic
894 2503 1191 2592 exectioneet
1217 2505 1284 2581 da·
1411 2531 1415 2542 ⁴

175 2625 308 2703 tione.
362 2622 414 2700 ut
440 2624 474 2700 si
502 2645 603 2700 cocu
631 2621 896 2721 contingerit,
925 2621 1040 2726 quod
1063 2625 1283 2728 utiquisde

176 2741 443 2851 pertinentiis
487 2741 592 2818 meis
645 2741 869 2820 offenderit
907 2745 1092 2846 vntiquom
1145 2747 1283 2822 Vene-

176 2881 329 2956 torum,
356 2865 424 2942 vet
453 2863 647 2942 damnum
676 2864 714 2940 ei
743 2863 951 2953 intulerit,
980 2869 1052 2944 aut
1078 2864 1278 2964 Dyrocbi·

175 3011 272 3064 num
287 2993 360 3064 aut
375 2983 657 3077 Corticneum,
673 2987 853 3064 donnum
869 2989 914 3062 ot
926 2987 1127 3066 offensam
1145 3005 1282 3064 emen·

177 3109 269 3188 dori
298 3107 459 3188 inciam·
479 3106 587 3185 inira
617 3107 707 3184 dies
741 3105 835 3184 XV.
871 3130 925 3182 cx
967 3127 1051 3208 quo
1094 3107 1282 3186 notition-

178 3238 263 3306 tum
291 3227 393 3307 mibi
421 3226 656 3320 fueritve!
684 3215 821 3305 bniiiis
848 3225 980 3304 meis:
1022 3229 1136 3328 quod
1164 3228 1199 3305 si
1227 3225 1282 3306 in·

177 3349 240 3424 tre
267 3347 357 3428 dies
382 3346 477 3427 XV.
508 3349 773 3426 emendatum
801 3369 887 3424 non
903 3345 994 3430 erit,
1019 3344 1169 3426 faciam
1187 3353 1284 3424 tunc

177 3469 279 3547 ittud
320 3469 550 3548 emendare
590 3471 633 3546 in
670 3468 863 3571 duplum.
917 3466 1063 3545 Debeo
1115 3485 1284 3568 quoquc

176 3617 253 3670 eos
283 3591 353 3692 qui
381 3587 503 3667 vobis
542 3595 641 3666 sunt
668 3587 854 3675 inimici,
883 3595 926 3667 et
954 3595 1090 3675 erunt,
1125 3585 1284 3663 bebere

176 3735 253 3814 pru
283 3711 479 3804 inimicis,
507 3720 551 3791 ct
576 3709 786 3790 inimicari
812 3710 887 3799 eis,
917 3733 996 3788 nec
1013 3732 1090 3786 cos
1122 3709 1299 3809 recipe«

177 3857 224 3908 re
251 3831 291 3908 in
321 3831 448 3908 terris
487 3829 606 3918 meis,
634 3831 774 3910 donoc
813 3827 864 3906 ud
892 3825 1282 3928 vestrom'gratiam
1345 3851 1349 3866 ·

177 3951 478 4029 reformentur.

280 4071 482 4149 Pretcreo
523 4071 558 4147 si
598 4068 714 4146 noris
756 4069 911 4170 atiquo]
937 4070 1211 4164 Venetorum
1241 4068 1283 4144 in

177 4192 364 4297 portibus
403 4187 577 4268 dominii
613 4189 705 4268 mei·
733 4183 995 4290 naufragium
1025 4183 1286 4280 sustinuerit,
