<?xml version="1.0" encoding="UTF-8"?>
<!DOCTYPE html PUBLIC "-//W3C//DTD XHTML 1.0 Transitional//EN"
    "http://www.w3.org/TR/xhtml1/DTD/xhtml1-transitional.dtd">
<html xmlns="http://www.w3.org/1999/xhtml" xml:lang="en" lang="en">
 <head>
  <title>
</title>
<meta http-equiv="Content-Type" content="text/html;charset=utf-8" />
  <meta name='ocr-system' content='tesseract 3.04.00' />
  <meta name='ocr-capabilities' content='ocr_page ocr_carea ocr_par ocr_line ocrx_word'/>
</head>
<body>
  <div class='ocr_page' id='page_1' title='image "./actaarchivivene00sergoog_0184.png"; bbox 0 0 3212 5116; ppageno 0'>
   <div class='ocr_carea' id='block_1_1' title="bbox 368 423 446 492">
    <p class='ocr_par' dir='ltr' id='par_1_1' title="bbox 368 423 446 492">
     <span class='ocr_line' id='line_1_1' title="bbox 368 423 446 492; baseline 0.077 -6"><span class='ocrx_word' id='word_1_1' title='bbox 368 423 446 492; x_wconf 67' lang='lat' dir='ltr'><strong>tot</strong></span> 
     </span>
    </p>
   </div>
   <div class='ocr_carea' id='block_1_2' title="bbox 368 628 1584 856">
    <p class='ocr_par' dir='ltr' id='par_1_2' title="bbox 368 628 1584 856">
     <span class='ocr_line' id='line_1_2' title="bbox 383 628 1584 736; baseline 0 -26"><span class='ocrx_word' id='word_1_2' title='bbox 383 653 508 736; x_wconf 76' lang='lat' dir='ltr'><strong>quom</strong></span> <span class='ocrx_word' id='word_1_3' title='bbox 533 631 862 736; x_wconf 75' lang='lat' dir='ltr'><strong>promissionem</strong></span> <span class='ocrx_word' id='word_1_4' title='bbox 889 628 1171 734; x_wconf 76' lang='lat' dir='ltr'><strong>specificatam</strong></span> <span class='ocrx_word' id='word_1_5' title='bbox 1200 635 1290 734; x_wconf 78' lang='lat' dir='ltr'><strong>regi</strong></span> <span class='ocrx_word' id='word_1_6' title='bbox 1331 635 1373 711; x_wconf 92' lang='lat' dir='ltr'><strong>in</strong></span> <span class='ocrx_word' id='word_1_7' title='bbox 1398 635 1479 713; x_wconf 80' lang='lat' dir='ltr'><strong>ino-</strong></span> <span class='ocrx_word' id='word_1_8' title='bbox 1579 725 1584 734; x_wconf 21' lang='lat'><strong><em>⁴</em></strong></span> 
     </span>
     <span class='ocr_line' id='line_1_3' title="bbox 368 749 1480 856; baseline -0.001 -24"><span class='ocrx_word' id='word_1_9' title='bbox 368 793 372 800; x_wconf 90' lang='lat'><strong>·</strong></span> <span class='ocrx_word' id='word_1_10' title='bbox 389 763 440 832; x_wconf 84' lang='lat' dir='ltr'><strong>to:</strong></span> <span class='ocrx_word' id='word_1_11' title='bbox 463 752 670 856; x_wconf 80' lang='lat' dir='ltr'><strong>pecuniae</strong></span> <span class='ocrx_word' id='word_1_12' title='bbox 711 775 801 854; x_wconf 92' lang='lat' dir='ltr'><strong>pro·</strong></span> <span class='ocrx_word' id='word_1_13' title='bbox 833 751 982 828; x_wconf 81' lang='lat' dir='ltr'><strong>rostris</strong></span> <span class='ocrx_word' id='word_1_14' title='bbox 1011 749 1044 828; x_wconf 91' lang='lat' dir='ltr'>C</span> <span class='ocrx_word' id='word_1_15' title='bbox 1059 752 1070 827; x_wconf 95' lang='grc'>1</span> <span class='ocrx_word' id='word_1_16' title='bbox 1087 751 1135 828; x_wconf 92' lang='lat' dir='ltr'><strong>is</strong></span> <span class='ocrx_word' id='word_1_17' title='bbox 1150 754 1196 830; x_wconf 88' lang='lat' dir='ltr'><strong>si</strong></span> <span class='ocrx_word' id='word_1_18' title='bbox 1211 751 1237 828; x_wconf 88' lang='lat' dir='ltr'><strong>i·</strong></span> <span class='ocrx_word' id='word_1_19' title='bbox 1252 763 1294 832; x_wconf 90' lang='lat' dir='ltr'><strong>et</strong></span> <span class='ocrx_word' id='word_1_20' title='bbox 1321 754 1426 834; x_wconf 79' lang='lat' dir='ltr'><strong>Sca</strong></span> <span class='ocrx_word' id='word_1_21' title='bbox 1441 779 1480 832; x_wconf 92' lang='lat' dir='ltr'><strong>r·</strong></span> 
     </span>
    </p>
   </div>
   <div class='ocr_carea' id='block_1_3' title="bbox 383 869 1596 976">
    <p class='ocr_par' dir='ltr' id='par_1_3' title="bbox 383 869 1596 976">
     <span class='ocr_line' id='line_1_4' title="bbox 383 869 1596 976; baseline 0.003 -28"><span class='ocrx_word' id='word_1_22' title='bbox 383 875 570 950; x_wconf 83' lang='lat' dir='ltr'><strong>donae</strong></span> <span class='ocrx_word' id='word_1_23' title='bbox 611 871 841 949; x_wconf 88' lang='lat' dir='ltr'><strong>secundum</strong></span> <span class='ocrx_word' id='word_1_24' title='bbox 889 869 1124 949; x_wconf 79' lang='lat' dir='ltr'><strong>libertatern</strong></span> <span class='ocrx_word' id='word_1_25' title='bbox 1163 871 1243 950; x_wconf 90' lang='lat' dir='ltr'><strong>sibi</strong></span> <span class='ocrx_word' id='word_1_26' title='bbox 1282 897 1362 976; x_wconf 85' lang='lat' dir='ltr'><strong>per</strong></span> <span class='ocrx_word' id='word_1_27' title='bbox 1401 899 1480 952; x_wconf 92' lang='lat' dir='ltr'><strong>nos</strong></span> <span class='ocrx_word' id='word_1_28' title='bbox 1591 897 1596 906; x_wconf 92' lang='lat'>·</span> 
     </span>
    </p>
   </div>
   <div class='ocr_carea' id='block_1_4' title="bbox 302 991 1541 2899">
    <p class='ocr_par' dir='ltr' id='par_1_4' title="bbox 302 991 1541 2899">
     <span class='ocr_line' id='line_1_5' title="bbox 384 991 1479 1096; baseline -0.003 -23"><span class='ocrx_word' id='word_1_29' title='bbox 384 1014 643 1080; x_wconf 79' lang='lat' dir='ltr'><strong>conoessum3</strong></span> <span class='ocrx_word' id='word_1_30' title='bbox 671 991 867 1070; x_wconf 85' lang='lat' dir='ltr'><strong>volumus</strong></span> <span class='ocrx_word' id='word_1_31' title='bbox 894 991 1012 1070; x_wconf 84' lang='lat' dir='ltr'><strong>etsie</strong></span> <span class='ocrx_word' id='word_1_32' title='bbox 1028 991 1066 1068; x_wconf 86' lang='lat' dir='ltr'><strong>ei</strong></span> <span class='ocrx_word' id='word_1_33' title='bbox 1093 994 1348 1080; x_wconf 81' lang='lat' dir='ltr'><strong>mundemus,</strong></span> <span class='ocrx_word' id='word_1_34' title='bbox 1365 995 1479 1096; x_wconf 89' lang='lat' dir='ltr'><strong>quod</strong></span> 
     </span>
     <span class='ocr_line' id='line_1_6' title="bbox 382 1109 1479 1216; baseline 0 -26"><span class='ocrx_word' id='word_1_35' title='bbox 382 1111 497 1190; x_wconf 85' lang='lat' dir='ltr'><strong>nullo</strong></span> <span class='ocrx_word' id='word_1_36' title='bbox 540 1109 667 1188; x_wconf 88' lang='lat' dir='ltr'><strong>modo</strong></span> <span class='ocrx_word' id='word_1_37' title='bbox 695 1134 742 1186; x_wconf 90' lang='lat' dir='ltr'><strong>se</strong></span> <span class='ocrx_word' id='word_1_38' title='bbox 786 1112 951 1210; x_wconf 84' lang='lat' dir='ltr'><strong>eiarget</strong></span> <span class='ocrx_word' id='word_1_39' title='bbox 979 1113 1032 1188; x_wconf 86' lang='lat' dir='ltr'><strong>de</strong></span> <span class='ocrx_word' id='word_1_40' title='bbox 1062 1109 1257 1190; x_wconf 87' lang='lat' dir='ltr'><strong>faciendo</strong></span> <span class='ocrx_word' id='word_1_41' title='bbox 1300 1111 1479 1216; x_wconf 79' lang='lat' dir='ltr'><strong>aliquam</strong></span> 
     </span>
     <span class='ocr_line' id='line_1_7' title="bbox 371 1227 1476 1336; baseline 0.004 -30"><span class='ocrx_word' id='word_1_42' title='bbox 371 1229 707 1336; x_wconf 89' lang='lat' dir='ltr'><strong>promissionem</strong></span> <span class='ocrx_word' id='word_1_43' title='bbox 763 1227 1047 1334; x_wconf 80' lang='lat' dir='ltr'><strong>specificatam</strong></span> <span class='ocrx_word' id='word_1_44' title='bbox 1100 1231 1306 1332; x_wconf 81' lang='lat' dir='ltr'><strong>pecuniae</strong></span> <span class='ocrx_word' id='word_1_45' title='bbox 1361 1233 1476 1312; x_wconf 79' lang='lat' dir='ltr'><strong>dicto</strong></span> 
     </span>
     <span class='ocr_line' id='line_1_8' title="bbox 381 1347 1479 1451; baseline -0.001 -22"><span class='ocrx_word' id='word_1_46' title='bbox 381 1349 487 1451; x_wconf 85' lang='lat' dir='ltr'><strong>regi,</strong></span> <span class='ocrx_word' id='word_1_47' title='bbox 522 1348 596 1426; x_wconf 87' lang='lat' dir='ltr'><strong>sed</strong></span> <span class='ocrx_word' id='word_1_48' title='bbox 633 1354 791 1427; x_wconf 79' lang='lat' dir='ltr'><strong>tantum</strong></span> <span class='ocrx_word' id='word_1_49' title='bbox 833 1355 975 1448; x_wconf 81' lang='lat' dir='ltr'><strong>tangat</strong></span> <span class='ocrx_word' id='word_1_50' title='bbox 1001 1347 1080 1425; x_wconf 88' lang='lat' dir='ltr'><strong>sibi</strong></span> <span class='ocrx_word' id='word_1_51' title='bbox 1106 1349 1234 1428; x_wconf 83' lang='lat' dir='ltr'><strong>verba</strong></span> <span class='ocrx_word' id='word_1_52' title='bbox 1275 1359 1479 1430; x_wconf 82' lang='lat' dir='ltr'><strong>tractatus</strong></span> 
     </span>
     <span class='ocr_line' id='line_1_9' title="bbox 384 1472 1478 1575; baseline -0.001 -24"><span class='ocrx_word' id='word_1_53' title='bbox 384 1474 594 1552; x_wconf 83' lang='lat' dir='ltr'><strong>dictorum</strong></span> <span class='ocrx_word' id='word_1_54' title='bbox 624 1479 874 1565; x_wconf 80' lang='lat' dir='ltr'><strong>castrorum,</strong></span> <span class='ocrx_word' id='word_1_55' title='bbox 904 1477 947 1548; x_wconf 85' lang='lat' dir='ltr'><strong>et</strong></span> <span class='ocrx_word' id='word_1_56' title='bbox 970 1473 1107 1552; x_wconf 79' lang='lat' dir='ltr'><strong>trahat</strong></span> <span class='ocrx_word' id='word_1_57' title='bbox 1134 1472 1335 1574; x_wconf 90' lang='lat' dir='ltr'><strong>quidquid</strong></span> <span class='ocrx_word' id='word_1_58' title='bbox 1352 1473 1478 1575; x_wconf 87' lang='lat' dir='ltr'><strong>&#39;pote-</strong></span> 
     </span>
     <span class='ocr_line' id='line_1_10' title="bbox 381 1579 1478 1696; baseline 0.001 -26"><span class='ocrx_word' id='word_1_59' title='bbox 381 1579 435 1670; x_wconf 73' lang='lat' dir='ltr'><strong>rit</strong></span> <span class='ocrx_word' id='word_1_60' title='bbox 462 1593 515 1669; x_wconf 87' lang='lat' dir='ltr'><strong>de</strong></span> <span class='ocrx_word' id='word_1_61' title='bbox 543 1592 775 1694; x_wconf 87' lang='lat' dir='ltr'><strong>intentione</strong></span> <span class='ocrx_word' id='word_1_62' title='bbox 804 1591 903 1670; x_wconf 86' lang='lat' dir='ltr'><strong>dicti</strong></span> <span class='ocrx_word' id='word_1_63' title='bbox 946 1591 1088 1693; x_wconf 83' lang='lat' dir='ltr'><strong>regis,</strong></span> <span class='ocrx_word' id='word_1_64' title='bbox 1119 1601 1160 1672; x_wconf 87' lang='lat' dir='ltr'><strong>et</strong></span> <span class='ocrx_word' id='word_1_65' title='bbox 1188 1596 1240 1672; x_wconf 91' lang='lat' dir='ltr'><strong>de</strong></span> <span class='ocrx_word' id='word_1_66' title='bbox 1269 1595 1478 1696; x_wconf 90' lang='lat' dir='ltr'><strong>petitioni·</strong></span> 
     </span>
     <span class='ocr_line' id='line_1_11' title="bbox 382 1709 1476 1816; baseline 0.001 -27"><span class='ocrx_word' id='word_1_67' title='bbox 382 1713 459 1790; x_wconf 89' lang='lat' dir='ltr'><strong>bus</strong></span> <span class='ocrx_word' id='word_1_68' title='bbox 485 1709 589 1814; x_wconf 79' lang='lat' dir='ltr'><strong>quos</strong></span> <span class='ocrx_word' id='word_1_69' title='bbox 616 1712 778 1790; x_wconf 82' lang='lat' dir='ltr'><strong>taceret</strong></span> <span class='ocrx_word' id='word_1_70' title='bbox 805 1737 885 1814; x_wconf 93' lang='lat' dir='ltr'><strong>pro</strong></span> <span class='ocrx_word' id='word_1_71' title='bbox 915 1713 1037 1792; x_wconf 83' lang='lat' dir='ltr'><strong>dictis</strong></span> <span class='ocrx_word' id='word_1_72' title='bbox 1079 1713 1253 1806; x_wconf 81' lang='lat' dir='ltr'><strong>osstris,</strong></span> <span class='ocrx_word' id='word_1_73' title='bbox 1282 1719 1324 1791; x_wconf 85' lang='lat' dir='ltr'><strong>et</strong></span> <span class='ocrx_word' id='word_1_74' title='bbox 1351 1737 1476 1816; x_wconf 81' lang='lat' dir='ltr'><strong>quem</strong></span> 
     </span>
     <span class='ocr_line' id='line_1_12' title="bbox 381 1831 1476 1936; baseline 0.004 -30"><span class='ocrx_word' id='word_1_75' title='bbox 381 1832 570 1910; x_wconf 85' lang='lat' dir='ltr'><strong>velocius</strong></span> <span class='ocrx_word' id='word_1_76' title='bbox 593 1832 752 1935; x_wconf 88' lang='lat' dir='ltr'><strong>poterit</strong></span> <span class='ocrx_word' id='word_1_77' title='bbox 778 1831 900 1909; x_wconf 87' lang='lat' dir='ltr'><strong>nobis</strong></span> <span class='ocrx_word' id='word_1_78' title='bbox 926 1832 1094 1922; x_wconf 83' lang='lat' dir='ltr'><strong>scribet,</strong></span> <span class='ocrx_word' id='word_1_79' title='bbox 1122 1834 1323 1936; x_wconf 91' lang='lat' dir='ltr'><strong>quidquid</strong></span> <span class='ocrx_word' id='word_1_80' title='bbox 1351 1834 1476 1913; x_wconf 83' lang='lat' dir='ltr'><strong>hobu-</strong></span> 
     </span>
     <span class='ocr_line' id='line_1_13' title="bbox 302 1945 1473 2062; baseline 0.003 -34"><span class='ocrx_word' id='word_1_81' title='bbox 302 2033 304 2040; x_wconf 56' lang='grc'>,</span> <span class='ocrx_word' id='word_1_82' title='bbox 381 1952 473 2036; x_wconf 86' lang='lat' dir='ltr'><strong>erit,</strong></span> <span class='ocrx_word' id='word_1_83' title='bbox 501 1945 547 2029; x_wconf 86' lang='lat' dir='ltr'><strong>ut</strong></span> <span class='ocrx_word' id='word_1_84' title='bbox 573 1954 785 2056; x_wconf 88' lang='lat' dir='ltr'><strong>possimus</strong></span> <span class='ocrx_word' id='word_1_85' title='bbox 809 1955 1094 2062; x_wconf 84' lang='lat' dir='ltr'><strong>postmodum</strong></span> <span class='ocrx_word' id='word_1_86' title='bbox 1126 1954 1274 2030; x_wconf 87' lang='lat' dir='ltr'><strong>meiius</strong></span> <span class='ocrx_word' id='word_1_87' title='bbox 1316 1955 1473 2033; x_wconf 85' lang='lat' dir='ltr'><strong>delibe-</strong></span> 
     </span>
     <span class='ocr_line' id='line_1_14' title="bbox 383 2059 1541 2180; baseline 0.003 -30"><span class='ocrx_word' id='word_1_88' title='bbox 383 2095 495 2180; x_wconf 76' lang='lat' dir='ltr'><strong>rare,</strong></span> <span class='ocrx_word' id='word_1_89' title='bbox 527 2065 625 2175; x_wconf 82' lang='lat' dir='ltr'><strong>quid</strong></span> <span class='ocrx_word' id='word_1_90' title='bbox 665 2075 745 2153; x_wconf 85' lang='lat' dir='ltr'><strong>erit</strong></span> <span class='ocrx_word' id='word_1_91' title='bbox 785 2059 1013 2179; x_wconf 85' lang='lat' dir='ltr'><strong>superinde</strong></span> <span class='ocrx_word' id='word_1_92' title='bbox 1050 2077 1282 2176; x_wconf 82' lang='lat' dir='ltr'><strong>agendum,</strong></span> <span class='ocrx_word' id='word_1_93' title='bbox 1314 2083 1476 2154; x_wconf 76' lang='lat' dir='ltr'><strong>et‘nos·</strong></span> <span class='ocrx_word' id='word_1_94' title='bbox 1536 2115 1541 2132; x_wconf 91' lang='lat'>·</span> 
     </span>
     <span class='ocr_line' id='line_1_15' title="bbox 380 2194 1474 2297; baseline -0.001 -24"><span class='ocrx_word' id='word_1_95' title='bbox 380 2203 489 2273; x_wconf 88' lang='lat' dir='ltr'><strong>trum</strong></span> <span class='ocrx_word' id='word_1_96' title='bbox 529 2194 815 2297; x_wconf 76' lang='lat' dir='ltr'>praestoletur</span> <span class='ocrx_word' id='word_1_97' title='bbox 854 2195 1106 2273; x_wconf 81' lang='lat' dir='ltr'><strong>mandatum.</strong></span> <span class='ocrx_word' id='word_1_98' title='bbox 1163 2195 1209 2273; x_wconf 80' lang='lat' dir='ltr'><strong>Si</strong></span> <span class='ocrx_word' id='word_1_99' title='bbox 1247 2219 1351 2273; x_wconf 90' lang='lat' dir='ltr'><strong>vero</strong></span> <span class='ocrx_word' id='word_1_100' title='bbox 1387 2199 1474 2295; x_wconf 85' lang='lat' dir='ltr'><strong>jam</strong></span> 
     </span>
     <span class='ocr_line' id='line_1_16' title="bbox 381 2312 1476 2416; baseline 0.001 -27"><span class='ocrx_word' id='word_1_101' title='bbox 381 2313 492 2391; x_wconf 87' lang='lat' dir='ltr'><strong>iorte</strong></span> <span class='ocrx_word' id='word_1_102' title='bbox 520 2312 695 2392; x_wconf 79' lang='lat' dir='ltr'><strong>fecisset</strong></span> <span class='ocrx_word' id='word_1_103' title='bbox 721 2315 1047 2416; x_wconf 80' lang='lat' dir='ltr'><strong>promissionem</strong></span> <span class='ocrx_word' id='word_1_104' title='bbox 1088 2315 1372 2416; x_wconf 74' lang='lat' dir='ltr'><strong>specificatum</strong></span> <span class='ocrx_word' id='word_1_105' title='bbox 1409 2337 1476 2390; x_wconf 88' lang='lat' dir='ltr'><strong>re·</strong></span> 
     </span>
     <span class='ocr_line' id='line_1_17' title="bbox 379 2433 1476 2538; baseline 0.002 -28"><span class='ocrx_word' id='word_1_106' title='bbox 379 2433 422 2533; x_wconf 77' lang='lat' dir='ltr'><strong>gi</strong></span> <span class='ocrx_word' id='word_1_107' title='bbox 447 2434 679 2535; x_wconf 76' lang='lat' dir='ltr'><strong>pecuniae,</strong></span> <span class='ocrx_word' id='word_1_108' title='bbox 707 2433 865 2514; x_wconf 80' lang='lat' dir='ltr'><strong>scribat</strong></span> <span class='ocrx_word' id='word_1_109' title='bbox 890 2433 1103 2512; x_wconf 82' lang='lat' dir='ltr'><strong>velociter</strong></span> <span class='ocrx_word' id='word_1_110' title='bbox 1138 2434 1476 2538; x_wconf 77' lang='lat' dir='ltr'><strong>responsionem,</strong></span> 
     </span>
     <span class='ocr_line' id='line_1_18' title="bbox 379 2555 1476 2658; baseline 0.001 -26"><span class='ocrx_word' id='word_1_111' title='bbox 379 2579 502 2657; x_wconf 80' lang='lat' dir='ltr'><strong>quum</strong></span> <span class='ocrx_word' id='word_1_112' title='bbox 543 2555 740 2635; x_wconf 78' lang='lat' dir='ltr'><strong>habuerit</strong></span> <span class='ocrx_word' id='word_1_113' title='bbox 767 2558 818 2634; x_wconf 85' lang='lat' dir='ltr'><strong>ab</strong></span> <span class='ocrx_word' id='word_1_114' title='bbox 848 2558 941 2658; x_wconf 90' lang='lat' dir='ltr'><strong>ipso</strong></span> <span class='ocrx_word' id='word_1_115' title='bbox 980 2579 1085 2656; x_wconf 83' lang='lat' dir='ltr'><strong>rege</strong></span> <span class='ocrx_word' id='word_1_116' title='bbox 1114 2563 1157 2646; x_wconf 84' lang='lat' dir='ltr'><strong>et</strong></span> <span class='ocrx_word' id='word_1_117' title='bbox 1183 2556 1224 2631; x_wconf 92' lang='lat' dir='ltr'><strong>in</strong></span> <span class='ocrx_word' id='word_1_118' title='bbox 1252 2582 1337 2658; x_wconf 88' lang='lat' dir='ltr'><strong>quo</strong></span> <span class='ocrx_word' id='word_1_119' title='bbox 1366 2565 1476 2636; x_wconf 82' lang='lat' dir='ltr'><strong>statu</strong></span> 
     </span>
     <span class='ocr_line' id='line_1_19' title="bbox 379 2675 1476 2779; baseline 0.001 -26"><span class='ocrx_word' id='word_1_120' title='bbox 379 2677 578 2754; x_wconf 74' lang='lat' dir='ltr'><strong>remansit</strong></span> <span class='ocrx_word' id='word_1_121' title='bbox 617 2677 835 2776; x_wconf 80' lang='lat' dir='ltr'><strong>negotium</strong></span> <span class='ocrx_word' id='word_1_122' title='bbox 865 2683 908 2753; x_wconf 89' lang='lat' dir='ltr'><strong>et</strong></span> <span class='ocrx_word' id='word_1_123' title='bbox 941 2701 1025 2754; x_wconf 90' lang='lat' dir='ltr'><strong>non</strong></span> <span class='ocrx_word' id='word_1_124' title='bbox 1055 2675 1262 2777; x_wconf 80' lang='lat' dir='ltr'><strong>procedat</strong></span> <span class='ocrx_word' id='word_1_125' title='bbox 1287 2678 1476 2779; x_wconf 85' lang='lat' dir='ltr'><strong>ulterius,</strong></span> 
     </span>
     <span class='ocr_line' id='line_1_20' title="bbox 375 2795 952 2899; baseline 0.002 -25"><span class='ocrx_word' id='word_1_126' title='bbox 375 2796 539 2899; x_wconf 79' lang='lat' dir='ltr'><strong>-absque</strong></span> <span class='ocrx_word' id='word_1_127' title='bbox 566 2795 761 2874; x_wconf 79' lang='lat' dir='ltr'><strong>mundato</strong></span> <span class='ocrx_word' id='word_1_128' title='bbox 790 2803 952 2876; x_wconf 88' lang='lat' dir='ltr'><strong>nostro.</strong></span> 
     </span>
    </p>
   </div>
   <div class='ocr_carea' id='block_1_5' title="bbox 300 2931 1573 4366">
    <p class='ocr_par' dir='ltr' id='par_1_5' title="bbox 300 2931 1573 4366">
     <span class='ocr_line' id='line_1_21' title="bbox 484 2931 1474 3038; baseline 0.002 -26"><span class='ocrx_word' id='word_1_129' title='bbox 484 2931 626 3038; x_wconf 79' lang='lat' dir='ltr'><strong>Capta:</strong></span> <span class='ocrx_word' id='word_1_130' title='bbox 654 2933 774 3032; x_wconf 79' lang='lat' dir='ltr'><strong>Quod</strong></span> <span class='ocrx_word' id='word_1_131' title='bbox 800 2942 1021 3037; x_wconf 80' lang='lat' dir='ltr'><strong>postquem</strong></span> <span class='ocrx_word' id='word_1_132' title='bbox 1049 2935 1266 3035; x_wconf 86' lang='lat' dir='ltr'><strong>negotium</strong></span> <span class='ocrx_word' id='word_1_133' title='bbox 1295 2935 1474 3014; x_wconf 89' lang='lat' dir='ltr'><strong>istorum</strong></span> 
     </span>
     <span class='ocr_line' id='line_1_22' title="bbox 379 3053 1472 3161; baseline 0.001 -25"><span class='ocrx_word' id='word_1_134' title='bbox 379 3063 616 3136; x_wconf 83' lang='lat' dir='ltr'><strong>castrorum</strong></span> <span class='ocrx_word' id='word_1_135' title='bbox 658 3053 873 3135; x_wconf 87' lang='lat' dir='ltr'><strong>Clissii</strong></span> <span class='ocrx_word' id='word_1_136' title='bbox 903 3064 945 3134; x_wconf 89' lang='lat' dir='ltr'><strong>et</strong></span> <span class='ocrx_word' id='word_1_137' title='bbox 985 3053 1349 3143; x_wconf 79' lang='lat' dir='ltr'><strong>Scardonae,</strong></span> <span class='ocrx_word' id='word_1_138' title='bbox 1391 3083 1472 3161; x_wconf 92' lang='lat' dir='ltr'><strong>pro</strong></span> 
     </span>
     <span class='ocr_line' id='line_1_23' title="bbox 378 3157 1471 3278; baseline 0.005 -28"><span class='ocrx_word' id='word_1_139' title='bbox 378 3157 463 3278; x_wconf 64' lang='lat' dir='ltr'><strong>ipro</strong></span> <span class='ocrx_word' id='word_1_140' title='bbox 491 3173 662 3275; x_wconf 83' lang='lat' dir='ltr'><strong>negotio</strong></span> <span class='ocrx_word' id='word_1_141' title='bbox 692 3184 783 3254; x_wconf 81' lang='lat' dir='ltr'><strong>erat</strong></span> <span class='ocrx_word' id='word_1_142' title='bbox 821 3178 1060 3255; x_wconf 78' lang='lat' dir='ltr'><strong>necessaria</strong></span> <span class='ocrx_word' id='word_1_143' title='bbox 1098 3174 1344 3277; x_wconf 78' lang='lat' dir='ltr'><strong>praesensio</strong></span> <span class='ocrx_word' id='word_1_144' title='bbox 1371 3177 1471 3256; x_wconf 80' lang='lat' dir='ltr'><strong>aiio·</strong></span> 
     </span>
     <span class='ocr_line' id='line_1_24' title="bbox 375 3293 1470 3396; baseline 0.005 -24"><span class='ocrx_word' id='word_1_145' title='bbox 375 3321 468 3372; x_wconf 89' lang='lat' dir='ltr'><strong>rum</strong></span> <span class='ocrx_word' id='word_1_146' title='bbox 483 3295 662 3372; x_wconf 86' lang='lat' dir='ltr'><strong>duorum</strong></span> <span class='ocrx_word' id='word_1_147' title='bbox 677 3293 1202 3396; x_wconf 85' lang='lat' dir='ltr'><strong>nostrorumprovisorum</strong></span> <span class='ocrx_word' id='word_1_148' title='bbox 1216 3295 1470 3377; x_wconf 77' lang='lat' dir='ltr'><strong>sclavoniae</strong></span> 
     </span>
     <span class='ocr_line' id='line_1_25' title="bbox 377 3412 1467 3521; baseline 0.003 -28"><span class='ocrx_word' id='word_1_149' title='bbox 377 3415 502 3494; x_wconf 85' lang='lat' dir='ltr'><strong>tinem</strong></span> <span class='ocrx_word' id='word_1_150' title='bbox 531 3415 706 3518; x_wconf 86' lang='lat' dir='ltr'><strong>recepit,</strong></span> <span class='ocrx_word' id='word_1_151' title='bbox 735 3412 857 3493; x_wconf 80' lang='lat' dir='ltr'><strong>Vadit</strong></span> <span class='ocrx_word' id='word_1_152' title='bbox 884 3439 995 3519; x_wconf 84' lang='lat' dir='ltr'><strong>pars:</strong></span> <span class='ocrx_word' id='word_1_153' title='bbox 1023 3417 1135 3518; x_wconf 88' lang='lat' dir='ltr'><strong>quod</strong></span> <span class='ocrx_word' id='word_1_154' title='bbox 1165 3417 1232 3493; x_wconf 83' lang='lat' dir='ltr'><strong>aiii</strong></span> <span class='ocrx_word' id='word_1_155' title='bbox 1260 3419 1342 3494; x_wconf 92' lang='lat' dir='ltr'><strong>duo</strong></span> <span class='ocrx_word' id='word_1_156' title='bbox 1370 3443 1467 3521; x_wconf 92' lang='lat' dir='ltr'><strong>pro·</strong></span> 
     </span>
     <span class='ocr_line' id='line_1_26' title="bbox 377 3535 1472 3640; baseline 0.001 -26"><span class='ocrx_word' id='word_1_157' title='bbox 377 3539 540 3615; x_wconf 88' lang='lat' dir='ltr'><strong>visores</strong></span> <span class='ocrx_word' id='word_1_158' title='bbox 580 3535 715 3614; x_wconf 87' lang='lat' dir='ltr'><strong>nostri</strong></span> <span class='ocrx_word' id='word_1_159' title='bbox 743 3535 1022 3624; x_wconf 83' lang='lat' dir='ltr'><strong>licentientur‚</strong></span> <span class='ocrx_word' id='word_1_160' title='bbox 1061 3538 1175 3639; x_wconf 92' lang='lat' dir='ltr'><strong>quod</strong></span> <span class='ocrx_word' id='word_1_161' title='bbox 1216 3539 1380 3640; x_wconf 85' lang='lat' dir='ltr'><strong>possint</strong></span> <span class='ocrx_word' id='word_1_162' title='bbox 1406 3562 1472 3615; x_wconf 87' lang='lat' dir='ltr'><strong>re·</strong></span> 
     </span>
     <span class='ocr_line' id='line_1_27' title="bbox 300 3656 1473 3755; baseline 0.003 -21"><span class='ocrx_word' id='word_1_163' title='bbox 300 3744 305 3755; x_wconf 31' lang='lat'><strong>¹</strong></span> <span class='ocrx_word' id='word_1_164' title='bbox 378 3659 487 3736; x_wconf 88' lang='lat' dir='ltr'><strong>verti</strong></span> <span class='ocrx_word' id='word_1_165' title='bbox 528 3656 751 3747; x_wconf 77' lang='lat' dir='ltr'><strong>venetius,</strong></span> <span class='ocrx_word' id='word_1_166' title='bbox 794 3681 889 3735; x_wconf 87' lang='lat' dir='ltr'><strong>oum</strong></span> <span class='ocrx_word' id='word_1_167' title='bbox 931 3679 1080 3734; x_wconf 88' lang='lat' dir='ltr'><strong>eorum</strong></span> <span class='ocrx_word' id='word_1_168' title='bbox 1121 3681 1241 3734; x_wconf 80' lang='lat' dir='ltr'><strong>mora</strong></span> <span class='ocrx_word' id='word_1_169' title='bbox 1268 3659 1308 3734; x_wconf 94' lang='lat' dir='ltr'><strong>in</strong></span> <span class='ocrx_word' id='word_1_170' title='bbox 1350 3659 1473 3737; x_wconf 85' lang='lat' dir='ltr'><strong>dictis</strong></span> 
     </span>
     <span class='ocr_line' id='line_1_28' title="bbox 378 3773 1573 3883; baseline 0.001 -27"><span class='ocrx_word' id='word_1_171' title='bbox 378 3779 590 3882; x_wconf 79' lang='lat' dir='ltr'><strong>partibus,</strong></span> <span class='ocrx_word' id='word_1_172' title='bbox 630 3801 713 3855; x_wconf 91' lang='lat' dir='ltr'><strong>uon</strong></span> <span class='ocrx_word' id='word_1_173' title='bbox 741 3779 795 3855; x_wconf 88' lang='lat' dir='ltr'><strong>sit</strong></span> <span class='ocrx_word' id='word_1_174' title='bbox 821 3781 997 3856; x_wconf 84' lang='lat' dir='ltr'><strong>ulterius</strong></span> <span class='ocrx_word' id='word_1_175' title='bbox 1040 3787 1291 3883; x_wconf 81' lang='lat' dir='ltr'><strong>opportuno.</strong></span> <span class='ocrx_word' id='word_1_176' title='bbox 1349 3779 1403 3856; x_wconf 80' lang='lat' dir='ltr'><strong>ut</strong></span> <span class='ocrx_word' id='word_1_177' title='bbox 1430 3781 1471 3857; x_wconf 92' lang='lat' dir='ltr'><strong>in</strong></span> <span class='ocrx_word' id='word_1_178' title='bbox 1570 3773 1573 3780; x_wconf 17' lang='grc' dir='ltr'>λ</span> 
     </span>
     <span class='ocr_line' id='line_1_29' title="bbox 379 3899 1472 3990; baseline 0 -12"><span class='ocrx_word' id='word_1_179' title='bbox 379 3901 629 3979; x_wconf 86' lang='lat' dir='ltr'><strong>reversione</strong></span> <span class='ocrx_word' id='word_1_180' title='bbox 656 3925 728 3978; x_wconf 84' lang='lat' dir='ltr'><strong>sua</strong></span> <span class='ocrx_word' id='word_1_181' title='bbox 756 3902 907 3979; x_wconf 82' lang='lat' dir='ltr'><strong>radunt</strong></span> <span class='ocrx_word' id='word_1_182' title='bbox 932 3899 1166 3978; x_wconf 58' lang='lat' dir='ltr'><strong>«iodrum</strong></span> <span class='ocrx_word' id='word_1_183' title='bbox 1196 3908 1238 3978; x_wconf 89' lang='lat' dir='ltr'><strong>et</strong></span> <span class='ocrx_word' id='word_1_184' title='bbox 1265 3899 1472 3990; x_wconf 83' lang='lat' dir='ltr'><strong>Nonam,</strong></span> 
     </span>
     <span class='ocr_line' id='line_1_30' title="bbox 380 4019 1469 4111; baseline -0.002 -11"><span class='ocrx_word' id='word_1_185' title='bbox 380 4029 422 4100; x_wconf 87' lang='lat' dir='ltr'><strong>et</strong></span> <span class='ocrx_word' id='word_1_186' title='bbox 462 4019 693 4100; x_wconf 80' lang='lat' dir='ltr'><strong>informent</strong></span> <span class='ocrx_word' id='word_1_187' title='bbox 732 4045 782 4098; x_wconf 89' lang='lat' dir='ltr'><strong>se</strong></span> <span class='ocrx_word' id='word_1_188' title='bbox 812 4030 894 4100; x_wconf 79' lang='lat' dir='ltr'><strong>tom</strong></span> <span class='ocrx_word' id='word_1_189' title='bbox 923 4023 977 4098; x_wconf 86' lang='lat' dir='ltr'><strong>de</strong></span> <span class='ocrx_word' id='word_1_190' title='bbox 1018 4021 1130 4098; x_wconf 80' lang='lat' dir='ltr'><strong>fecto</strong></span> <span class='ocrx_word' id='word_1_191' title='bbox 1161 4019 1272 4098; x_wconf 81' lang='lat' dir='ltr'><strong>Care</strong></span> <span class='ocrx_word' id='word_1_192' title='bbox 1312 4019 1469 4111; x_wconf 80' lang='lat' dir='ltr'><strong>Nonae,</strong></span> 
     </span>
     <span class='ocr_line' id='line_1_31' title="bbox 381 4141 1472 4246; baseline -0.004 -26"><span class='ocrx_word' id='word_1_193' title='bbox 381 4166 502 4246; x_wconf 80' lang='lat' dir='ltr'><strong>quam</strong></span> <span class='ocrx_word' id='word_1_194' title='bbox 531 4142 656 4221; x_wconf 79' lang='lat' dir='ltr'><strong>etism</strong></span> <span class='ocrx_word' id='word_1_195' title='bbox 683 4143 736 4221; x_wconf 87' lang='lat' dir='ltr'><strong>de</strong></span> <span class='ocrx_word' id='word_1_196' title='bbox 766 4141 958 4222; x_wconf 89' lang='lat' dir='ltr'><strong>omnibus</strong></span> <span class='ocrx_word' id='word_1_197' title='bbox 988 4141 1073 4220; x_wconf 81' lang='lat' dir='ltr'><strong>aliis</strong></span> <span class='ocrx_word' id='word_1_198' title='bbox 1102 4167 1209 4244; x_wconf 81' lang='lat' dir='ltr'><strong>quae</strong></span> <span class='ocrx_word' id='word_1_199' title='bbox 1239 4149 1377 4220; x_wconf 88' lang='lat' dir='ltr'><strong>essent</strong></span> <span class='ocrx_word' id='word_1_200' title='bbox 1404 4165 1472 4218; x_wconf 86' lang='lat' dir='ltr'><strong>ne-</strong></span> 
     </span>
     <span class='ocr_line' id='line_1_32' title="bbox 382 4259 1471 4366; baseline -0.005 -21"><span class='ocrx_word' id='word_1_201' title='bbox 382 4265 567 4345; x_wconf 78' lang='lat' dir='ltr'><strong>sessnriu</strong></span> <span class='ocrx_word' id='word_1_202' title='bbox 599 4284 679 4366; x_wconf 94' lang='lat' dir='ltr'><strong>pro</strong></span> <span class='ocrx_word' id='word_1_203' title='bbox 707 4265 839 4342; x_wconf 79' lang='lat' dir='ltr'><strong>salute</strong></span> <span class='ocrx_word' id='word_1_204' title='bbox 867 4271 909 4341; x_wconf 85' lang='lat' dir='ltr'><strong>et</strong></span> <span class='ocrx_word' id='word_1_205' title='bbox 937 4261 1259 4342; x_wconf 81' lang='lat' dir='ltr'><strong>conservatione</strong></span> <span class='ocrx_word' id='word_1_206' title='bbox 1290 4259 1471 4365; x_wconf 81' lang='lat' dir='ltr'><strong>ipsorum</strong></span> 
     </span>
    </p>
   </div>
   <div class='ocr_carea' id='block_1_6' title="bbox 0 0 1610 5116">
    <p class='ocr_par' dir='ltr' id='par_1_6' title="bbox 0 0 1610 5116">
     <span class='ocr_line' id='line_1_33' title="bbox 0 0 1610 5116; baseline 0 0"><span class='ocrx_word' id='word_1_207' title='bbox 0 0 1610 5116; x_wconf 95' lang='lat' dir='ltr'><strong> </strong></span> 
     </span>
    </p>
   </div>
  </div>
 </body>
</html>
