3234 5116
239 563 351 666 quod
380 562 571 644 scribere
599 552 755 642 debeas
771 561 1023 642 differentias
1040 571 1327 653 occurrentes,

237 693 281 764 et
308 695 486 788 expecta
510 695 703 766 nostrum
732 687 981 764 mandatum.

341 805 542 886 Ceterum
573 807 669 910 quia
698 809 798 887 alias
826 807 981 887 nobilis
1008 809 1072 884 vir
1099 832 1171 885 ser
1203 807 1325 886 Mar·
1442 885 1444 888 ,

235 951 334 1007 cus
361 928 435 1009 Da
452 956 477 1008 n
494 931 519 1007 d
535 957 560 1006 u
577 930 590 1006 l
606 953 645 1020 o,
673 929 742 1030 qui
771 929 845 1008 ruit
858 922 860 931 ’
874 927 1151 1008 ambassiator
1178 935 1327 1009 noster

234 1049 284 1125 ad
312 1059 491 1150 regem
526 1051 838 1140 Bossinae,
867 1049 1050 1155 obtinuit.
1072 1075 1197 1128 unum
1223 1053 1323 1156 pri-

232 1167 515 1268 vilegium
559 1171 598 1246 in
629 1171 817 1249 favorem
847 1177 1134 1250 mercatorum
1162 1177 1324 1251 nostro·

234 1313 340 1376 rum,
372 1316 466 1368 cum
497 1290 636 1369 multis
665 1291 1003 1394 exemptionibus
1025 1298 1075 1368 ’et
1100 1313 1325 1394 praerogo·

233 1409 348 1498 tivis,
378 1407 496 1488 cuius
524 1404 689 1513 copiam
717 1412 795 1490 tibi
824 1412 912 1488 dari
941 1412 1117 1492 fecimus
1145 1434 1223 1514 pro
1251 1421 1320 1491 tua

231 1529 553 1618 informatione,
596 1533 814 1620 volumus,
853 1533 965 1633 quod
992 1553 1228 1632 procurare
1256 1532 1322 1609 de·

232 1651 333 1728 beas
361 1675 455 1728 cum
485 1654 654 1731 domiuo
685 1677 786 1754 rege
815 1651 1007 1741 Bossine,
1035 1651 1198 1729 habere·
1222 1678 1319 1731 con·

231 1771 508 1851 firmationem
526 1775 734 1878 privilegii
752 1773 972 1876 praedicti,
988 1781 1067 1876 pro
1084 1773 1197 1851 bono
1214 1797 1318 1852 mer·

231 1897 422 1968 catorum
452 1901 708 2000 nostrorum.

331 2012 502 2092 Habere
531 2015 700 2116 quidem
728 2018 867 2093 debes
885 2039 965 2118 pro
981 2017 1056 2094 ista
1073 2015 1319 2095 ambassiata

229 2134 404 2213 ducatos
447 2135 677 2225 ducentos,
723 2143 765 2215 et
805 2138 963 2216 ducere
1006 2135 1136 2216 debes
1177 2141 1318 2216 tecum

228 2241 591 2334 unnm'notarium
623 2281 717 2335 cum
746 2280 830 2334 uno
856 2256 1033 2344 famulo,
1075 2263 1160 2332 tres
1190 2256 1317 2334 domi·
1376 2256 1377 2267 '

228 2375 388 2466 ceiios,
429 2398 554 2452 unum
581 2377 871 2456 ‘trucimanum
900 2385 942 2455 et
969 2400 1095 2453 unum
1124 2375 1317 2464 cochum3

228 2503 270 2572 et
297 2503 420 2599 potes
449 2500 695 2601 expendere
738 2499 913 2579 ducatos
942 2499 1049 2576 duos
1078 2521 1173 2574 cum
1202 2496 1317 2574 dimi·

227 2617 296 2692 dio
324 2618 365 2694 in
393 2617 486 2704 die;
527 2645 610 2698 non
641 2621 877 2726 conputatis
916 2622 1083 2722 agopiis
1111 2643 1315 2721 equorum

228 2741 270 2816 et
296 2738 458 2828 nabulis
484 2742 760 2840 navigiorum.
796 2741 876 2842 (De
903 2749 1025 2846 parte
1055 2746 1142 2829 128,
1170 2765 1252 2818 non
1280 2747 1317 2819 3.
1436 2785 1438 2789 ·

226 2881 309 2935 non
337 2859 427 2937 sine
457 2866 514 2962 1.)
569 2874 572 2882 '

504 2981 608 3048 Scor.
635 2985 748 3049 Cone.
774 2983 905 3071 Rogat.
930 2979 1120 3048 Lth.v111.
1146 2981 1200 3047 ch.
1221 2982 1295 3045 58..
1370 2983 1371 2989 ’

419 3137 699 3252 CGGXM.
729 3176 841 3252 maa.
868 3175 928 3250 ar.
957 3172 1126 3250 tulii.

224 3327 419 3386 danonecrn
442 3345 607 3406 acuerany
630 3331 759 3406 iiyaoa,
793 3349 831 3402 pa
855 3346 1002 3408 npnnene
1027 3349 1046 3406 y
1069 3331 1194 3390 uouohs
1216 3347 1314 3405 rpapy

580 3439 716 3510 Cuappy.
742 3431 959 3518 (Capaneum)
1072 3503 1075 3512 1

327 3565 430 3644 Cum
474 3593 620 3648 comes
659 3573 704 3648 et
745 3569 989 3672 capitaneus
1029 3595 1079 3648 ae
1114 3546 1314 3672 provisor

223 3683 460 3764 Scutari
489 3690 739 3792 scripserint
765 3697 914 3767 nostro
945 3688 1130 3767 dominio
1158 3687 1312 3765 maxi·

222 3811 869 3896 mamextremitutem‚·
899 3809 939 3885 in
969 3835 1051 3911 qua
1078 3833 1125 3885 se
1154 3807 1312 3910 reperit
1369 3853 1371 3865 ‹

224 3927 368 4006 civitas
397 3933 539 4008 nostra
566 3926 806 4030 praedicta,
849 3937 891 4006 et
919 3929 1032 4030 quod
1059 3929 1200 4012 vident
1227 3953 1310 4007 non

223 4073 351 4151 posse
380 4027 593 4128 ‘civitatem
621 4051 830 4128 sustinere
866 4052 1130 4130 comedendo
1157 4077 1309 4154 panem

222 4181 464 4274 manuam,
506 4173 588 4250 nisi
630 4196 707 4275 per
736 4177 867 4250 totum
913 4197 1099 4252 mensem
1138 4173 1309 4252 Novem·
