3212 5116
334 567 627 671 cxxxw.
660 592 767 666 nas.
799 593 856 666 n.
886 589 1101 669 narni.

164 787 253 842 lino
279 799 318 856 cy
343 799 363 856 y
388 783 523 866 Arsacen
548 781 668 854 ytiisna
695 799 713 836 n
741 797 891 858 nospsos
939 797 1022 840 nsua
1060 784 1252 848 Macriano.

162 905 180 943 a
217 865 335 967 noiona
380 887 489 960 scopa
536 901 678 960 saysera
737 904 776 942 aa
824 889 1013 946 sarrensem
1058 903 1249 962 rocconapa

161 1009 243 1048 rora
268 1008 370 1049 sacra
408 993 556 1068 naama,
580 1008 597 1047 a
622 1007 640 1046 n
666 1007 770 1048 nnana
808 1007 1064 1050 consecratio
1101 993 1254 1050 Macran·

165 1111 254 1153 snus
279 1111 394 1166 amans
418 1109 583 1152 coarcere
617 1109 685 1164 aaa,
708 1113 750 1151 ro
775 1111 814 1152 cc
846 1111 975 1152 sanans
1011 1109 1253 1170 ransom-n-

170 1217 299 1274 uerany
325 1215 424 1278 supa,
447 1216 485 1269 ,ra
510 1213 650 1256 carrena
674 1217 711 1256 sa
737 1205 797 1258 css
820 1217 862 1257 'ro
888 1217 952 1268 ono.
979 1217 1107 1257 serora
1130 1215 1254 1258 rocnc-

164 1321 250 1379 napa
282 1320 385 1362 sacra
420 1303 726 1381 nasammonas,
761 1317 824 1360 noc
849 1317 907 1362 aaa
932 1303 1016 1361 ossii
1052 1319 1145 1373 nona,
1167 1321 1255 1376 noan

170 1424 210 1466 cc
236 1425 304 1464 cnr.
329 1422 481 1480 conpara
509 1421 573 1476 ogr.
604 1401 764 1474 Pousis,
800 1421 883 1476 ons·
905 1424 943 1477 na
969 1423 1101 1466 cosona
1129 1407 1255 1468 sadaca
1295 1394 1296 1407 ¹

456 1525 493 1566 aa
518 1523 579 1568 cna
601 1525 644 1566 ro
667 1513 965 1586 ynosacrsopaai.

269 1660 413 1764 Capta:
443 1659 547 1737 Cum
575 1658 831 1764 inpartibus
860 1661 932 1738 Αν
949 1663 1071 1738 aion
1087 1687 1149 1740 ae
1177 1687 1255 1768 per

164 1783 261 1862 ilios
290 1782 390 1860 dicti
423 1781 525 1874 ioci,
578 1780 771 1882 nequiter
799 1787 840 1858 ct
880 1783 988 1859 malo
1044 1785 1171 1862 modo
1200 1785 1254 1862 in=
1332 1879 1337 1888 Ι

165 1902 336 1982 torfacti
364 1901 518 1978 inerint
556 1900 632 1978 viri
661 1901 827 1979 nobiles
868 1901 1067 1980 Girardus
1095 1901 1255 1981 Dandu-

165 2025 208 2102 io
240 2028 284 2102 et
309 2021 550 2101 Pancratios
592 2021 833 2102 contareno
882 2025 996 2101 cives
1038 2024 1184 2111 nostri,
1215 2033 1257 2104 et

165 2167 314 2222 eorum
350 2145 460 2220 bona
500 2141 740 2221 intromissa
770 2143 820 2220 ad
861 2141 1109 2246 petitionem
1137 2143 1253 2222 Bai·

166 2289 299 2344 scac
328 2266 487 2343 domini
513 2263 623 2342 illins
653 2266 751 2354 ioci,
779 2265 828 2342 ad
856 2289 1057 2342 summam
1087 2264 1255 2345 ducato·

166 2409 257 2463 rnm
272 2387 325 2462 V.
348 2386 475 2474 mille,
503 2387 611 2464 intus
639 2407 812 2488 pannos,
839 2394 987 2473 setam,
1016 2386 1256 2478 iclexelios,

166 2507 290 2583 botas
311 2505 356 2582 C.
372 2505 467 2594 vini,
482 2507 625 2592 salem,
654 2507 794 2610 pisces
822 2507 979 2595 soiitos,
995 2530 1169 2610 pannos,
1197 2530 1255 2582 ar·

164 2647 230 2701 ma
259 2633 302 2702 ct
329 2625 515 2702 arnosias
543 2651 639 2703 snas
667 2629 720 2704 de
748 2626 889 2714 domo,
920 2633 1000 2704 tam
1028 2627 1080 2703 de
1109 2649 1182 2702 sna
1197 2649 1255 2704 ra·

166 2746 280 2824 tione
320 2747 518 2849 propria,
547 2771 671 2848 qnam
699 2747 750 2824 de
778 2749 939 2826 ratione
974 2746 1164 2825 aliorum.
1204 2747 1256 2824 nt

164 2868 273 2944 ultra
300 2864 386 2944 hcc
421 2865 519 2945 fiant
559 2866 813 2947 nostratibus
850 2868 1008 2946 ‘multae
1047 2868 1256 2945 novitates

166 2997 208 3066 et
236 2987 504 3067 extorsiones
531 2988 571 3065 in
606 2987 727 3068 dictis
755 2987 964 3090 partibns;
991 2987 1187 3066 videlicet
1213 2990 1255 3066 in

167 3107 362 3186 iaciendo
397 3111 514 3214 ipsos
542 3112 713 3189 solvere
741 3111 946 3187 dohanam
978 3117 1019 3190 et
1046 3109 1256 3187 arboraci·

166 3255 235 3308 um
265 3238 412 3308 contra
449 3231 695 3311 franchisias
724 3241 765 3311 et
795 3231 1121 3312 consvetudines
1161 3251 1255 3318 snas

165 3350 367 3454 antiquas;
395 3360 437 3432 et
464 3378 592 3456 super
631 3353 859 3458 praedictis
888 3355 941 3432 sit
967 3353 1133 3458 penitus
1162 3373 1254 3454 pro·

166 3470 390 3548 videndum
431 3497 508 3575 pro
554 3473 720 3552 honore
761 3481 907 3554 nostro
949 3483 992 3551 et
1031 3469 1255 3550 securitate

167 3599 409 3670 nostrornm
464 3605 748 3674 mercatorum
789 3595 829 3672 in
884 3589 1059 3670 diversis
1115 3589 1256 3668 mnndi

166 3707 357 3814 partibus
386 3718 738 3806 conversantium
764 3715 889 3793 Vadit
914 3737 1022 3819 pars:
1051 3711 1161 3813 quod
1187 3735 1255 3788 co·

166 3829 354 3908 mittatur
407 3833 625 3936 capitaneo
678 3835 867 3936 generali
895 3834 1035 3920 maris,
1072 3829 1185 3932 quod
1213 3829 1255 3907 in

170 3949 237 4026 via
264 3975 338 4028 sun
365 3953 430 4031 ire
457 3957 523 4033 vei
555 3957 720 4036 mittere
749 3955 900 4035 debeat
928 3955 978 4031 ad
1007 3952 1139 4030 dictas
1167 3971 1255 4055 par·

169 4079 234 4148 tes
260 4071 488 4162 Avalonac,
516 4083 559 4154 et
586 4099 632 4153 se
660 4075 828 4152 nomine
857 4081 1006 4153 nostro
1034 4073 1256 4152 vehemen-

175 4199 238 4270 ter
265 4216 442 4293 gravare
485 4197 536 4274 de
566 4221 745 4276 excessu
787 4194 969 4273 comissa
998 4197 1038 4274 in
1066 4193 1258 4300 personis

1013 4315 1055 4380 lli
