3220 5118
170 585 327 672 iratres
355 587 494 668 nostri
520 589 718 682 dominii;
758 595 888 672 etsie
917 597 1169 678 intendimus
1195 569 1279 703 ba·-¹

169 705 271 784 bere
286 709 602 790 serenissimum
619 712 834 792 dominum
849 739 1133 820 suumnegem
1148 746 1261 824 prae·

168 827 347 916 dictum;
384 833 427 904 et
454 829 508 906 de
545 829 656 910 bone
697 833 879 912 amicitia
915 845 959 914 et
985 837 1264 931 fraternitate,

170 971 294 1054 qudam
324 943 545 1030 nobiscum
575 952 735 1032 babere
762 955 953 1046 intendit,
982 983 1083 1036 suae
1110 960 1263 1039 sereni·

170 1075 244 1152 tati
271 1075 570 1176 regratiamur,
612 1073 805 1178 dispositi
835 1099 928 1154 cum
957 1103 1033 1156 sua
1060 1083 1264 1160 serenita-

170 1203 210 1274 te
240 1195 390 1276 bonnm
432 1193 739 1272 fraternitatem
767 1203 809 1272 et
840 1197 1074 1282 ,amicitiam
1102 1199 1261 1280 babere

128 1375 134 1384 .
168 1323 212 1396 ct
242 1337 513 1403 conservare,
541 1318 585 1390 et
611 1337 752 1400 sumus
781 1315 996 1405 contenti,
1024 1343 1119 1396 cum
1147 1320 1260 1401 dicto

167 1437 447 1520 serenissimo,
474 1432 649 1513 domino
689 1433 991 1534 rege-babere
1033 1437 1125 1516 illas
1166 1465 1262 1520 con·
1397 1483 1399 1490 ,

167 1556 412 1645 ventionea,
443 1554 723 1636 immunitates
750 1560 793 1631 ct
823 1559 1131 1659 exemptiones,
1159 1584 1261 1661 quas

161 1701 266 1759 ‚cum
307 1678 393 1756 suis
432 1674 712 1754 serenissimis
755 1673 1160 1778 praedecessoribus
1196 1680 1261 1758 ba·
1355 1755 1358 1762 ,

170 1797 346 1880 buimus.
485 1869 489 1876 ,

123 2015 130 2027 ,
270 1939 323 2016 E't
351 1919 455 2042 quio¹
472 1959 549 2039 per
576 1933 906 2036 promissiones,
944 1935 1074 2016 lactas
1101 1961 1262 2040 perse·

171 2058 415 2140 renissimos
443 2054 802 2159 praedecessores
830 2078 952 2144 suos,
988 2055 1067 2159 ipsi
1095 2057 1264 2138 luerunt

172 2179 383 2266 contenti,
423 2177 537 2279 quod
564 2173 698 2254 nostri
727 2183 988 2255 mercatores
1016 2185 1192 2282 possent
1220 2179 1261 2259 in

170 2295 274 2376 locis
302 2297 389 2374 suis
417 2304 530 2376 stare
557 2303 599 2375 et
625 2295 842 2386 habitare,
882 2297 1111 2379 secundum
1148 2301 1262 2401 quod
1316 2357 1321 2370 .

169 2417 211 2496 in
240 2440 317 2494 suo
335 2416 572 2517 privilegio
602 2413 868 2514 continetur,
912 2422 955 2494 et
982 2418 1035 2494 lo
1053 2443 1076 2496 c
1092 2445 1153 2498 us
1178 2420 1213 2497 N
1227 2443 1262 2496 n·

171 2545 381 2615 reniae
417 2543 530 2615 essct
557 2533 679 2614 locus
719 2534 831 2612 utilis
859 2541 902 2613 et
930 2559 1167 2637 congruus,
1210 2540 1261 2619 ad

171 2682 296 2761 quern
336 2659 470 2735 nostri
495 2661 757 2736 mercatores
799 2682 845 2735 se
873 2665 1049 2760 possent
1089 2659 1261 2740 reduce·

9 2868 13 2877 ¹
137 2803 242 2878 ,re;
265 2765 465 2876 ¹rogamus
492 2776 752 2856 maiestatem
780 2801 911 2862 suam,
940 2783 984 2854 ut
1012 2779 1148 2858 eidem
1176 2781 1258 2884 pla·

172 2905 268 2979 cent
293 2895 534 3006 providere,
564 2897 678 2997 quod
707 2898 827 2975 locus
854 2897 1092 2999 praedictus
1120 2901 1260 2980 taliter

170 3016 448 3106 fortificetur,
478 3019 591 3120 quod
619 3025 882 3097 mercatores
907 3019 1042 3106 nostri
1071 3018 1169 3098 illuc
1196 3039 1259 3101 ac·

171 3137 385 3227 cedentes,
412 3139 575 3244 possint
603 3163 697 3218 cum
715 3163 863 3218 eorum
891 3143 1135 3232 securitate,
1162 3167 1256 3219 curn

167 3261 252 3337 suis
279 3261 613 3339 mercationibus
642 3261 823 3339 mercari
852 3266 893 3338 et
920 3262 1188 3352 conversarl;
1216 3267 1259 3338 et

168 3381 263 3481 quia
306 3379 615 3467 intelleximus,
657 3379 773 3481 quod
813 3381 997 3458 indicto
1040 3381 1137 3457 loco
1177 3380 1257 3458 Na·

165 3509 405 3589 reniae,
445 3503 553 3579 bona
583 3501 791 3602 quantitas
819 3499 919 3578 salis
948 3501 1194 3607 expeditur,
1222 3501 1256 3578 si
1289 3567 1290 3570 κ
1403 3533 1408 3544 “

168 3620 280 3700 dicto
309 3620 581 3699 serenissimo
609 3621 780 3698 domino
809 3620 899 3718 regi
926 3617 1132 3723 placebit,
1158 3645 1255 3724 pro·

166 3738 419 3825 videbimus,
459 3738 572 3841 quod
600 3738 652 3815 de
680 3739 797 3818 dicto
826 3740 914 3817 sule
940 3739 1115 3820 habebit
1143 3743 1256 3846 copl-

168 3885 234 3941 am
276 3869 559 3964 opportunam
605 3869 647 3941 et
685 3861 991 3947 necessariam,
1043 3886 1121 3965 per
1159 3863 1256 3941 illos

167 3983 318 4062 modos
346 3993 389 4061 et
418 3981 705 4069 conditiones,
734 3979 805 4083 qui
834 3985 957 4059 erunt
974 4005 1080 4058 ‘curn
1108 3980 1254 4059 utilita-
1345 3976 1347 3984 ’

168 4113 209 4180 te
238 4107 282 4183 et
308 4103 494 4184 comodo
533 4125 633 4180 snae
660 4101 912 4182 serenitatis.

1028 4323 1048 4389 3
