3230 5104
1199 391 1264 457 ure

164 609 208 682 et
247 602 391 682 officio
433 609 579 680 nostro
625 601 878 692 conveniat,
921 600 1088 678 mittere
1135 620 1264 677 unum

165 733 379 803 oratorem
407 731 600 800 nostrum
631 724 682 802 ad
698 722 906 826 prefatum
936 720 1262 818 novumre'gem

152 850 250 956 'tum
277 853 320 922 ut
346 844 609 922 indoleamus
626 841 679 917 dc
707 848 846 919 morte
862 840 1004 944 patris,
1021 845 1108 917 tum
1137 839 1264 917 ctiam

166 964 522 1064 congratulemur,
553 963 668 1064 quod
697 969 934 1064 assumptus
962 961 1018 1036 sit
1045 961 1087 1038 in
1116 981 1263 1058 regem
1390 1021 1393 1026 .
1492 1043 1496 1058 ¹

11 1139 15 1148 -
168 1085 287 1184 regni
329 1085 518 1164 eiusdem
548 1090 591 1160 et
619 1090 700 1160 oct.
729 1080 963 1184 Propterea
996 1080 1111 1158 vadit
1151 1101 1263 1181 pars:

171 1209 282 1310 quod
310 1230 391 1308 per
420 1204 671 1283 scrutinium
700 1203 741 1279 in
771 1202 955 1302 collegio
984 1200 1034 1276 ad
1070 1198 1267 1276 bussulos

167 1333 210 1406 et
237 1325 421 1404 battutas
449 1325 565 1424 elligi
592 1324 748 1402 debeat
776 1345 881 1400 unus
921 1329 1070 1399 noster
1109 1317 1264 1398 nobilis

167 1453 315 1524 orator
342 1447 393 1523 ad
425 1445 584 1524 dictum
615 1467 773 1545 regem,
802 1469 896 1522 cum
924 1439 1265 1522 ittacommissio·

167 1593 220 1646 nc
247 1569 364 1648 circa
392 1567 590 1646 effectum
617 1567 876 1670 predictum,
905 1585 1012 1667 quae
1052 1560 1265 1639 videbitur

169 1689 248 1790 ipsi
278 1688 475 1788 collegio.
584 1743 588 1752 ι

480 1835 585 1939 Scor.
610 1892 712 1939 cons.
737 1883 853 1960 rogat.
877 1871 948 1936 Lib.
972 1870 1065 1936 xxl.
1090 1871 1147 1936 ch.
1169 1870 1222 1934 5'4.

221 2065 639 2209 cccxxxvii.
683 2133 792 2208 14⁶1.
826 2134 863 2208 a.
905 2123 1214 2208 oenum.

169 2341 327 2414 Oproaop
350 2355 591 2410 nocnannunua
615 2339 831 2416 Xpaarcaorn
865 2339 947 2397 dana
981 2341 1091 2398 lIaaaa
1115 2339 1288 2418 Cnepau-.

306 2443 397 2520 outa,
420 2439 544 2518 runyim
569 2459 608 2501 ce
632 2459 733 2520 npaan
755 2445 880 2502 Bocne.
905 2439 1133 2524 (Capoteno.)

271 2611 392 2708 Quod
420 2614 472 2690 ad
502 2611 683 2714 capituto
720 2636 798 2714 per
838 2610 1095 2713 spectabiles
1136 2619 1273 2692 orato·

172 2756 241 2810 res
283 2731 597 2833 magnifici
639 2733 771 2812 bani
809 2732 980 2811 Pauli
1029 2733 1271 2834 Speran-

172 2854 224 2932 ci
242 2853 310 2952 ch¹
336 2853 447 2934 Cro
464 2856 535 2932 ati
549 2877 606 2932 ae
635 2861 704 2934 eto
718 2854 936 2957 proposita
953 2853 1270 2958 respondeatur:

171 2971 220 3048 ad
247 2973 394 3076 prim
413 2999 439 3050 u
455 2998 497 3050 m
525 2970 768 3076 capitulum,
795 2996 874 3074 per
889 2976 1004 3074 quod
1034 2973 1177 3054 dicunt
1199 2977 1271 3055 do·

172 3091 327 3169 minum
342 3117 464 3170 suum
481 3090 787 3170 asereuissimo
815 3090 985 3169 domino
1015 3117 1116 3194 rege
1143 3095 1269 3174 habu·

164 3212 258 3292 ·isse
286 3214 525 3294 mandatum
554 3215 607 3290 de
635 3213 745 3290 bona
785 3211 1022 3306 vicinantia,
1052 3219 1192 3317 quod.
1224 3275 1232 3293 .
1263 3283 1271 3302 .

174 3330 404 3412 dominatio
445 3338 591 3414 nostra
632 3333 756 3413 etiam
798 3332 909 3412 idem
952 3391 960 3410 .
1002 3391 1013 3414 .
1060 3389 1071 3410 .
1112 3333 1273 3416 habere

176 3450 384 3555 disponit:

277 3609 347 3690 Ad·
369 3633 549 3709 secun
567 3610 629 3687 du
643 3635 695 3698 m,
724 3609 836 3712 qnod
867 3612 1148 3691 existentibus
1166 3611 1272 3691 iocis

177 3731 783 3811 ClisiietOstrovize
824 3733 1074 3812 intermino
1117 3735 1271 3834 inquo

21 3943 26 3952 ι
175 3859 281 3939 sunt.
311 3876 394 3929 uon
421 3851 610 3930 videmus
639 3853 852 3955 quomodo
882 3854 975 3932 ioca
1005 3853 1148 3955 ipsein
1177 3875 1271 3955 pro·

177 3972 412 4050 tectionem
441 3971 640 4074 accipere
667 3997 915 4074 possemus;
1063 3995 1207 4050 verum
1237 3973 1272 4050 si

178 4092 292 4170 circa
306 4092 453 4170 eadem
466 4093 559 4171 ioca
577 4090 986 4173 Ctisiiet0strovioe
998 4093 1106 4173 atiud
1118 4094 1272 4196 aliquid

169 4211 302 4300 nobis
314 4217 627 4291 memoraretur
644 4271 650 4286 .
668 4271 674 4286 .
690 4265 701 4288 .
718 4213 831 4314 quod
847 4213 1068 4318 utriusque
1082 4223 1273 4294 nostrum

422 4359 424 4362 ·
1027 4331 1066 4395 13
