3206 5110
323 355 388 424 012

325 561 518 640 veniebat
539 557 751 642 Venetiae,
764 561 809 634 ut
825 557 1056 638 interesset
1070 561 1273 661 predictis
1284 559 1427 638 incidit

325 692 489 760 nostrus
502 701 659 766 montis,
675 679 742 756 cui
773 679 982 758 mediante
1000 680 1158 758 iustitio
1173 683 1226 760 de
1240 680 1425 758 voiunta-

325 812 368 882 te
395 799 529 878 nostri
571 797 747 898 mojoris¹
781 798 943 876 consilii
980 813 1105 904 enput
1143 801 1321 879 fecimus
1349 825 1426 877 nm·

326 921 488 1024 putori,
516 929 559 998 et
585 919 750 1000 duobus
778 919 895 1006 otiis.
936 921 1006 1023 qui
1037 921 1207 998 fuerunt
1236 945 1329 998 cum
1359 947 1427 1010 eo,

326 1047 369 1121 et
396 1041 581 1144 quinque
609 1039 700 1118 otiis
728 1038 929 1141 suspendi
956 1062 1036 1143 per
1063 1039 1214 1137 gulam,
1243 1047 1289 1116 ut
1316 1037 1427 1140 ipso·

327 1184 421 1240 rum
439 1157 595 1238 ¹merito
625 1155 906 1259 requirebant,
935 1160 987 1236 ito
1018 1162 1129 1260 quod
1157 1181 1234 1261 pcr
1249 1159 1325 1236 Dei
1341 1181 1429 1256 grn-

323 1279 424 1362 tium
454 1291 566 1359 terro
595 1276 863 1356 Venetiurum
908 1301 1131 1381 numquam
1176 1279 1250 1356 tuit
1278 1277 1319 1354 in
1348 1289 1427 1356 tsn-

328 1409 367 1480 tc
396 1399 537 1501 quiete
567 1419 648 1474 nec
675 1395 716 1474 in
746 1393 1427 1500 tulipuciflcostotuutmodoest.

430 1519 578 1598 Datum
609 1527 611 1532 ’
648 1516 688 1596 in
745 1524 895 1596 nostro
952 1517 1092 1596 ducati
1137 1515 1295 1620 potatio
1351 1515 1430 1592 Ve-

333 1637 539 1718 netinrum
609 1659 717 1714 nono
786 1634 837 1710 ab
917 1635 1206 1715 incarnatione
1274 1636 1431 1720 domini

330 1757 462 1836 nostri
505 1755 606 1836 ¹lesu
646 1754 806 1836 Christi
862 1757 1088 1836 mittestmo
1132 1757 1432 1836 tercentesimo

331 1877 515 1966 decimo,
543 1876 776 1956 indictione
806 1882 956 1958 octove
999 1877 1065 1957 die
1094 1902 1198 1956 uero
1225 1876 1430 1977 vigesimo

332 1993 451 2078 Imm·
686 2097 757 2162 Lib.
784 2097 897 2164 iitter'.
920 2107 1053 2166 secret.
1079 2097 1233 2184 Cotiegii
1258 2097 1312 2159 ch.
1335 2098 1388 2162 90.

433 2181 543 2280 Dla·
583 2207 695 2281 1310.
720 2205 772 2280 24
813 2201 1002 2296 lunii,
1042 2203 1184 2282 indict.
1213 2200 1329 2282 vill.

332 2309 469 2369 Honori·
502 2325 605 2382 που]
628 2309 919 2384 Ᾱγόροιιηιιιοιη,
963 2327 1000 2378 μ
1023 2327 1060 2382 μ
1085 2327 1231 2384 ynnrnrs
1256 2307 1432 2366 cnumcri.

336 2417 339 2424 ’
373 2409 538 2453 recensus
562 2396 677 2468 Mopse
699 2393 1076 2556 denengsffietrtoguuit
1101 2411 1190 2465 nonu
1214 2411 1389 2470 mnenon

694 2575 851 2656 Comiti
894 2577 1074 2680 Regusii.

432 2696 582 2776 Datum
624 2703 687 2774 est
728 2699 848 2794 nobis
888 2699 1075 2798 inteiligi.
1105 2699 1218 2801 quod
1264 2701 1431 2778 Murcus

330 2817 445 2896 zone
473 2817 545 2918 (teri
573 2815 737 2894 sciebat
766 2841 860 2896 esse
896 2823 1095 2898 comittus
1124 2819 1257 2922 possit
1286 2821 1431 2898 venire

332 2961 426 3018 cum
463 2934 640 3039 quodam
680 2935 806 3016 buron
835 2939 873 3014 in
903 2936 1092 3042 portibus
1134 2935 1363 3025 Romnnie,
1393 2947 1432 3016 et

331 3080 424 3136 cum
454 3055 563 3134 idem
593 3059 814 3136 tentaverit
829 3064 978 3136 contre
1000 3069 1192 3138 nostrum
1208 3059 1435 3138 honorem,

331 3180 373 3252 et
399 3175 451 3252 sit
477 3175 660 3276 plurium
700 3175 935 3279 culpabitis,
958 3187 1140 3256 vestram
1168 3179 1432 3281 prudentium

335 3317 548 3395 rogamus,
578 3302 621 3373 ut
651 3295 686 3370 si
716 3317 793 3395 per
834 3283 976 3399 portes
1004 3305 1167 3376 restrus
1195 3302 1258 3376 ire
1287 3299 1429 3378 contin

330 3415 453 3518 gerit,
483 3419 575 3519 capi
606 3415 782 3508 facistis,
811 3427 853 3496 et
882 3420 931 3496 ad
961 3425 1147 3497 nostrum
1177 3420 1431 3523 presentiam

340 3534 393 3612 ub
425 3533 502 3610 tide
536 3538 727 3616 custodio
759 3538 1155 3616 mittere'debentis.

434 3653 581 3760 Datum
624 3655 662 3732 in
702 3665 852 3736 nostro
883 3659 1022 3738 ducati
1057 3659 1210 3762 palutio
1238 3661 1435 3740 Venetis·

331 3795 436 3864 rum,
464 3797 571 3853 nuno
602 3771 652 3856 nb
685 3776 976 3858 incarnationd
1006 3777 1162 3857 domini
1180 3781 1312 3856 nostri
1339 3778 1434 3858 lesu

332 3892 489 3983 Christi
532 3898 756 3978 mitissimo
807 3901 1111 3998 tercentesimo
1151 3902 1343 4000 decimo,
1383 3901 1437 3978 in·

103 4031 108 4046 ’
171 4123 177 4128 ¹
224 4047 229 4052 ·
333 4012 519 4094 dictione
562 4026 737 4106 octove,
779 4018 846 4097 dic
889 4045 994 4099 vero
1037 4021 1241 4120 vigesimo
1284 4027 1436 4119 quarto

130 4127 135 4136 '
328 4126 448 4210 lunii.
674 4151 746 4216 no.
772 4153 916 4222 terrent.
945 4163 1052 4222 seen.
1078 4153 1236 4244 corrego
1260 4152 1314 4220 cn.
1336 4155 1390 4220 oo.
