3192 5112
143 627 248 680 seno
279 601 496 681 camedel
536 598 824 700 Pallecllogo‚
865 603 937 682 elli
963 627 988 678 e
1015 603 1236 706 disponuol

144 749 198 800 no
242 724 379 802 voller
414 747 494 828 per
533 745 712 822 segnor,
752 747 833 800 nun
863 723 886 800 l’
913 747 966 800 un
993 724 1035 802 ci
1064 725 1088 799 l’
1115 725 1236 812 altro,

144 865 223 919 ma
264 842 655 943 subiugarsse
692 868 715 922 a
750 843 801 920 la
828 844 1001 944 dogal
1040 841 1236 943 Signo·

146 967 232 1043 ria
260 969 493 1054 vostra,
534 989 581 1040 se
609 963 622 1039 i
649 961 689 1042 lo
717 961 898 1064 podesse
928 962 992 1040 lar
1027 969 1069 1040 et
1106 965 1185 1043 che
1215 967 1237 1042 l’

145 1089 237 1166 aida
266 1091 310 1164 el
335 1082 624 1162 dellessionde
647 1091 792 1162 vostre
820 1083 928 1181 galie
956 1084 1026 1160 elli
1053 1087 1234 1188 podesse
1261 1071 1266 1076 ¹

145 1230 259 1296 aver,
286 1230 333 1283 se
363 1205 398 1282 la
427 1205 505 1280 lor’
544 1201 748 1280 intenlion
776 1225 822 1278 se
848 1227 905 1305 po
934 1203 1066 1282 iornir
1092 1207 1145 1284 de
1174 1233 1236 1286 aa·

143 1352 216 1408 ser
255 1325 433 1404 subiecti
462 1348 486 1401 a
516 1326 552 1400 la
580 1323 765 1423 signoria
802 1333 844 1402 el
881 1349 1032 1406 comun
1074 1336 1235 1418 vostro,

146 1471 248 1525 aver
275 1447 359 1524 allo
387 1469 466 1549 per
493 1444 623 1544 gralia
650 1443 834 1544 special,
872 1446 1039 1546 quando
1083 1455 1234 1550 questo
1302 1435 1306 1444 ’

144 1591 199 1644 no
233 1564 455 1668 ipodesso
495 1563 645 1663 vegnir
685 1563 797 1650 falc,
840 1562 909 1640 elli
951 1589 974 1642 e
1016 1565 1234 1668 disponudi

146 1687 303 1766 clamar
329 1711 389 1764 re
417 1685 702 1783 domgaria,
733 1683 799 1760 vel
828 1685 924 1784 quel
952 1685 1020 1764 de
1048 1687 1236 1768 Raxia.

144 1813 234 1889 Azo
263 1807 446 1886 cheisia
476 1805 620 1884 dellesi
638 1815 680 1884 el
706 1806 920 1882 varentadi
948 1810 999 1885 da
1028 1807 1235 1908 i'l'ureliy

147 1937 189 2006 et
217 1929 355 2007 eussir
397 1928 449 2005 de
491 1929 528 2003 la
569 1927 754 2027 signoria
782 1926 864 2004 che
891 1926 904 2001 i
931 1925 1016 2006 tien
1046 1937 1088 2005 el
1115 1929 1234 2007 simel

144 2049 198 2126 de
225 2047 412 2126 Zenoesi
453 2047 505 2124 de
536 2047 660 2149 liqual
702 2048 834 2124 mollo
878 2045 1032 2126 dubita.
1075 2045 1236 2128 Palese·

145 2176 286 2246 menle
315 2193 337 2244 a
365 2167 420 2244 mi
462 2193 484 2246 e
528 2167 619 2279 dito
656 2165 705 2244 da
747 2167 877 2246 molle
917 2175 1036 2270 parte
1078 2177 1120 2248 et
1158 2195 1237 2271 per

144 2287 316 2366 notabel
351 2313 548 2392 persone,
579 2287 766 2390 quamvis
794 2289 865 2367 dio
894 2287 973 2366 che
1001 2287 1168 2390 puocha
1197 2291 1236 2369 fe
1272 2355 1277 2364 ,

146 2407 198 2484 de
227 2407 365 2485 Griesi
402 2433 450 2485 se
485 2431 541 2510 po
578 2430 701 2492 aver,
743 2430 871 2483 ancer
898 2409 949 2486 ad
978 2410 1182 2486 cautelam
1212 2435 1235 2486 e

144 2526 227 2606 ben
257 2526 338 2606 che
366 2553 387 2604 a
417 2528 453 2604 la
479 2526 717 2604 serenilade
743 2535 888 2605 vostra
915 2529 973 2604 sia
1001 2529 1236 2609 manileslo.

251 2766 334 2846 Per
361 2767 399 2844 lo
429 2791 565 2844 armar
593 2767 645 2846 de
674 2769 713 2844 le
741 2768 861 2868 galee
890 2767 939 2854 ll,
970 2770 1049 2846 che
1076 2793 1122 2846 se
1147 2770 1236 2848 fase

145 2890 182 2964 al
212 2897 411 2992 presente
442 2915 466 2969 ο
497 2887 700 2967 mandado
730 2915 809 2966 una
838 2887 991 2968 barcha
1020 2893 1184 2971 armada
1215 2915 1237 2970 a

143 3010 448 3112 Negroponle‚
476 3008 696 3088 scrivendo
735 3015 778 3085 et
817 3009 1013 3087 avisando
1043 2995 1083 3088 el
1111 3011 1236 3098 ballo,

148 3129 288 3210 ducha
314 3133 368 3210 de
399 3129 537 3210 Crede
566 3133 609 3206 el
633 3131 645 3210 i
675 3129 767 3207 altri
790 3130 948 3208 rectori
978 3137 1019 3208 et
1046 3129 1238 3232 capitoni,

147 3275 226 3332 azo
256 3251 337 3328 che
365 3249 435 3326 ino
472 3273 626 3328 rezaua
667 3250 847 3352 dampno
876 3251 917 3327 ni
944 3251 986 3328 in
1014 3251 1168 3330 navillii
1196 3251 1237 3328 ni

149 3372 236 3473 logi
277 3371 431 3466 vostri,
459 3371 496 3450 el
527 3370 660 3450 camin
689 3395 712 3448 e
740 3371 820 3447 mal
860 3395 1013 3472 seguro
1052 3373 1239 3475 apoder

1 3579 3 3600 ‚
146 3491 313 3572 scriuer
337 3513 417 3596 per
444 3499 557 3570 lerra
585 3515 662 3594 per
690 3514 826 3572 caxon
856 3493 908 3570 de
933 3491 1145 3588 iTurchy‚
1172 3511 1238 3568 ma

146 3615 290 3694 niente
320 3637 429 3704 men,
451 3616 497 3710 je
525 3636 579 3688 ιιο
608 3611 737 3692 vardo
767 3637 842 3691 azo
872 3637 925 3690 ne
949 3621 1049 3710 rest,
1067 3609 1256 3690 deseri<

70 3823 77 3830 ‚
146 3761 225 3816 ver
250 3758 443 3837 sempre,
470 3757 535 3812 ma
564 3758 641 3837 per
668 3735 890 3833 segurtade
919 3734 972 3810 de
1002 3733 1043 3810 le
1071 3731 1235 3828 lettere,

146 3881 174 3936 o
202 3853 409 3935 trovando
438 3859 589 3956 questo
618 3853 757 3942 modo,
795 3853 875 3930 che
906 3877 1032 3934 como
1055 3855 1102 3951 je
1130 3875 1236 3930 man·

145 3975 250 4054 (lava
279 3997 357 4073 per
384 3974 490 4054 altre
514 3971 623 4052 liade
652 3999 732 4050 uno
762 3996 903 4050 masso
932 3997 987 4050 no
1024 3972 1173 4050 mando
1199 3971 1237 4050 ll

145 4117 225 4198 per
250 4093 365 4172 chai
391 4115 442 4169 va
469 4095 522 4172 de
549 4103 649 4171 note
674 4116 751 4195 per
778 4093 820 4168 lo
850 4093 989 4170 tamor
1015 4089 1067 4168 de
1095 4091 1108 4166 i
1135 4089 1237 4168 'Pur-

141 4213 255 4317 ὼγ,
293 4221 338 4304 et
376 4216 447 4318 plu
487 4212 630 4316 saguri
659 4220 702 4292 et
728 4211 799 4317 plu
840 4214 969 4315 presti
998 4235 1047 4290 va
1076 4211 1128 4307 ll,
1155 4211 1236 4289 che
1370 4288 1376 4301 ,
