3076 5108
104 629 320 736 predictos
350 627 980 730 catunosCernagore
1009 653 1116 723 esse,
1147 639 1190 711 et

103 759 293 856 spectare
320 751 610 854 sepertinere
638 749 806 852 prelato
834 749 986 831 illustri
1014 752 1187 831 domiuo

104 869 196 947 duci
236 875 279 946 et
318 869 505 950 dominio
543 870 830 961 Veneticum,
860 895 955 949 cum
997 873 1190 951 omnibus

103 989 184 1068 suis
212 989 338 1078 dotis,
365 988 722 1094 possessionibus,
751 990 1029 1094 patrimonijs,
1055 991 1188 1084 vineis

103 1117 142 1188 et
157 1110 327 1214 campis,
356 1135 451 1190 cum
478 1110 558 1213 ipsi
584 1111 751 1188 catunni
767 1109 1013 1210 Cernagore
1033 1111 1073 1189 in
1089 1135 1189 1192 con·
1209 1115 1212 1123 ’

103 1230 250 1310 linibus
279 1229 450 1330 dominij
474 1231 749 1308 venetiarum
777 1231 927 1310 inclusi
956 1233 1039 1310 sint
1066 1241 1108 1311 et
1135 1235 1189 1338 ip-

102 1350 184 1429 sius
211 1349 384 1430 dominii
413 1349 610 1428 continue
638 1349 804 1427 luerint.
849 1349 995 1428 ltem
1026 1353 1121 1454 quia
1148 1355 1189 1430 in

102 1495 206 1578 pace
234 1471 334 1550 alias
363 1470 563 1550 conclusa
592 1469 703 1548 inter
736 1470 945 1572 prelatum
976 1472 1189 1552 dominum

103 1593 303 1672 illustrem
345 1594 593 1692 despotum,
642 1595 684 1666 et
722 1611 977 1688 generosum
1018 1594 1190 1674 militem
1326 1575 1328 1583 Α

103 1713 314 1791 dominum
341 1707 723 1789 Franciscum
752 1709 1191 1800 Bembo,nomini·

103 1835 176 1913 bus
207 1835 249 1913 in
277 1834 346 1911 illa
374 1829 596 1918 contentis,
625 1855 752 1907 nanum
784 1831 1053 1912 contineatur
1081 1838 1188 1940 capi·

101 1955 228 2032 tulum
259 1953 480 2032 continens
497 1941 781 2042 effectualiter,
799 1953 912 2052 quod
941 1960 1022 2030 tam
1038 1954 1192 2034 subditi

18 2067 22 2074 ’
102 2073 369 2153 illustrissimi
397 2071 569 2151 dominii
581 2073 854 2150 Venetiarum
871 2098 993 2174 quam
1017 2074 1191 2154 illustris

101 2195 262 2276 domiui
278 2193 455 2297 (impoti,
484 2191 648 2294 possint
669 2195 792 2283 stare,
807 2217 965 2293 emere,
993 2201 1192 2290 vendere,

100 2325 317 2397 eteorum
353 2313 605 2393 mercantias
643 2313 799 2402 iacere,
839 2340 919 2418 per
945 2323 1108 2405 terras,
1150 2329 1191 2398 et

99 2438 192 2516 loca
219 2436 415 2542 partium,
445 2439 488 2512 et
516 2439 665 2514 contra
693 2433 777 2513 hoc
794 2435 844 2510 ab
872 2435 1014 2538 aliquo
1031 2447 1192 2542 tempo·
1254 2493 1256 2498 -

99 2582 149 2635 re
191 2556 307 2648 citra,
333 2581 412 2660 per
451 2555 664 2654 vayvodas
704 2562 748 2633 et
783 2555 986 2635 officiales
1022 2559 1193 2638 illustris
1341 2639 1346 2646 ,

100 2677 260 2758 domini
299 2679 467 2781 despoti
512 2701 593 2754 non
639 2675 933 2780 permittantur
973 2703 1193 2771 caravane,

98 2798 164 2877 ire
192 2797 390 2878 (latarum
416 2821 496 2901 pro
524 2798 610 2875 sale
638 2807 680 2874 et
707 2799 964 2888 mercandis,
992 2809 1034 2880 et
1061 2803 1192 2881 homi-

14 2999 15 3024 *
99 2941 174 2997 nes
201 2919 325 3020 plane
353 2941 438 2996 non
467 2916 760 3022 permittantur
786 2918 849 2995 ire
877 2919 1069 2999 similiter
1093 2921 1194 3000 Scu-

98 3045 238 3119 tarum
293 3063 373 3143 pro
415 3039 502 3117 sale
543 3047 585 3117 et
624 3038 980 3130 mercationibus,
1020 3041 1192 3144 petebat

94 3157 287 3264 prelatus
317 3159 509 3237 dominus
538 3153 733 3236 Nicolaus
761 3158 902 3236 illemo
933 3169 1082 3239 orator
1110 3165 1192 3241 etc.

97 3279 271 3356 nomine
300 3303 385 3380 quo
415 3302 556 3383 supra,
586 3278 744 3356 debere
773 3280 960 3366 servari,
990 3287 1033 3358 et
1068 3281 1192 3357 adim·

95 3398 211 3502 pleri
239 3398 418 3478 formam
437 3396 572 3502 pacis;
601 3397 763 3476 idcirco
791 3399 1108 3501 superscriptus
1137 3399 1194 3476 ill.

95 3519 296 3598 dominus
323 3521 526 3623 despotus
549 3519 768 3620 promisit,
810 3523 853 3596 et
888 3544 936 3597 se
963 3518 1195 3620 obbligsvit

94 3641 239 3722 taliter
249 3639 433 3727 edicere,
447 3648 574 3742 alque
589 3643 786 3719 mandare
803 3640 994 3718 omnibus
1010 3639 1194 3720 olliciali-

14 3761 15 3788 *
63 3781 71 3790 ’
96 3764 179 3840 bus
199 3761 295 3852 sule,
323 3761 439 3862 quod
470 3761 820 3864 semperetomni
837 3769 1030 3864 tempore
1046 3785 1194 3841 omnes

14 3899 15 3908 ‘
95 3905 306 3960 caravane
334 3883 377 3958 et
390 3879 545 3959 subditi
573 3883 635 3957 sui
664 3889 864 3985 poterunt
891 3882 1194 3962 ireScutarum

96 4011 144 4083 et
173 4001 369 4082 Catarum
398 4025 476 4104 pro
506 4003 611 4091 sale,
653 4009 818 4082 etcum
861 4003 1192 4084 mercationibus

14 4119 16 4162 ²
96 4121 190 4200 sine
226 4122 308 4202 ulla
337 4121 698 4209 contradictione,
741 4123 790 4198 ad
832 4147 980 4201 eorum
1018 4123 1190 4202 libitum.

14 4233 16 4264 ⁸
90 4241 1189 4346 Itemquialuraseuichjamaunisnovem
