3220 5118
389 510 463 592 tao,
491 498 695 604 poscendi
710 500 847 580 cidem
877 503 1132 606 promittere
1148 505 1247 582 ioco
1263 503 1374 582 iilius
1390 525 1484 606 pro

387 623 585 708 visionis.
632 617 740 726 duae
769 623 943 702 dabatur
971 621 1134 710 Balsac,
1162 622 1339 703 ducatos
1367 623 1483 702 mitte

387 742 426 818 in
456 765 578 828 anno,
594 747 867 843 promittente
896 742 1010 821 dicto
1040 743 1263 844 capitaneo
1293 742 1484 840 'Purch-o·

388 887 500 952 rum,
543 873 624 940 tam
653 862 805 941 dictam
846 872 1034 944 nostram
1063 871 1322 956 contr-atam,
1359 885 1518 967 quam·

387 993 521 1062 totum
563 982 694 1074 illud,
736 985 847 1085 quod
890 994 1134 1064 teneremus
1172 986 1211 1062 in
1240 984 1364 1064 dictis
1391 1007 1486 1088 par·

388 1104 509 1190 tibus,
521 1104 754 1182 defendere
771 1115 815 1183 et
830 1105 1060 1194 custodire,
1075 1114 1158 1183 tam
1174 1106 1327 1219 edicto
1343 1107 1486 1190 Balsa,

388 1247 511 1325 quarn
542 1248 563 1298 a
593 1223 915 1328 quibuscunque
959 1225 1077 1314 aliis,
1118 1223 1356 1304 volantibus
1384 1225 1486 1306 ioca

386 1353 531 1422 nostra
560 1343 611 1421 do
641 1344 737 1424 inde
767 1347 1019 1438 molestare;
1066 1357 1106 1423 et
1136 1348 1233 1448 quia
1262 1345 1363 1426 dicti
1394 1371 1487 1424 rec·

388 1471 504 1542 tores
531 1461 767 1542 habuerunt
793 1467 833 1542 in
862 1466 1080 1554 mandatis,
1108 1464 1302 1544 soldandi
1330 1464 1384 1542 do
1414 1463 1489 1542 do·

386 1585 505 1664 minis
533 1593 576 1662 at
603 1585 798 1683 gentibus
826 1586 878 1664 dc
907 1584 1015 1678 iude,
1045 1587 1079 1664 si
1100 1584 1202 1664 dicti
1231 1587 1365 1664 nostri
1392 1610 1486 1663 rec·

386 1714 504 1782 tores
533 1728 579 1780 se
622 1704 937 1786 concordarent
980 1729 1076 1786 cum
1118 1677 1258 1784 dictis*
1282 1703 1484 1800 Turchis,

306 1894 308 1898 ,
386 1827 628 1904 comittatur
655 1828 729 1913 cis,
757 1829 870 1929 quod
898 1827 1022 1904 aliam
1050 1849 1279 1930 expensam
1308 1850 1391 1903 non
1410 1827 1481 1902 de·

388 1947 514 2023 beant
542 1943 684 2024 facere
714 1945 754 2022 in
783 1947 979 2045 gentibus
1009 1945 1061 2024 dc
1089 1945 1196 2022 inde.

485 2119 647 2196 Verum
676 2119 771 2221 quia
800 2119 946 2204 fertur,
975 2118 1089 2220 quod
1120 2118 1208 2193 via
1236 2139 1259 2191 a
1288 2115 1484 2195 Scuta·

385 2235 431 2312 ri
460 2261 593 2338 nsque
624 2237 941 2340 Schopiarn
969 2261 1052 2314 non
1082 2245 1145 2314 est
1173 2239 1284 2314 benc
1312 2259 1483 2342 secura,

385 2355 604 2434 ordinetur
631 2367 673 2436 et
702 2355 925 2437 mandetur
961 2357 1181 2461 capitaneo
1209 2363 1355 2435 nostro
1385 2355 1482 2434 Cui·

384 2479 466 2580 phy
495 2487 535 2556 et
565 2480 807 2558 rectoribus
836 2479 992 2561 nostris
1021 2477 1216 2562 sectari,
1255 2478 1364 2580 quod
1392 2503 1481 2556 non

383 2599 592 2678 existente
634 2599 743 2678 dicta
784 2602 850 2677 via
891 2624 1068 2684 secura,
1111 2598 1294 2679 debeant
1335 2599 1481 2677 facere

384 2719 580 2810 conduci,
608 2745 740 2821 usque
780 2719 1111 2812 Durrachium,
1153 2721 1218 2796 vel
1247 2743 1327 2822 per
1353 2720 1480 2798 aliam

383 2841 488 2916 viam
518 2846 562 2916 ut
590 2841 650 2917 cis
682 2839 916 2928 videbitur,
960 2863 1083 2918 unam
1112 2863 1338 2944 personam
1365 2841 1479 2918 sudi·

381 2959 561 3037 cientem
578 2971 620 3038 et
634 2967 785 3064 aptam.
816 2984 922 3063 quae
951 2961 1073 3040 vadat
1102 2963 1150 3037 ad
1181 2958 1477 3062 exequendum

382 3081 619 3157 mandatum
650 3089 853 3167 nostrum,
868 3085 997 3184 prout
1012 3080 1207 3183 superins
1222 3081 1478 3159 continetur.

484 3249 534 3326 nt
562 3252 738 3331 ulterius
765 3258 1011 3336 ,comittatur
1045 3255 1170 3332 dictis
1199 3254 1356 3331 nostris
1386 3275 1475 3329 rec·

381 3372 557 3467 toribus,
586 3376 697 3474 quod
725 3375 833 3452 sicut
862 3375 1064 3454 dictus
1093 3360 1269 3453 Balsa
1300 3373 1477 3450 habet

380 3493 596 3570 taleam
637 3498 981 3576 ducatorum
1023 3495 1477 3600 quatuormilii·

381 3637 470 3699 tam,
506 3615 567 3692 sic
594 3616 810 3717 publicare
840 3619 996 3698 faciant
1024 3619 1215 3698 taleam
1245 3607 1477 3694 ducato·

380 3760 494 3814 rum
538 3741 967 3826 octomilliurn,
1024 3741 1210 3830 dando
1253 3738 1474 3818 dictum

380 3855 1476 3946 Balsamvivuminmanibusnostris‚

380 3979 1238 4061 autintcrficiendoeundcm.

483 4131 592 4212 Alii
607 4161 632 4212 v
645 4137 809 4214 olunt:
830 4135 935 4216 Cum
952 4163 1030 4242 per
1046 4138 1350 4242 experientiam
1365 4137 1475 4218 vide·

383 4258 450 4328 tur
478 4254 587 4330 mala
615 4256 791 4336 intentio
808 4265 849 4334 et
871 4257 1129 4362 perversitas
1157 4256 1320 4344 Bolsae,
1348 4257 1474 4337 inimi·
