3212 5116
345 577 553 685 presentis
579 573 841 657 instrumenti
867 573 947 650 sub
973 574 1090 676 penis
1121 582 1163 652 et
1191 573 1434 675 obbligatio-

347 695 467 776 nibus
495 697 800 800 suprascriptis.
846 699 952 776 Acta
981 695 1152 772 fuerunt
1177 695 1434 798 suprascrip·

347 826 389 897 ta
416 815 553 896 omnia
578 815 618 893 in
647 814 814 894 civitate
830 815 1117 900 venetiarum.
1144 815 1183 891 in
1213 799 1434 917 dircaiipa·

348 940 461 1031 latio,
489 939 529 1014 in
560 937 810 1016 cancellaria
826 936 1015 1014 comunis
1041 935 1434 1037 Venetiorum,pre·

349 1055 534 1134 sentibus
559 1055 774 1134 nobilibus
800 1063 843 1132 et
868 1052 1127 1157 sapientibus
1154 1055 1270 1147 viris,
1308 1054 1435 1130 domi·
1570 1073 1578 1090 .

347 1201 403 1254 no
432 1173 645 1275 Rapbaino
675 1177 728 1254 de
758 1174 969 1254 Caresinis
1002 1171 1242 1252 honorabili
1269 1173 1433 1254 cancei-

349 1295 452 1372 iario
480 1295 767 1382 venetiarum,
795 1319 844 1371 ac
871 1318 941 1371 ser
968 1291 1281 1372 iirancescbino
1303 1291 1433 1369 Minio

349 1414 435 1492 iiiio
464 1414 617 1492 nobilis
642 1415 720 1492 viri
748 1437 820 1490 ser
860 1413 1030 1517 Maphei
1058 1415 1203 1502 Minio,
1232 1413 1325 1492 cive
1352 1413 1434 1490 Ve-

348 1533 564 1621 netiarum,
601 1558 680 1612 nec
708 1558 792 1612 non
819 1533 1010 1633 providis
1039 1541 1082 1611 et
1110 1532 1433 1634 circumspectis

349 1654 544 1741 virisser
560 1652 686 1732 Petro
715 1651 767 1730 de
793 1652 876 1731 Xb.
899 1675 970 1732 ser
997 1652 1234 1730 Guiiiielmo
1264 1651 1316 1728 de
1347 1649 1435 1730 Cia·

350 1774 466 1860 rutis,
494 1782 537 1850 et
563 1797 634 1852 ser
661 1772 791 1851 Petro
824 1773 876 1848 de
906 1773 944 1849 ia
973 1771 1111 1860 Costa,
1144 1770 1337 1858 omnibus
1362 1795 1434 1848 no·

350 1892 464 1972 tariis
503 1892 677 1974 ducatus
718 1895 1017 1986 venetiarum,
1044 1919 1094 1972 ac
1133 1893 1314 1972 honesto
1342 1893 1434 1970 viro

350 2014 520 2093 domiuo
549 2012 785 2092 Theodoro
815 2013 867 2092 de
895 2013 1082 2104 Albania,
1109 2011 1200 2091 filio.
1225 2015 1434 2116 quondam

350 2135 490 2236 Sergii
506 2133 557 2211 de
584 2134 757 2226 Amissa,
784 2137 990 2213 ambobus
1018 2133 1248 2212 familiariis
1274 2157 1436 2236 supras-

350 2255 473 2360 cripti
500 2253 658 2331 domini
699 2251 903 2358 episcopi,
944 2253 1135 2334 omnibus
1178 2253 1357 2334 testibus
1385 2255 1436 2332 ad

349 2374 631 2480 suprascripta
684 2375 845 2452 vocatis
899 2374 1143 2478 specialiter
1182 2381 1225 2454 et
1266 2375 1437 2475 rogatis,

351 2506 393 2576 et
420 2495 525 2576 aliis.

450 2617 542 2716 Ego
572 2613 814 2694 beonardus
842 2617 894 2694 de
922 2616 1207 2698 Anzoietisde
1235 2616 1438 2708 Venetiis,

350 2735 556 2840 imperiali
598 2736 851 2814 auctoritate
880 2740 922 2812 et
950 2731 1123 2816 ducatus
1162 2738 1437 2817 Venetiarum

269 2851 276 2858 ’
350 2855 567 2945 notarius,
594 2857 892 2962 suprascriptis
945 2859 1140 2936 omnibus
1197 2867 1238 2938 et
1265 2857 1440 2956 singuiis

348 3001 528 3082 presens
561 2976 630 3076 fui,
660 2978 817 3079 etipsa
844 2980 897 3056 de
925 2969 1142 3061 voluntate
1171 2989 1213 3058 et
1241 2980 1435 3058 mandato

350 3097 731 3200 suprascriptarum
770 3099 952 3200 partium
988 3098 1159 3200 scripsi,
1187 3107 1228 3176 et
1258 3096 1438 3199 publica·

350 3219 390 3296 vi
417 3223 613 3318 rogatus,
654 3218 903 3322 signumque
944 3243 1082 3296 meum
1135 3221 1366 3298 notariatus
1396 3217 1437 3296 in

351 3337 476 3418 iidem
510 3345 553 3416 et
592 3338 879 3418 testimonium
901 3339 1219 3442 ‘premissorum
1260 3338 1437 3444 apposui

352 3464 613 3540 consuetum.

853 3557 1097 3628 commemor.
1120 3559 1217 3627 vul.
1244 3561 1297 3626 eb.
1321 3563 1393 3626 lto

569 3679 731 3780 CLV.
772 3705 883 3778 1387.
908 3705 973 3779 aa.
1001 3698 1218 3780 Martii.

353 3845 550 3918 gessenna
576 3857 662 3912 cepa
687 3857 999 3918 nocuasussnpaas
1023 3845 1190 3902 Pamnors
1215 3855 1306 3898 some
1331 3842 1438 3900 orsis

484 3963 521 4004 nu
547 3947 770 4004 itinerantem,
794 3943 927 4004 rasisse
950 3961 990 4016 go
1016 3961 1167 4018 ocrpooa
1189 3946 1313 4020 iipsua.

455 4062 597 4169 Copta:
625 4064 746 4166 Quod
776 4089 882 4142 unus
911 4063 1155 4144 ambasiator
1182 4061 1437 4142 serenissimi

353 4183 763 4288 dominiregis
791 4185 1014 4268 Raxiae
1054 4183 1438 4287 possiiievarisu·
