3228 5108
198 543 203 560 “
310 533 365 612 do
394 557 442 610 se
469 555 625 632 gerere
650 531 763 610 sicut
789 529 946 610 debent
961 529 1105 612 locere
1134 533 1206 622 llll,
1228 531 1306 634 'qui
1331 555 1403 608 ro·

311 657 401 741 lunt
424 677 520 730 esse
549 655 673 734 amici
702 661 744 730 et
771 651 956 730 benivoli
984 653 1176 746 alionum
1206 661 1250 732 et
1274 653 1317 729 in
1340 675 1404 728 ca·
1518 633 1525 646 ’

309 803 358 854 su
386 800 470 877 quo
497 777 625 858 velint
651 803 698 856 sc
727 775 937 853 reducere
966 775 1016 854 ad
1052 773 1319 854 habitandum
1348 773 1435 852 ci·.

310 897 481 976 vitatem
522 905 708 976 nostram
748 897 1174 994 veneciarum,
1230 897 1296 973 vel
1338 896 1404 972 ali·

310 1043 438 1120 quem
476 1042 530 1096 ex
559 1019 649 1098 aliis
679 1021 787 1098 locis
816 1016 970 1096 nostris
1009 1017 1052 1095 in
1080 1019 1170 1096 aliis
1198 1019 1403 1117 pertibus,

307 1163 434 1239 ,quem
463 1139 504 1216 in
534 1139 640 1216 locis
665 1129 985 1222 Albaniae,
1012 1137 1240 1237 providere
1267 1135 1323 1214 ita
1352 1134 1405 1218 do

311 1255 400 1353 sis,
442 1257 556 1357 quod
584 1263 786 1358 poterunt
825 1255 1138 1336 honorabiliter
1165 1256 1325 1334 ducere
1353 1254 1407 1330 ri·

313 1387 395 1456 tam
423 1399 551 1456 suam.

415 1617 480 1696 Ad
521 1615 639 1694 eliam
678 1623 843 1718 portem
881 1639 961 1720 per
989 1638 1111 1719 quam
1152 1619 1244 1720 ipse
1283 1616 1405 1696 uobis

314 1737 528 1826 notificat,
566 1736 680 1838 qu'od
708 1744 909 1840 respectu
951 1737 1112 1816 erroris
1141 1761 1265 1840 quem
1304 1738 1405 1816 alias

315 1856 550 1946 commisit,
580 1854 1013 1958 quumadhaesit
1052 1855 1304 1946 '1¹urcbo,
1330 1857 1406 1938 dis·

314 1977 478 2081 positus
545 1983 609 2056 est
663 1977 833 2056 omnino
893 1978 1004 2055 velle
1059 1976 1169 2054 mori
1223 1975 1407 2054 christia·

317 2119 415 2176 uum
456 2104 499 2176 et
536 2103 619 2178 cet.
674 2097 1018 2201 Respondentur,
1059 2097 1171 2200 quod
1212 2099 1293 2175 ista
1332 2118 1406 2174 sue

315 2217 569 2296 deliberatio
598 2217 755 2302 iudicio
784 2225 933 2298 nostro
962 2229 1027 2296 est
1053 2226 1196 2297 sancta
1223 2217 1337 2297 utilia
1365 2229 1408 2298 et

315 2341 436 2420 bona,
465 2342 509 2416 et
528 2337 626 2414 satis
655 2339 792 2441 ample
819 2337 1079 2440 persuadere
1092 2339 1262 2420 scimtu,
1291 2341 1406 2440 quod

314 2461 563 2534 constanter
590 2462 842 2560 perseveret
867 2458 910 2534 in
937 2458 1030 2545 ille,
1059 2457 1155 2559 quia
1183 2456 1408 2535 indubitare

315 2585 381 2656 ter
408 2583 612 2664 tenemus,
641 2577 757 2678 quod
785 2585 921 2656 stante
949 2579 1043 2681 ipso
1071 2579 1109 2654 in
1127 2577 1205 2657 iste
1231 2601 1303 2662 sua
1330 2578 1406 2658 dis·

314 2696 546 2798 positione,
575 2697 765 2776 dominus
787 2697 974 2796 iuvabit,
1016 2699 1215 2777 defendet
1241 2709 1284 2777 et
1312 2723 1407 2778 ooo·

314 2816 498 2895 servabit
513 2839 608 2896 eum
636 2816 687 2892 ab
714 2817 873 2898 insidiis
889 2815 1276 2922 etoppresionibus
1303 2816 1405 2896 Tur·

316 2935 493 3014 eborum
521 2936 825 3037 predictorum.
851 2940 1011 3016 Verum
1037 2940 1131 3039 qula
1148 2937 1263 3026 dicit,
1292 2940 1406 3039 qood

317 3055 491 3136 velimus
520 3056 622 3134 dare
648 3059 727 3134 sibi
759 3065 949 3138 nostrum
979 3059 1167 3138 levorem
1196 3059 1408 3157 galearum

317 3183 571 3270 nostrarum,
590 3204 697 3280 quae
725 3179 892 3258 obstent
907 3181 1019 3280 quod
1046 3180 1208 3258 Turchi
1228 3179 1408 3258 transire

318 3323 403 3381 uon
431 3297 594 3401 possint
607 3300 647 3376 iu
677 3299 874 3387 Gratiam,
891 3299 939 3378 ad
956 3301 1064 3378 istud
1093 3301 1281 3388 dicimus,
1296 3301 1408 3402 quod

274 3515 278 3528 ,
317 3419 396 3497 toti
424 3417 579 3496 mundo
606 3419 821 3498 notorium
862 3427 951 3510 est,
995 3419 1196 3521 quidquid
1235 3417 1410 3498 lecimus

318 3562 396 3640 pro
413 3537 656 3616 defensione
678 3539 903 3619 ethonore
931 3537 1029 3616 lidei
1059 3541 1265 3618 catolicae
1295 3563 1408 3618 con·

321 3667 402 3736 tra
429 3657 673 3736 Turchos
704 3657 934 3760 predictos,
967 3661 1077 3738 etita
1102 3670 1211 3738 esset
1239 3681 1411 3762 semper

319 3779 538 3880 dispositio
564 3787 720 3868 nostra,
749 3779 1086 3883 quotiescunque
1114 3805 1244 3880 posse
1266 3781 1409 3861 lacere

318 3900 570 3998 uideremus.
598 3899 683 3977 Sed
711 3898 865 3976 veritas
896 3913 981 3994 est,
1011 3905 1126 4002 quod
1153 3901 1204 3978 ad
1231 3909 1410 4003 presens

320 4024 491 4096 nostrae
533 4020 652 4118 galee
680 4019 761 4096 sint
798 4017 919 4096 nobis
960 4019 1226 4100 necessariae
1253 4023 1294 4098 in
1324 4015 1411 4098 aliis

321 4136 464 4214 arduis
494 4138 613 4224 factis
642 4140 823 4230 nostris,
864 4140 918 4216 ito
948 4141 1058 4242 quod
1096 4121 1184 4248 uon
1223 4138 1411 4222 videmus

328 4257 420 4360 uarie
450 4281 528 4360 pro
558 4283 667 4337 nunc
696 4260 806 4362 ipsas
833 4259 1008 4358 vigilare
1036 4261 1176 4341 facere
1200 4261 1411 4363 possimus
