3190 5110
119 730 226 816 dere
242 741 285 814 et
299 729 567 814 damnilloare
595 735 686 812 toto
701 755 778 810 suo
794 754 939 834 posse,
950 737 993 814 et
1006 729 1218 834 quoslibet

116 855 224 936 alios
265 853 542 934 adhaerentes
570 855 654 940 eis,
690 854 755 931 vel
791 856 1053 956 praestantes
1082 850 1144 932 eis
1171 853 1212 932 in

119 977 257 1066 aliona
298 975 496 1054 auxilium
533 985 598 1054 vel
634 976 847 1068 favorem,
877 979 919 1052 et
946 973 1010 1053 sio
1037 997 1210 1054 servaro
1249 1059 1255 1070 ⁸

118 1095 300 1176 debeant
314 1097 354 1173 in
372 1095 562 1174 omnibus
591 1097 682 1176 aliis
709 1095 889 1184 inimicis
917 1093 1086 1190 nostris,
1103 1119 1211 1197 quos

119 1216 184 1294 eis
211 1215 568 1296 manifestaremus
595 1241 674 1321 per
702 1217 865 1298 litteras
899 1216 964 1292 vel
1002 1215 1211 1295 nuncium.

223 1354 365 1460 Capta:
397 1351 503 1431 ltem
531 1353 740 1434 scribatur
766 1351 890 1433 dietis
919 1351 1211 1460 provisoribus

19 1462 29 1472 ’
117 1475 288 1566 nostris,
315 1475 429 1580 quod
457 1477 491 1552 si
520 1477 628 1554 inter
655 1473 976 1575 Gregorium
1015 1474 1211 1554 comitem

117 1604 162 1676 et
203 1595 464 1676 Comites
508 1596 858 1674 Maladinum
898 1603 940 1674 et
976 1593 1210 1674 Paulum

116 1703 253 1822 aliqua
294 1715 529 1798 differentia
565 1716 699 1811 toret,
738 1715 930 1794 studeant
969 1740 1046 1794 suo
1083 1741 1211 1821 posse

116 1839 230 1918 illam
259 1861 462 1920 revocare
492 1837 677 1924 omnino,
706 1845 749 1916 et
776 1835 811 1913 si
839 1835 925 1914 hoo
953 1836 1097 1916 lacere
1126 1861 1210 1916 non

5 2045 7 2054 ,
115 1960 333 2049 valerent,
366 1965 605 2101 procurent
641 1960 753 2062 quod
794 1958 1002 2061 quaelibet
1030 1981 1133 2100 pars
1161 1959 1212 2038 ad

116 2107 198 2164 nos
225 2081 358 2160 mittat
398 2106 526 2194 super
566 2081 655 2184 ipsa
685 2080 943 2166 differentia,
972 2079 1067 2196 quia
1094 2079 1134 2158 in
1163 2105 1210 2162 ea

104 2202 356 2310 ,curabimus
386 2200 636 2292 terminare,
678 2200 788 2304 quod
819 2189 1018 2306 respiciat
1054 2197 1209 2322 bonurn

115 2333 162 2408 et
189 2331 453 2430 augmentum
483 2307 868 2428 utriusquepartis
1020 2339 1023 2345 ·

507 2460 649 2528 secret
675 2460 848 2550 tingatur.
874 2461 967 2527 libr
994 2459 1033 2528 Δ
1057 2459 1112 2528 cb.
1135 2463 1187 2560 1.λ
1345 2456 1348 2472 “

120 2647 437 2796 llxxvii.⁸
459 2673 570 2749 rara.
595 2669 693 2749 rna.
720 2665 832 2750 xm.
857 2669 1191 2772 aoaugusux

260 2863 415 2937 liapartla
438 2865 566 2938 raupta
591 2877 631 2921 oe
659 2879 740 2937 para
765 2877 922 2937 sparuna
946 2861 1063 2940 aurp..

220 3027 373 3136 Capta:
401 3030 519 3131 Quod
546 3030 854 3136 respondeatur
882 3031 935 3108 Sr
955 3033 1109 3147 *Maron
1137 3029 1207 3110 Ju-

116 3151 297 3231 stiniano
341 3149 559 3255 capitaneo
596 3157 744 3230 nostro
786 3151 838 3230 de
880 3159 991 3232 terra
1027 3151 1079 3229 ad
1108 3153 1207 3234 litte·

116 3298 185 3350 ras
213 3298 322 3360 snas,
349 3297 450 3375 quas
488 3272 609 3353 nobis
658 3271 769 3351 misit
796 3274 973 3376 scriptas
1012 3275 1206 3356 Nonae

108 3401 164 3474 22
190 3394 344 3472 mensis
373 3397 607 3495 praesentis
636 3397 811 3498 augusti.
842 3395 893 3474 nt
919 3398 1056 3500 primo
1086 3395 1204 3475 adid

110 3513 226 3618 quod
253 3513 435 3618 scripsit,
465 3515 577 3617 quod
594 3516 776 3595 libenter
804 3516 1036 3620 equitasset
1063 3516 1114 3591 ad
1142 3515 1204 3592 da·

109 3659 251 3712 mnum
275 3631 693 3722 «ladratinorum
721 3637 756 3712 si
785 3633 879 3736 equi
894 3636 959 3714 sui
974 3641 1015 3712 et
1030 3633 1205 3711 aliorum

107 3753 364 3858 aplinassent
389 3753 560 3846 Nonam3
582 3757 692 3859 quod
721 3781 815 3856 cum
844 3755 1064 3836 credamus
1092 3754 1203 3856 quod

107 3873 214 3952 dicti
242 3872 306 3950 sui
343 3873 439 3976 eqni
480 3883 523 3954 et
550 3900 698 3954 omnes
727 3875 806 3964 alii,
835 3874 905 3977 qni
933 3879 1205 3954 recesserunt

106 3991 165 4071 de
192 3991 393 4079 Venetiis,
422 3992 572 4071 amodo
601 3995 696 4072 illuc
720 3994 1022 4099 applicuerunt,
1053 3993 1204 4074 debeat

107 4115 309 4194 oontinue
335 4115 621 4222 principaliter
650 4117 838 4219 equitare
854 4117 919 4194 vel
936 4115 1079 4196 faeere
1094 4115 1204 4224 equi·

23 4335 25 4344 ¹
109 4233 205 4326 tari,
245 4259 338 4316 eum
380 4241 467 4315 tota
507 4239 573 4316 vel
617 4245 738 4344 parte
765 4238 899 4339 gentis
927 4259 1039 4328 suae,
1075 4261 1204 4342 super
1243 4253 1247 4262 “

23 4353 26 4422 ἱ
108 4353 329 4434 territorio
357 4356 632 4446 inimieorum,
649 4367 693 4440 ut
709 4358 787 4440 sibi
807 4359 952 4438 melius
980 4357 1202 4447 videbitur,
