3206 5110
330 361 396 456 ooo
524 427 528 436 .

297 593 435 670 -bnnt
478 591 783 673 rationabiliter
825 599 1090 685 contentari,
1134 623 1225 676 rum
1254 597 1424 676 intendo

328 735 422 790 mus
462 719 633 813 sempcr‘
669 713 850 816 diligere
887 723 1040 797 statum
1069 727 1111 796 et
1140 723 1294 799 bonum
1323 721 1437 824 ipso·

332 858 423 910 rurn
453 844 659 934 tamquam
689 835 872 916 tidetinm
902 839 1168 919 diiectorum.

432 955 581 1034 iiutnrn
611 956 842 1062 penultimo
884 959 1003 1055 iunii,
1033 987 1145 1040 none
1183 962 1435 1042 indictionis.

861 1079 1177 1147 Comnremorisie
1202 1082 1228 1144 i.
1250 1083 1313 1146 cb:
1331 1083 1394 1144 115

692 1181 1075 1282 bxbssbins

385 1325 630 1400 [torponunnb
658 1339 761 1384 usone
795 1325 958 1386 desinere
984 1343 1081 1386 suess
1103 1327 1359 1403 dydposauson

735 1431 847 1506 itispsa
871 1433 1030 1508 dsupysn.
1166 1485 1172 1495 .

431 1545 551 1630 Rotio
594 1549 826 1650 questionis
870 1549 1028 1629 domini
1071 1553 1201 1630 Murci
1240 1552 1431 1631 Donduto

329 1666 540 1770 quondam
570 1669 739 1747 comitis
769 1669 1034 1776 Rogusiipro
1052 1679 1230 1773 utraque
1260 1679 1397 1770 pionte.

431 1787 533 1868 Corn
556 1813 635 1891 per
660 1789 853 1868 Nicoium
882 1793 935 1868 do
966 1793 1135 1870 biennio
1156 1793 1342 1870 nuntium
1359 1794 1433 1871 iia·

328 1908 433 2008 grisii
460 1909 676 1988 diceretur
703 1910 878 1989 domino
907 1912 1016 2000 duci,
1045 1913 1155 2013 qnod
1185 1913 1337 1990 nubitis
1364 1915 1433 1989 vir

330 2033 497 2114 Marcus
538 2031 728 2112 Dnnduio
758 2032 968 2132 qnondam
999 2057 1143 2110 comes
1170 2031 1339 2118 ibidem,
1369 2056 1431 2110 rc·

329 2161 505 2255 ceperat
546 2156 651 2232 uitro
688 2181 812 2258 quarn
850 2153 1044 2232 debuerit
1073 2155 1125 2230 de
1154 2154 1332 2258 pecunia
1360 2179 1430 2230 co·

329 2271 463 2350 munis
492 2269 659 2371 Regusii
685 2298 924 2376 yperperos
966 2271 1139 2351 CXXXI
1175 2279 1218 2348 et
1255 2295 1431 2370 grossos

280 2481 288 2494 ι
331 2391 386 2488 iii,
415 2397 565 2495 petens
595 2397 706 2493 quod
747 2393 909 2472 fuceret
938 2417 1031 2472 eern
1060 2391 1142 2468 sibi
1168 2393 1358 2488 restitui,
1387 2403 1430 2470 et

329 2515 420 2615 ipse
449 2513 600 2616 npbiiis
626 2515 804 2604 diceret,
833 2517 944 2617 quod
973 2539 1057 2592 non
1087 2523 1180 2591 oret
1206 2513 1275 2602 ito,
1303 2513 1430 2590 immo

329 2643 459 2724 oront,
487 2633 596 2712 sicut
623 2635 842 2713 continent
855 2635 1019 2723 cedute,
1035 2659 1136 2736 quos
1159 2631 1432 2721 monstrabat,

330 2779 510 2856 qrrorunr
548 2765 672 2832 tenor
701 2755 940 2834 continetur
968 2754 1155 2841 interius,
1189 2755 1319 2830 misse
1348 2754 1434 2830 ine·
1498 2751 1504 2764 '

330 2881 426 2950 runt
469 2875 640 2964 comiti,
682 2883 724 2952 et
766 2875 935 2952 comuni
973 2872 1136 2973 Rugusii
1165 2871 1311 2959 iitere,
1348 2899 1431 2974 que

327 3000 423 3070 sunt
452 2993 492 3070 in
522 2993 630 3072 iibro
645 3001 685 3072 9.
717 2993 929 3072 literarum
959 2999 1075 3072 corta
1103 2991 1292 3084 nuinnr
1321 3004 1431 3070 ecte·

329 3139 374 3192 ru
404 3113 685 3204 continentes,
714 3114 825 3213 qriod
853 3115 932 3214 ipsi
962 3115 1173 3190 mitterent
1199 3109 1323 3190 nobis
1352 3135 1432 3212 per

328 3234 537 3330 singulum
555 3233 755 3335 quidquid
767 3233 951 3312 debebat
966 3231 1309 3334 reciperedictns
1325 3233 1432 3308 bier·
1587 3239 1588 3268 i

330 3373 418 3442 cus,
446 3361 488 3432 et
516 3352 716 3456 quidquid
748 3354 920 3456 recepit.
952 3353 1003 3432 iit
1019 3353 1096 3455 ipsi
1118 3353 1431 3455 rescripserunt
1587 3413 1588 3441 ,

329 3474 565 3554 nobishoc
595 3474 737 3551 modo.

431 3593 658 3692 Magnifico
687 3601 729 3671 et
757 3595 930 3672 excelso
958 3595 1132 3672 domino
1160 3619 1238 3670 sno
1270 3601 1312 3674 et
1329 3601 1430 3672 tom·

329 3739 454 3816 qrrnm
499 3714 607 3815 putri
656 3714 828 3794 domiuo
881 3713 1010 3792 Petro
1061 3713 1302 3792 Gredonico
1346 3721 1432 3790 etc.

330 3836 515 3914 Morinos
549 3833 757 3912 iioduerio
799 3833 850 3910 dc
891 3857 968 3912 suo
1012 3833 1205 3910 mundato
1235 3837 1317 3908 cte.

431 3955 744 4053 Magnificentie
772 3966 914 4033 vestre
951 3959 1092 4034 titeros
1129 3979 1233 4056 quos
1261 3955 1433 4032 misistis

330 4076 576 4156 reverenter
606 4077 772 4177 recepi,
800 4075 1079 4164 continentes
1108 4075 1221 4176 quod
1249 4073 1432 4172 magnifi-

330 4199 468 4275 centie
498 4205 636 4276 vestre
677 4196 872 4274 distincte
900 4216 977 4298 per
1004 4195 1214 4295 singuium
1242 4193 1433 4272 scribere
