3224 5110
1189 377 1254 448 413

160 589 199 690 iu
227 588 390 666 duobus
434 587 553 666 anuis
596 586 800 689 proximis
841 609 920 688 per
961 593 1117 670 ratam,
1160 585 1256 685 quia

162 716 337 812 propter
378 731 552 806 guerras
582 762 592 783 .
622 763 633 783 .
666 765 675 783 .
706 767 713 782 .
743 708 901 784 aliter.
930 731 1052 782 ,nou
1092 727 1256 808 posses,

162 840 203 906 et
241 829 352 931 quod
390 829 553 928 singulo
597 853 704 906 anno
748 830 949 908 decetero
980 885 990 905 .
1021 885 1032 906 .
1061 884 1071 904 .
1101 825 1257 902 annalis

162 952 316 1028 solutio
346 1005 356 1028 .
383 1005 394 1028 .
423 1011 433 1028 .
465 959 610 1030 curret·
637 951 746 1028 siout
774 974 828 1026 ex
855 957 979 1052 pacto
1010 945 1255 1036 debetmit·

161 1081 276 1150 teate
304 1073 397 1175 ipso
427 1071 597 1150 domiuo
627 1097 728 1148 suos
755 1072 948 1148 subditos
974 1071 1199 1147 Scotorum
1215 1074 1257 1144 et

163 1191 357 1268 Getarum
385 1215 464 1294 pro
493 1193 593 1280 sale,
625 1199 667 1268 et
693 1189 877 1269 tenendo
902 1199 1052 1267 stratas
1079 1191 1258 1292 apertas,

163 1323 204 1390 ut
233 1312 519 1392 mercationes
550 1317 733 1390 currant.

265 1467 378 1544 Etsi
408 1492 500 1543 cum
532 1467 787 1570 desputo
823 1467 888 1542 vei
928 1467 1150 1567 capitaneo
1180 1487 1257 1540 suo

164 1593 204 1662 tn
234 1611 381 1688 posses
421 1589 565 1664 venire
595 1591 643 1663 ad
674 1589 905 1690 pretiorum,
947 1585 1062 1687 quod
1105 1584 1258 1664 habitis

163 1706 289 1784 terris
329 1708 411 1783 suis
453 1706 670 1810 predictis,
699 1731 780 1782 nou
822 1707 949 1784 vellet
991 1705 1148 1781 habere
1178 1727 1257 1806 pro

165 1828 299 1905 ricino
343 1851 420 1902 suo
464 1823 934 1924 Scanderbegho
969 1823 1186 1901 'Furcirum
1216 1830 1259 1900 et

164 1947 366 2046 pertidum
396 1947 619 2031 homiuem,
649 1947 770 2023 valde
788 1946 978 2048 placeret
994 1943 1129 2034 uobis,
1145 1943 1257 2046 quod

163 2069 202 2143 iu
233 2093 333 2146 casu
362 2093 446 2167 quo
476 2073 519 2143 tu
548 2091 642 2142 cum
672 2063 1002 2162 Scanderbegho
1031 2087 1114 2140 uon
1142 2063 1260 2140 fecis·

164 2211 230 2264 ses
267 2205 441 2290 pacem,
482 2185 666 2288 pratices
704 2193 745 2261 et
783 2207 993 2286 procures
1036 2181 1261 2260 inducendi

163 2317 309 2407 gentes
350 2309 590 2411 predictae,
621 2309 734 2408 quod
764 2309 813 2384 ad
836 2305 953 2383 iilius
982 2306 1130 2384 Scan
1146 2305 1170 2380 d
1188 2331 1211 2382 e
1227 2327 1260 2380 r·

165 2431 340 2530 beghi
371 2431 529 2508 carinam
558 2437 600 2504 et
629 2427 960 2505 destructionem
989 2425 1188 2505 veniant.
1215 2482 1225 2502 .
1250 2486 1259 2506 .

164 2556 206 2626 et
246 2553 280 2626 si
322 2549 539 2664 videretur
567 2574 672 2650 opus
702 2606 712 2638 ‚
742 2606 749 2620 .
780 2608 785 2619 .
815 2546 1065 2648 promittere
1107 2546 1262 2648 aliquid

167 2671 423 2750 consiliariis
452 2673 517 2746 rei
547 2671 651 2756 otiis,
682 2670 875 2770 quiapud
903 2670 1261 2770 iiiumdespotum

165 2793 230 2868 vei
261 2793 522 2894 capitaneum
552 2815 672 2866 suum
701 2789 983 2892 reperiuntur,
1013 2791 1158 2865 damus
1186 2785 1261 2864 tibi

167 2912 402 2990 libertatem
431 2911 629 3015 poscendi
657 2913 698 2988 id
728 2911 871 2987 facere
901 2969 908 2982 .
940 2967 946 2978 .
977 2967 986 2986 .
1023 2909 1135 2988 Etsi
1166 2929 1260 2986 cum

167 3035 389 3138 capitaneo
434 3034 500 3111 vei
542 3034 859 3110 locumtenente
896 3055 972 3106 suo
1001 3053 1086 3108 non
1114 3051 1263 3132 posses

166 3175 389 3234 remanere
419 3155 458 3232 in
489 3153 732 3238 concordia,
751 3177 895 3229 sumus
925 3149 1130 3242 contenti,
1150 3147 1263 3252 quod

166 3299 319 3374 posses
348 3337 354 3350 .
458 3284 499 3352 te
528 3275 725 3354 conferre
750 3276 802 3353 ad
831 3275 1067 3377 despotum',
1097 3281 1140 3349 et
1169 3293 1263 3348 cum
1361 3342 1365 3358 ,

167 3395 238 3471 ilio
266 3417 475 3498 procures
518 3395 713 3472 obtinere
754 3395 1032 3472 intentionem
1074 3397 1264 3470 nostram

167 3518 499 3619 suprascriptam
530 3577 535 3590 .
566 3575 574 3592 .
604 3575 651 3594 ..
1161 3523 1169 3548 ‘

269 3671 321 3749 Et
361 3671 397 3746 si
438 3671 512 3748 tibi
554 3669 771 3748 videretur
812 3669 996 3747 utile..
1029 3725 1036 3742 .
1065 3665 1268 3772 parcendi

169 3791 414 3870 hominibus
457 3793 607 3895 paisii‚
649 3795 718 3896 qui
748 3793 790 3870 in
817 3791 899 3869 hac
926 3791 1112 3870 novitate
1142 3787 1269 3866 Scan»

170 3910 375 4010 derbeghi
411 3940 435 3992 a
470 3911 672 3990 fidelitate
715 3911 853 3989 nostri
894 3909 1068 3988 dominii
1108 3909 1272 3986 defece·

173 4037 282 4126 runt,
310 4059 454 4110 sumus
484 4034 671 4110 contenti
701 4091 709 4109 .
737 4089 747 4110 .
777 4089 784 4103 .
816 4087 825 4107 .

484 4221 594 4288 Scor.
618 4239 723 4285 cons.
745 4237 822 4304 rog.
848 4217 923 4284 lib.
946 4217 1072 4285 xvrll.
1097 4218 1153 4284 ch.
1176 4219 1226 4282 14.
