3224 5110
1211 319 1276 414 tuq

183 533 418 618 tensionem
447 558 588 632 suam,
617 555 700 608 non
741 533 879 609 autem
906 551 986 634 pro
1021 527 1274 607 offendendo

182 680 445 758 quemquam,
472 654 635 758 possint
663 649 825 730 habere
854 655 898 726 et
927 655 1073 727 tenere
1102 649 1142 726 iu
1171 649 1277 726 mari

181 775 366 880 aliquam
402 776 566 860 iustam.
596 817 642 830 —
672 770 748 850 sed
789 761 1056 847 solummodo
1099 769 1274 846 durante

179 897 393 998 praesenti
421 920 563 996 guera,
590 918 668 998 pro
699 891 1026 973 conservatione
1053 890 1274 980 statussui‚

180 1041 276 1096 cum
303 1017 388 1098 hoc
424 1027 575 1099 tamen,
617 1014 730 1116 quod
772 1011 885 1090 nullo
926 1011 1054 1090 modo
1097 1010 1276 1089 excedat

181 1137 386 1214 terminos
415 1162 528 1216 suos.
559 1135 621 1212 De
648 1138 769 1238 parte
796 1139 859 1211 20.

280 1257 364 1338 Alii
393 1259 551 1346 volunt,
579 1255 693 1357 quod
721 1277 803 1332 nec
832 1253 902 1330 alii
928 1277 1010 1331 nec
1038 1253 1139 1329 dux
1167 1251 1273 1330 Ste-

180 1379 327 1458 ianus
356 1385 581 1464 armarent,
610 1383 653 1455 ot
681 1375 852 1454 fuerunt
880 1375 932 1451 de
960 1380 1079 1476 parte
1115 1377 1177 1466 67,
1206 1365 1274 1450 ita·
1375 1409 1377 1414 v

179 1525 261 1600 que
289 1499 398 1577 haec
424 1522 523 1604 pars
553 1505 675 1600 capta
702 1497 788 1575 fuit.

478 1643 583 1736 Secr.
608 1691 709 1736 cons.
735 1675 856 1756 rogat.
879 1663 957 1730 Lib.
982 1665 1077 1732 xlx.
1101 1669 1156 1734 ch.
1179 1668 1231 1732 73.

335 1853 618 1956 GDLXXl.
657 1879 770 1953 1452.
802 1880 865 1952 11.
896 1821 1121 1953 Marcii.

183 2035 632 2120 Oaroaopnssnocaaaanuna
664 2049 833 2092 sesanam.
868 2031 1019 2104 scineae
1053 2037 1274 2094 Booaacaorn

179 2156 326 2216 xepnera
352 2139 517 2212 Creoana,
552 2155 613 2196 aon
640 2145 737 2196 amre
762 2155 828 2209 aaa
853 2157 914 2195 aaa
950 2143 1082 2197 nouolm
1118 2158 1274 2215 nporanr.

179 2241 409 2319 dydponrraua,
431 2259 521 2314 aare
544 2245 684 2315 Muenna
704 2243 924 2302 adornemur
947 2259 1071 2320 craapa
1094 2260 1114 2318 y
1138 2245 1273 2320 linaria,

349 2363 477 2420 nauory
498 2363 680 2422 ynynrrara
703 2365 724 2421 y
755 2363 852 2421 para.
882 2341 1103 2429 (Capateao.)

208 2559 211 2566 ,
281 2479 403 2578 Quod
433 2482 675 2557 oratoribus
717 2479 891 2557 illustris
933 2479 1151 2582 domini
1192 2483 1270 2560 du-

137 2577 263 2678 'cis
293 2597 743 2700 Stelanimagni
771 2601 1271 2699 vayvodeBossine

179 2719 250 2819 qui
279 2781 285 2794 .
315 2777 325 2796 .
354 2779 366 2802 „
391 2729 707 2822 exposuerunt,
727 2719 850 2822 ‘quod
878 2721 1052 2798 illustris
1081 2719 1273 2802 dominus

177 2867 276 2918 suus
305 2834 689 2944 deliberavitsequi
723 2841 964 2945 impresiam
1003 2865 1119 2920 suam
1150 2870 1271 2924 con·

149 2962 267 3041 'tra
296 2962 627 3064 Baga-sium,
656 2969 698 3042 et
726 2971 877 3044 exorat
917 2961 1074 3045 habere
1101 2966 1271 3046 favores

178 3091 360 3172 nostros,
375 3085 695 3171 concludentes,
725 3087 838 3187 quod
860 3092 1138 3176 contentatur,
1155 3089 1270 3192 quod

177 3203 246 3280 illa
276 3205 496 3283 civitas
523 3201 749 3302 Ragusii,
776 3205 811 3282 si
838 3205 1059 3307 aquiretur
1099 3221 1192 3285 cum
1221 3207 1271 3286 la·

177 3325 351 3402 roribus
379 3329 537 3404 nostris
566 3385 574 3402 .
604 3387 610 3400 .
642 3385 648 3399 .
678 3333 827 3406 nostra
854 3329 932 3419 sit,
975 3331 1171 3408 dantibus
1197 3355 1268 3408 no·
1412 3365 1415 3372 ’

177 3443 241 3520 bis
270 3469 372 3522 suae
400 3445 680 3526 excellentiae
711 3443 1015 3526 Almissam
1057 3457 1099 3529 et
1126 3449 1271 3528 Poli-

177 3589 290 3642 zam
320 3569 363 3644 et
390 3565 567 3644 ducatos
607 3563 691 3643 CC.
732 3565 860 3646 millia
902 3567 956 3645 de
995 3570 1201 3672 depositis
1227 3574 1268 3651 in

177 3685 427 3786 llagusio
459 3685 764 3777 existentibus,
805 3691 1138 3790 respondeatur:
1178 3747 1191 3770 .
1221 3754 1269 3774 ..

176 3808 290 3912 quod
319 3859 330 3884 .
359 3865 368 3883 .
397 3865 405 3882 .
434 3807 489 3884 ob
531 3807 736 3888 terminos
765 3865 776 3886 .
814 3867 824 3888 .
853 3867 863 3888 .
899 3823 1186 3896 occurrentes
1210 3793 1266 3894 ¹in

175 3929 256 4010 hac
283 3930 482 4016 ltalia,
524 3953 630 4032 quae
667 3933 851 4034 undique
892 3937 945 4011 de
987 3937 1100 4016 bello
1143 3947 1267 4020 sonat

175 4109 184 4126 .
212 4107 222 4128 .
250 4107 258 4124 .
288 4051 344 4128 ob
373 4051 722 4154 praeparationes
765 4076 873 4153 quae
914 4051 1015 4130 liunt
1041 4081 1121 4159 per
1147 4057 1265 4137 illo-

51 4216 59 4224 -
175 4173 1264 4264 rentinosetoomitomFranciscum...

1008 4301 1046 4363 ll
