3220 5118
1175 315 1178 324 ,
1358 306 1363 320 Ι

1419 451 1422 459 ι

146 541 332 631 vesti,
373 565 477 643 quun
521 544 763 648 capitaneus
791 549 939 622 noster
966 540 1130 648 Cuiphy
1157 545 1245 622 uuis

147 663 301 742 iitteris
330 663 584 742 introclusus
613 664 724 741 misit
752 673 900 742 nostro
928 663 1142 754 dominio,
1177 665 1244 742 hu·

147 787 311 862 beetur:
340 783 494 861 dietum
522 793 682 862 terrum
710 781 1037 888 pervenisse
1066 786 1126 862 ed
1153 805 1242 863 mn·

23 940 26 951 ·
147 929 243 982 nus
282 903 488 988 Boione.
517 909 558 981 et
585 902 742 981 dictum
770 913 960 984 nostrum
989 909 1242 1008 potestatem

23 1052 24 1070 ³
148 1051 196 1102 ue
223 1024 444 1102 reduxisse
472 1023 578 1101 intre
607 1032 801 1114 eastrunn
828 1051 882 1103 ex
904 1048 986 1127 qno
1015 1027 1243 1106 neeessari-

23 1244 27 1265 1
148 1165 217 1222 um
247 1152 312 1220 est
338 1131 483 1221 iacere
511 1142 826 1246 provisionem
866 1145 940 1223 sed
969 1145 1080 1222 dicte
1107 1147 1243 1248 provi·

23 1275 24 1328 t
147 1263 395 1342 uiodehine
422 1261 517 1341 fieri
545 1287 631 1341 non
659 1271 813 1367 potent,
840 1267 918 1343 nisi
942 1287 1036 1344 uum
1065 1265 1244 1342 maximo

148 1405 337 1488 expenso
378 1391 550 1472 nostra;
604 1393 647 1462 et
686 1391 915 1490 propterea
956 1385 1243 1464 necessarium

22 1599 23 1602 p
149 1513 217 1583 est
255 1527 336 1610 per
362 1529 511 1583 ornnes
540 1505 691 1583 modos
720 1515 761 1583 et
789 1505 875 1584 vieo
904 1505 1151 1609 possibiles,
1192 1508 1242 1584 nd

149 1627 519 1737 recuperationem
548 1627 688 1705 dietae
717 1636 869 1704 terrae·
888 1637 930 1705 et
946 1625 998 1703 ad
1025 1625 1241 1704 destructi·

148 1769 275 1823 onem
304 1747 403 1825 dicti
431 1747 583 1824 Baisue
610 1747 852 1850 providere,
866 1747 977 1824 vadit
993 1769 1101 1849 pars:
1130 1745 1243 1848 quod

68 1917 73 1924 ·
148 1875 304 1970 quanto
334 1869 632 1970 prestiusesse
660 1872 815 1970 potest,
845 1869 951 1947 mitti
980 1869 1164 1946 debeant
1192 1865 1242 1943 od
1365 1971 1369 1988 ι

146 2014 294 2070 munus
324 1997 542 2068 rectorum
570 1999 814 2068 nostrorum
857 1988 1115 2079 Seniani,
1156 1985 1242 2066 ilio·

23 2124 31 2139 ·
145 2133 240 2188 rum
278 2109 500 2206 videlicet,
539 2111 610 2210 qui
638 2135 684 2187 ee
713 2109 929 2212 reperient
956 2110 995 2186 in
1025 2107 1242 2207 regimine,

146 2237 191 2306 et
219 2230 440 2332 capitaneo
468 2241 618 2310 nostro
649 2229 826 2332 Culphy,
856 2229 891 2306 si
917 2229 972 2310 ibi
1001 2229 1095 2316 erit,
1124 2228 1244 2310 duon-

146 2359 213 2428 [οε
240 2351 423 2450 quinque
453 2349 591 2438 miliia,
625 2359 668 2427 et
694 2350 915 2428 mundetur
943 2349 1064 2426 dictis
1091 2349 1244 2430 nostris

146 2470 415 2556 rectoribus,
454 2469 569 2570 quod
597 2471 782 2557 debeant
808 2495 855 2548 se
884 2469 1117 2570 inteiiigere
1148 2493 1242 2548 oum

147 2591 470 2694 capitaneo
509 2589 748 2695 Schopie
789 2590 1021 2682 Torone,
1050 2591 1115 2667 vei
1147 2615 1242 2670 oum

146 2713 239 2794 uilis
270 2713 512 2814 capitaneis,
540 2716 610 2816 qui
641 2714 683 2794 in
713 2713 901 2816 portibus
928 2714 1010 2788 iliis
1039 2719 1194 2802 essent,
1209 2713 1244 2790 si

147 2835 197 2914 ed
225 2835 310 2914 hoe
353 2841 726 2940 omnipotentes,
767 2844 810 2912 et
839 2859 931 2913 eum
963 2834 1023 2910 eis
1050 2834 1102 2912 ad
1130 2855 1240 2914 oom-

146 2953 401 3058 positionem
429 2956 594 3044 venire,
631 2953 681 3032 ud
710 2953 862 3032 dictum
893 2975 1093 3030 summam
1122 2952 1240 3030 duou·

145 3087 286 3154 torum
315 3074 500 3176 quinque
526 3077 702 3154 millium
718 3083 759 3152 et
779 3073 829 3150 ab
858 3073 954 3154 inde
985 3073 1107 3165 inira,
1134 3074 1243 3150 sicut

12 3195 14 3220 ³
145 3195 295 3272 meiius
321 3196 465 3274 faeere
494 3204 706 3298 poterunt,
734 3196 769 3271 si
798 3202 840 3271 et
864 3195 903 3271 in
932 3201 1131 3296 qnantum
1161 3191 1242 3269 die·

12 3307 14 3374 3
145 3323 231 3394 tum
259 3313 644 3415 Buisemetgentes
674 3343 782 3409 suae,
811 3313 997 3420 expellet
1024 3311 1076 3390 de
1094 3335 1242 3414 cumpo

12 3487 14 3500 ι
146 3447 189 3516 et
216 3439 436 3520 territorio
468 3447 631 3528 nostro,
653 3445 695 3516 et
711 3437 835 3518 etiam
866 3439 981 3540 quod
1011 3435 1065 3513 sit
1094 3441 1242 3513 eontra

146 3559 305 3640 dietum
335 3559 498 3637 Baisum
541 3561 590 3638 ud
637 3564 795 3639 ruinam
841 3569 882 3636 et
909 3554 1242 3635 destructionem

145 3707 276 3769 suem,
307 3703 402 3760 cum
431 3679 702 3766 conditione.
733 3685 846 3783 quod
875 3679 1013 3756 omnia
1043 3672 1243 3754 fortilieio

139 3800 257 3907 'quoe
285 3803 541 3904 requirentur,
571 3811 652 3880 iarn
681 3809 823 3881 nostra
861 3823 984 3903 quum
1024 3797 1124 3877 dieti
1151 3791 1241 3872 Boi·

145 3947 242 4012 sne,
286 3933 528 4001 remaneant
555 3924 704 4003 nostro
735 3922 937 4001 dominio.
991 3917 1043 3994 lit
1070 3916 1106 3993 ei
1133 3917 1241 3992 ultre

145 4045 302 4124 dietam
332 4045 606 4146 quantitatem
644 4043 928 4124 necessarium
959 4045 1072 4118 esset
1098 4037 1241 4116 iuuere

147 4167 270 4246 ullum
299 4165 626 4270 promissionem
654 4166 772 4242 'dioto
804 4163 1025 4266 capitaneo
1052 4156 1239 4236 Turohu'·

63 4367 70 4374 .
151 4311 257 4376 rum,
284 4307 408 4388 quem
438 4285 487 4362 od
517 4285 602 4364 hoo
631 4285 851 4384 eligerent,
880 4279 1094 4450 deturMeis
1123 4277 1242 4356 iiber·
