3230 5104
1208 363 1269 430 471

178 567 291 658 deus,
318 567 471 645 asserit
497 593 519 646 a
547 573 685 644 moute
711 590 784 644 sua
811 564 991 645 alienum
1016 567 1183 672 penitus
1210 593 1269 650 es·

176 714 235 780 se,
264 693 376 792 quod
404 689 560 768 subditi
588 687 697 766 iliius
726 689 976 780 hiesuae,
1018 687 1204 770 Curzo
1224 687 1271 766 ie

177 817 218 889 et
252 811 507 889 Braoiae
548 809 587 888 iu
627 833 754 910 grave
790 809 983 908 damnum
1024 810 1270 890 introituum

177 941 443 1019 nostrorum,
480 931 620 1010 viuum
663 933 901 1012 conducant
943 934 992 1009 ad
1022 933 1118 1010 loca
1149 931 1269 1010 uobis

175 1054 405 1159 supposita:
435 1057 562 1134 uobis
589 1053 832 1134 nolentibus
874 1061 915 1132 et
955 1054 1109 1168 invitis,
1144 1051 1271 1156 idque

176 1175 368 1263 vendant,
397 1183 439 1251 ct
467 1173 606 1252 multis
642 1171 918 1252 insolentibus
944 1171 1086 1251 verbis
1116 1177 1158 1250 et
1185 1195 1268 1250 mo·

177 1291 237 1368 dis
265 1297 448 1370 utuntur.
477 1295 597 1392 Quod
625 1318 703 1371 uos
732 1301 814 1372 tam
842 1293 1060 1393 singularis
1095 1291 1269 1392 gratiae,

176 1421 218 1488 et
245 1413 347 1492 doni
377 1415 472 1491 ioco
502 1411 702 1512 ducimus:
732 1423 777 1491 ut
804 1413 882 1518 ipsi
923 1412 1161 1492 celsitudini
1201 1437 1267 1490 ve·

177 1537 262 1608 stre
291 1557 393 1632 quas
422 1557 641 1634 possumus
674 1555 841 1632 agamus
888 1533 1055 1632 gratias.
1097 1533 1265 1614 luiioite

173 1659 275 1713 vero
304 1635 386 1711 sint
426 1660 528 1736 quas
564 1635 779 1714 debemus.
832 1633 1032 1713 Ceterum
1074 1663 1168 1715 cum
1209 1641 1265 1718 iu·

175 1755 299 1856 genui
342 1753 466 1832 animi
505 1759 585 1848 sit,
627 1757 739 1833 iuxta
781 1755 1000 1834 Ciceronis
1026 1758 1152 1836 iliud:
1194 1762 1263 1838 cui
1397 1837 1398 1842 Ν

173 1875 345 1951 multum
388 1875 547 1953 dobras
613 1875 651 1952 ei
703 1875 928 1978 plurimum
981 1877 1089 1956 veile
1141 1879 1263 1958 debe·

173 2017 231 2070 re:
273 1993 469 2071 audemus
524 1996 697 2074 ulterius
757 1999 986 2096 progredi,
1043 2012 1084 2076 et
1126 2023 1264 2103 quam-

171 2115 233 2189 vis
263 2111 342 2216 ipsi
370 2113 642 2194 dominationi
670 2125 837 2195 vestrae
864 2119 994 2216 magis
1011 2117 1130 2196 oneri
1155 2145 1261 2198 sem·

172 2258 249 2338 per
276 2237 402 2314 simus
430 2261 552 2339 quam
582 2239 784 2329 comodo,
813 2241 902 2336 ejus
944 2239 1119 2334 gratiam
1147 2235 1189 2317 iu
1218 2261 1264 2318 re

171 2356 294 2434 uobis
334 2357 650 2460 pernecessaria
693 2358 923 2468 essagitare.
955 2355 1177 2436 Discordia
1201 2383 1261 2438 re-

172 2497 261 2552 rum
288 2477 407 2578 Apu
427 2481 608 2556 iarum
637 2479 749 2565 iacit,
779 2489 822 2557 ut
850 2477 956 2582 apud
994 2503 1069 2558 uos
1098 2505 1261 2560 anonae

170 2597 363 2673 caritudo
392 2598 458 2688 sit,
489 2605 531 2675 et
559 2598 793 2676 dubitemus
822 2625 875 2676 nc
903 2601 943 2676 in
972 2623 1050 2678 uos
1079 2601 1188 2680 acris
1212 2603 1263 2680 ta·

171 2741 261 2795 mes
289 2718 492 2796 deseviat.
548 2719 651 2798 Cum
681 2743 811 2820 regno
854 2721 977 2798 uobis
1017 2739 1100 2798 uon
1129 2723 1181 2800 sit
1209 2723 1262 2800 ia·

171 2837 302 2916 cultas
331 2840 447 2937 grani
476 2839 746 2917 extrahendi:
789 2841 915 2918 immo
950 2839 987 2914 si
1016 2847 1261 2920 nostrorum

170 2957 348 3058 aliquem
378 2959 428 3035 ad
457 2959 584 3059 ipsius
613 2957 731 3057 regui
758 2963 900 3061 partes
934 2957 1127 3056 navigare
1164 2985 1261 3038 con·

167 3077 307 3178 tingat:
348 3079 533 3180 capitur,
574 3080 803 3159 derobatur
843 3087 885 3173 et
918 3079 1025 3158 maie
1054 3085 1262 3158 tractatur

163 3222 241 3300 per
267 3199 461 3277 triremes
490 3209 531 3278 et
561 3201 763 3292 hircinae,
791 3225 899 3304 quae
938 3197 1104 3277 Cultum
1132 3200 1258 3276 domi·

164 3319 344 3398 nationis
370 3331 511 3400 vestre
539 3323 811 3400 audacissime
839 3322 1111 3414 excursitaut,
1126 3328 1168 3399 et
1189 3322 1260 3401 ho·

162 3439 296 3518 stitius
322 3441 362 3518 in
391 3467 468 3520 nos
497 3446 675 3546 quamiu
694 3445 813 3548 ipsos
829 3441 991 3546 Apulos
1019 3443 1175 3522 beilum
1191 3468 1258 3544 ge·

164 3570 272 3655 runt.
311 3563 448 3661 Quare
478 3565 715 3644 celsitudini
757 3575 923 3644 vestrae
962 3561 1259 3668 supplicamus,

157 3691 210 3790 ut
235 3707 315 3786 pro
344 3709 416 3760 sua
445 3685 565 3763 solita
596 3708 694 3786 arga
721 3711 798 3763 nos
816 3686 1038 3764 clementia
1067 3683 1260 3783 dignetur

166 3803 289 3880 uobis
332 3805 595 3894 concedere,
637 3815 840 3908 quatenus
868 3805 990 3884 uobis
1018 3803 1142 3881 liceat
1170 3803 1258 3879 aii·

166 3947 308 4024 quarn
344 3947 545 4003 arnonae
590 3927 865 4027 quantitatem
892 3951 946 4003 ex
963 3923 1070 4004 iocis
1099 3921 1258 4003 Aiba-

164 4043 296 4121 niae
323 4043 562 4136 extrahare,
589 4053 631 4122 et
658 4041 709 4124 ad
736 4068 813 4124 nos
848 4047 1083 4126 traducere.
1137 4043 1257 4144 Quod

165 4163 277 4241 omni
321 4189 429 4266 quae
472 4192 494 4244 a
537 4166 764 4252 serenitate
813 4171 952 4243 vestra
1006 4162 1128 4244 nobis
1169 4163 1255 4244 hoc
