3192 5112
333 390 398 474 ιω

332 583 493 706 pulcris
534 598 822 702 verbisque
862 623 943 705 pro
986 589 1152 677 honoro
1197 595 1425 679 nostro‘et

332 722 632 830 pacificatione
669 720 901 798 animorum
942 721 1164 822 utriusque
1199 721 1330 825 partis
1368 722 1423 797 ri·

333 841 471 922 derint
511 842 738 946 expedire,
781 842 880 920 dent
921 865 1095 945 operam
1142 849 1232 919 toto
1281 865 1425 944 posse,

333 962 445 1066 quod
472 962 584 1041 inter
598 985 769 1066 eospax
796 963 862 1040 vel
892 970 1069 1062 treugno
1097 961 1300 1052 firmetur,
1324 985 1422 1066 ope·
1468 957 1470 962 ’

331 1083 463 1162 rnndo
503 1083 639 1186 ipsum
685 1085 884 1162 comitem
914 1089 958 1160 et
985 1082 1249 1162 consiliarios
1290 1090 1423 1162 totum

330 1203 432 1282 iilud
460 1199 616 1282 bonurn
645 1203 760 1305 quod
788 1201 989 1282 sciverint
1016 1211 1059 1280 ct
1084 1205 1313 1308 potuerint,
1342 1227 1421 1306 pro

329 1321 570 1404 inducendo
610 1324 724 1430 ipsos
752 1325 803 1403 nd
833 1349 982 1426 paoem
1010 1325 1077 1400 vei
1121 1331 1350 1425 treuguam,
1378 1330 1424 1400 ut

331 1445 525 1549 superius
554 1451 619 1525 est
646 1443 902 1550 expositum.
979 1485 981 1488 ·
1045 1438 1049 1448 ’

794 1601 900 1667 Secr.
925 1601 1016 1690 nog.
1042 1601 1117 1666 Lib.
1140 1599 1164 1664 Ι.
1189 1601 1226 1666 Α.
1254 1588 1308 1666 ch.
1330 1601 1383 1668 81.

487 1803 736 1906 LXXIX·
765 1827 879 1904 1347.
916 1829 967 1904 30
1002 1825 1270 1926 Augusti.

330 2017 538 2078 &ramoso
562 2033 643 2089 garn
668 2019 805 2077 uouots
830 2034 933 2094 rucey
957 2020 1125 2096 niueueny,
1148 2035 1306 2093 unorum·
1319 2021 1426 2092 ycan-

464 2137 524 2180 cse
549 2121 689 2192 eoitcno,
712 2139 772 2180 arn
798 2137 838 2178 nc
863 2139 1021 2198 unorum.
1054 2123 1139 2181 canc
1162 2125 1288 2181 Boeno.

431 2291 586 2395 Copia:
630 2291 746 2391 quod
776 2289 984 2369 scribetur
1011 2292 1168 2369 nostris
1199 2288 1423 2368 comitibus

325 2409 495 2498 Jadrce,
524 2409 719 2502 Sibenici‚
740 2409 940 2510 Tragurii
968 2417 1011 2489 et
1038 2409 1210 2513 Spoleti,
1241 2410 1425 2511 qualiter
1507 2489 1509 2494 ,

328 2557 463 2636 nuper
490 2531 678 2634 requisiti
705 2557 849 2610 sumus
878 2556 957 2637 per
984 2529 1242 2610 ambaxatam
1271 2533 1425 2610 comi·

326 2653 396 2764 tis
425 2653 698 2742 Moladini‚
727 2655 1133 2741 etcomittendoeis
1159 2653 1273 2755 quod
1303 2653 1428 2731 dent
1566 2739 1570 2746 ,

325 2789 462 2880 ipso
519 2773 728 2856 comiti
780 2775 1079 2854 iiioiodino
1141 2775 1425 2852 auxilium

326 2919 495 2972 cuorum
523 2894 711 2995 gentium
742 2901 934 2973 contra
961 2892 1202 2994 Ungaros
1231 2903 1275 2973 ct
1306 2894 1425 2984 aiios,

324 3015 520 3093 volentes
548 3013 820 3093 damnificare
847 3014 985 3114 ipsum
1013 3016 1101 3096 sive
1129 3017 1326 3095 subditos
1354 3043 1428 3095 no·

325 3141 438 3213 stros
481 3135 837 3216 Delmatico.
874 3137 988 3238 quod
1027 3135 1223 3213 nutritium
1251 3137 1288 3214 ei
1318 3138 1420 3215 darc

324 3279 410 3332 non
445 3261 729 3360 praesumunt,
769 3256 848 3335 nisi
874 3258 1083 3362 procedet
1109 3257 1161 3334 de
1189 3259 1322 3336 nostri
1350 3283 1419 3334 vo·
1479 3249 1485 3256 ’

326 3375 482 3455 iuntute
522 3380 565 3453 et
602 3401 812 3455 consensu
840 3385 885 3454 nt
911 3377 1022 3455 dicto
1062 3381 1279 3456 umbaxoto
1321 3404 1419 3457 con·

324 3495 429 3575 tinet
456 3497 634 3582 seriosc;
664 3503 705 3578 et
732 3497 845 3599 quod
887 3503 1077 3600 optantes
1104 3496 1259 3576 bonum
1289 3506 1331 3575 et
1357 3521 1417 3573 se·

325 3619 545 3696 curitotem
586 3627 826 3696 nostrornm
878 3627 1085 3697 terrerum
1123 3628 1166 3699 ct
1206 3621 1418 3698 honorum

326 3745 570 3816 nostrornm
598 3739 781 3818 fidelium
808 3741 999 3844 porcium
1022 3740 1348 3846 praedictarum,
1376 3748 1432 3816 et·

327 3857 586 3936 confidentes
615 3858 656 3938 in
685 3883 759 3936 sua
789 3859 1058 3950 discretione,
1085 3860 1357 3962 relinquimus
1378 3859 1418 3936 in

327 3972 522 4056 libertate
563 4003 725 4072 corum,
762 3979 801 4057 in
838 3981 1064 4080 praedictis
1105 3982 1274 4060 tenendi
1302 3981 1420 4058 ilium

326 4098 498 4176 modum
526 4109 568 4180 et
596 4099 738 4182 iacere
766 4102 875 4182 sicut
902 4103 963 4179 cis
996 4100 1216 4190 videbitur,
1247 4127 1327 4204 pro
1356 4125 1416 4178 se·

326 4217 504 4298 curitcte
533 4229 577 4298 et
603 4225 907 4302 consecatione
936 4229 1141 4302 terrarum
1175 4228 1418 4300 nostrorum
