3228 5108
347 343 412 435 ‘tbi

347 552 492 636 ritates
521 576 605 654 per
644 554 919 640 iustrumenta
946 555 1014 634 vei
1042 554 1231 641 litteras.
1273 581 1352 658 pro
1374 555 1443 636 dr·

322 671 494 754 =mitate
523 678 566 754 et
583 675 880 752 observatione
910 677 1094 754 omniurn
1122 677 1445 780 promissorum,

351 817 446 877 cum
477 795 650 874 cautelis
677 793 929 878 necessariis
954 801 997 872 et
1010 795 1272 902 opportunis.
1300 796 1446 876 Decie-
1531 880 1533 889 p

350 915 484 998 raudo
526 915 642 1016 quod
670 919 815 992 nostra
855 915 1030 992 intentio
1074 924 1137 995 est
1165 917 1216 996 de
1245 915 1444 998 babendo

345 1037 483 1144 totam
512 1036 775 1118 contractam
804 1034 1002 1138 desuper
1029 1035 1316 1118 Scutarum
1346 1036 1446 1116 tibe-

231 1161 234 1176 '
351 1179 455 1261 rem,
474 1159 517 1239 et
544 1157 664 1234 viltas
694 1165 737 1234 et
763 1156 1037 1258 pertinentias
1065 1157 1328 1267 Duicigni,
1355 1159 1447 1236 sine

351 1275 490 1376 aliqua
519 1274 762 1354 conditione
791 1275 967 1358 alicuius
994 1277 1180 1374 primarii
1206 1303 1288 1358 nec
1315 1279 1446 1358 bomi-

350 1396 426 1482 nis,
453 1394 647 1474 habentis
675 1419 834 1495 aggere
861 1421 989 1500 super
1015 1398 1120 1488 itlis;
1147 1407 1188 1475 et
1215 1397 1333 1500 quod
1360 1423 1446 1478 nou

351 1519 434 1599 sint
462 1516 709 1601 obedientes
747 1515 814 1594 aiii
858 1516 1029 1596 domino
1060 1543 1181 1619 quarn
1210 1517 1359 1604 nobis,
1405 1525 1447 1594 et

352 1639 466 1739 quod
495 1637 547 1716 de
575 1637 656 1715 iilis
683 1636 794 1736 viliis
819 1636 1025 1714 casalibus
1053 1639 1286 1718 territoriis.
1307 1646 1349 1716 et
1375 1639 1449 1716 bo·

352 1759 533 1842 minibus
586 1756 814 1838 dominatio
857 1763 1002 1836 nostra
1043 1759 1178 1862 possit
1218 1759 1362 1841 facere
1404 1766 1448 1838 et

228 1885 229 1894 '
352 1880 607 1982 disponere,
644 1877 872 1958 secundum
914 1878 1032 1981 quod
1057 1880 1140 1962 sibi
1167 1879 1377 1964 videbitur
1404 1889 1448 1958 et
1493 1968 1495 1972 ,

351 2001 551 2104 placebit,
575 2003 696 2098 juxta
724 1998 901 2092 formam
932 1998 1067 2078 dictae
1095 1999 1224 2102 pacis.

455 2183 507 2264 tu
534 2185 566 2264 si
582 2185 683 2265 dicti
711 2183 866 2262 domini
897 2193 1020 2262 erunt
1050 2183 1237 2263 contenti
1265 2185 1445 2282 adhoc,

354 2307 408 2384 ita
439 2305 552 2410 quod
595 2305 663 2385 flat
691 2303 956 2385 confirmatio
998 2305 1306 2414 suprascripta,
1350 2329 1447 2385 cum

353 2425 477 2505 dictis
505 2425 666 2522 modis,
707 2448 893 2528 procura
922 2429 1021 2503 tunc
1050 2425 1218 2503 mittere
1260 2425 1446 2505 executi·

354 2547 425 2624 oni
452 2543 493 2624 id
523 2545 635 2654 quod
664 2545 910 2625 conclusum
938 2553 981 2624 et
995 2543 1150 2624 factum
1179 2545 1260 2623 orii
1281 2549 1446 2648 etopus

352 2665 481 2745 suerit
505 2689 585 2770 pro
612 2689 719 2769 pace
759 2665 978 2768 predicta,
1022 2689 1116 2745 cum
1144 2663 1224 2742 iilis
1253 2661 1376 2742 bonis
1403 2669 1447 2740 et

353 2791 523 2868 utilibus
557 2789 870 2891 provisionibus
911 2785 1115 2867 custodiis
1145 2796 1187 2866 et
1215 2783 1446 2871 ordinibus.

354 2911 425 3012 qui
454 2913 497 2986 et
525 2935 634 3012 quae
662 2909 959 3012 requiruntur,
1001 2907 1197 2984 evisando
1226 2915 1288 2992 te,
1330 2905 1444 3008 quod

352 3032 393 3108 in
423 3029 738 3107 contributione
777 3029 854 3106 Bu
870 3029 936 3106 dv
952 3051 1014 3104 ae
1042 3036 1087 3106 tu
1114 3025 1271 3104 habeas
1301 3027 1445 3104 adrer-

179 3171 182 3178 ·
310 3194 313 3202 r
352 3149 549 3236 tentiam,
590 3148 642 3225 de
671 3149 849 3229 essendo
891 3148 1029 3252 primo
1060 3149 1099 3224 in
1126 3145 1443 3248 possessionem

353 3269 516 3347 illarum
546 3293 709 3355 rerum,
749 3291 857 3371 quae
885 3265 1041 3344 debent
1068 3263 1143 3344 tibi
1170 3263 1282 3356 deri,
1310 3283 1353 3344 et
1379 3265 1446 3344 ha·

353 3389 492 3468 bendo
523 3389 646 3468 tatem
664 3389 918 3479 cautionem,
947 3387 1062 3490 quod
1084 3411 1167 3465 non
1195 3383 1353 3464 habeas
1381 3383 1447 3462 du·

355 3513 503 3593 bitere.
528 3509 582 3590 Et
609 3519 655 3588 ut
680 3509 738 3586 sis
767 3509 819 3584 de
849 3507 1043 3587 omnibus
1071 3505 1270 3611 provisus
1296 3515 1339 3584 et
1365 3503 1448 3608 pie·

354 3655 406 3711 ne
433 3633 696 3718 informatus,
725 3629 927 3708 mittimus
943 3627 1017 3706 tibi
1036 3627 1200 3732 copiam
1223 3635 1448 3731 pactorum

353 3752 483 3856 pacis,
516 3753 653 3832 factae
682 3775 763 3852 per
790 3756 961 3828 nostros
988 3749 1247 3851 provisores,
1276 3747 1326 3824 ad
1355 3767 1449 3824 can·

356 3875 510 3964 telam,
538 3875 641 3954 iicet
667 3897 748 3976 per·
777 3871 951 3949 eosdem
980 3869 1215 3948 auctentica
1242 3869 1283 3946 in
1314 3867 1448 3943 torma

355 3990 429 4072 tibi
456 3995 569 4075 foret
596 3995 781 4072 dimissa.
935 4005 938 4014 ’

457 4171 509 4250 ltt
546 4171 640 4274 quia
683 4167 920 4250 dubitamus
962 4164 1074 4268 quod
1114 4161 1291 4242 Bnisa
1331 4161 1450 4244 nolet

357 4291 592 4374 contentari
619 4292 671 4388 ad
696 4297 842 4393 pacta,
868 4293 1066 4368 contenta
1093 4285 1135 4362 in
1163 4283 1451 4370 instrumentis
