3226 5112
367 545 481 626 hune
508 565 681 634 anuum,
708 563 840 643 usque
867 540 917 618 ad
945 541 1051 620 duos
1086 539 1191 618 aiios
1216 553 1347 620 anuos
1374 537 1460 623 siut

232 705 234 713 ·
368 665 503 754 tiberi,
530 670 573 742 et
600 661 785 766 exempti
812 683 834 737 a
862 661 1037 740 decimis
1076 659 1200 740 bladi.
1240 661 1384 740 ltem
1412 669 1460 739 ut

367 785 506 864 omnia
547 781 764 887 privilegia
803 780 910 858 fauts
951 777 1113 858 nivibus
1149 767 1398 860 'Brivasunts
1433 803 1458 858 s

367 905 550 986 dominis
588 927 735 982 eurum
775 901 1200 1006 peremptoriis-siut
1243 901 1458 982 ratitiests.

365 1027 507 1106 item
549 1023 682 1104 omnis
708 1020 966 1100 Drivustinus
1007 1019 1165 1100 habens
1205 1028 1362 1103 ternam
1390 1021 1458 1101 vei

366 1146 682 1250 possessionem
711 1168 807 1221 num
837 1143 964 1223 enatis
986 1143 1053 1222 vei
1079 1142 1362 1224 instrumentis
1378 1145 1460 1222 iae-

366 1268 417 1346 tis
444 1291 529 1372 peu
549 1267 738 1347 notarios
766 1263 1032 1356 Samarium,
1059 1263 1210 1344 debeat
1237 1287 1307 1341 eas
1333 1261 1459 1343 habe·

364 1412 427 1476 re,
453 1390 488 1466 si
516 1389 569 1466 de
591 1391 689 1485 jure
717 1382 845 1464 debet
871 1382 1041 1462 habere:
1073 1382 1219 1462 Item
1246 1391 1293 1462 ut
1319 1385 1458 1462 omnis

366 1507 470 1588 nivis
497 1497 757 1590 Duivastinus
784 1503 837 1582 de
863 1504 947 1582 iiiis'
972 1505 1099 1582 terris
1125 1504 1194 1582 vel
1221 1505 1459 1608 possessio·

366 1627 487 1706 nibus
515 1621 762 1728 quashabet
788 1620 829 1700 in
857 1620 1008 1702 fluibus
1041 1629 1084 1699 et
1111 1630 1253 1704 tenuta
1275 1624 1460 1708 scutati.

365 1747 520 1826 debeat
546 1747 646 1823 dare
674 1765 769 1820 suns
798 1741 1050 1824 decimas-iu
1079 1743 1246 1824 uisitata
1262 1743 1456 1826 Brivasti.

363 1866 416 1946 Et
442 1891 467 1944 e
495 1887 705 1944 converso
734 1863 849 1944 cives
869 1863 1080 1944 Senianiui
1106 1867 1159 1944 de
1186 1865 1266 1944 iilis
1292 1851 1457 1969 pusses-

363 1987 551 2066 siunibus
581 2010 683 2088 quas
711 1986 870 2064 habent
897 1985 939 2064 in
967 1983 1116 2064 tinibus
1131 1985 1327 2075 Dnivasti
1346 1992 1458 2066 teue-

363 2117 485 2187 antur
512 2106 614 2186 dare
629 2129 724 2184 suas
739 2103 924 2184 decimas
948 2104 1128 2184 Suutnri
1154 2105 1207 2185 Et
1232 2107 1317 2186 hou
1332 2131 1458 2212 paup·

362 2235 429 2307 tei·
456 2229 583 2304 muita
624 2226 820 2306 seandala
852 2249 934 2328 que
959 2235 1202 2306 occurrunt.
1229 2227 1374 2306 Item
1402 2253 1455 2306 ne

363 2349 503 2450 aliqua
545 2347 714 2446 angaria
738 2333 848 2426 ¹sive*
884 2347 1064 2428 collecta
1099 2349 1163 2427 eis
1198 2350 1455 2428 infuturum

363 2472 603 2572 imponatur
630 2473 781 2548 nuntia
820 2491 969 2548 eorum
1008 2473 1173 2550 statuta.
1212 2470 1341 2548 Item
1367 2469 1456 2566 Nie-

363 2589 479 2689 gussi
508 2615 594 2668 nou
625 2587 794 2692 possint·
824 2611 1021 2691 umquam
1049 2589 1089 2670 in
1118 2590 1302 2668 fututum
1342 2588 1456 2667 habi·
1598 2669 1599 2690 2

362 2721 452 2787 tare
479 2711 521 2787 in
549 2707 698 2788 tinibus
733 2707 925 2788 Brivasti.
965 2711 1109 2790 item
1151 2735 1297 2788 omnes
1339 2719 1455 2788 terre

361 2835 520 2908 nostre*
537 2830 805 2910 numanitatis
833 2839 1041 2937 occupate
1056 2835 1108 2912 ab
1124 2833 1332 2936 aliquibus
1355 2839 1455 2910 tem·

359 2953 537 3055 poribus
571 2954 850 3042 Seiavonum5
883 2957 1160 3034 restituantur
1197 2954 1457 3041 comunitati,

359 3073 616 3148 reservando
638 3075 735 3171 juna
751 3073 947 3152 omnium·
975 3073 1117 3152 item
1145 3099 1197 3153 ue
1225 3074 1341 3153 nives
1363 3073 1454 3150 Bri·

359 3190 516 3268 vastiui·
539 3199 760 3272 teneantur
787 3195 956 3274 solvere
982 3195 1160 3298 aliquam
1175 3193 1451 3275 duhauam‘ad

359 3313 550 3388 sanetum
579 3313 786 3415 Sergium,
804 3318 924 3396 sieut
963 3341 1133 3422 sempev
1160 3317 1237 3395 fuit
1271 3339 1326 3394 ex
1354 3339 1452 3394 uon-

357 3428 589 3519 suetudine‚
630 3434 775 3514 Item
804 3445 848 3517 ut
873 3461 946 3516 sea
971 3436 1151 3518 Beiiatio
1192 3435 1354 3538 Ungui-n
1381 3437 1451 3518 de·
1596 3471 1597 3480 Ν

357 3545 455 3628 beat
495 3553 690 3631 satisfieri
729 3578 808 3656 pao
849 3556 1047 3659 expensis
1087 3559 1138 3635 ab
1177 3579 1232 3635 en
1261 3557 1382 3636 fantis
1410 3557 1450 3634 in

338 3666 529 3747 introitu
570 3671 728 3752 domiui
768 3673 949 3777 desputi,
976 3675 1028 3752 de
1055 3673 1186 3754 bunis
1203 3675 1332 3780 ipsius
1360 3679 1449 3756 des·

354 3789 468 3888 poti,
495 3790 692 3870 videlieet
718 3793 937 3891 vegetibus
967 3795 1035 3873 vei
1064 3793 1189 3888 vium
1224 3797 1292 3876 vei
1314 3797 1355 3874 si
1382 3798 1449 3876 aii·

355 3906 454 4009 quid
482 3907 554 3986 hic
582 3909 851 3992 inveniretur.
876 3911 1003 3990 Item
1030 3921 1075 3992 ut
1100 3917 1298 3996 domiuus
1324 3917 1446 3996 Fran-

355 4027 495 4106 uisuus
523 4029 697 4128 Quirino
740 4055 887 4114 eomes
916 4039 960 4110 et
988 4033 1231 4136 capitaneus
1267 4038 1449 4128 Santoni,

349 4149 465 4246 Juuet
492 4153 662 4230 numine
687 4137 989 4235 dominationis
1018 4153 1309 4247 Venetorum,
1337 4159 1448 4262 quud
