3230 5104
1232 353 1305 434 fau

200 565 1365 664 sionemcummuniscmpiumChristianorumhostis:,
1476 636 1482 642 .

201 683 1185 790 'l'urciOthumaci,cccupatcris
1228 692 1311 768 im·

202 805 354 907 perii
394 806 637 908 orientis,
666 811 815 908 q'ucd,
845 809 1113 910 quoniam
1143 813 1311 914 stirps

203 927 469 1005 mascula
512 926 753 1005 deesset
798 929 1309 1031 imperatoria,ad

203 1051 459 1124 restrum
498 1047 988 1126 illustrissimam
1018 1049 1311 1127 dominati·

203 1169 753 1263 cnemjurercstri
784 1169 1158 1246 facetissimi
1188 1195 1310 1250 cou-

202 1287 355 1384 iugii
386 1289 760 1387 pertineret:
788 1289 870 1368 hec
899 1289 975 1384 luit
1003 1287 1127 1370 unica
1165 1296 1207 1366 et
1245 1315 1311 1370 rc·

203 1407 365 1484 rissima
396 1431 525 1486 causa
557 1408 761 1486 adventus
801 1408 850 1486 ad
878 1415 1022 1510 partes
1063 1415 1206 1488 vestre
1234 1411 1313 1488 cel-

202 1523 394 1604 situdinis
422 1527 701 1630 suprascripti
723 1527 878 1628 ,nostri
906 1529 1150 1617 secretarii,
1178 1532 1247 1630 qui
1275 1532 1311 1606 si

203 1645 379 1724 ulterius
417 1669 671 1746 progressus
701 1649 739 1724 in
770 1655 885 1726 tanto
916 1652 1120 1752 temporis
1159 1651 1311 1753 spatio,

204 1774 361 1868 quanto
406 1766 518 1844 trivit
547 1769 585 1844 ln
624 1776 766 1846 vestra
804 1768 1008 1858 ditione„
1033 1774 1075 1843 et
1115 1768 1312 1848 siminus

204 1886 314 1963 forte
343 1895 412 1964 aut
440 1889 674 1986 prudenter
702 1898 773 1964 aut
801 1886 1070 1964 confidenter
1110 1913 1205 1966 cum
1245 1913 1309 1966 ve·

203 2013 288 2082 stra
315 2004 569 2082 sublimitate
597 2008 694 2103 egit,
722 2030 806 2081 non
837 2013 901 2082 est
931 2005 989 2082 illi
1019 2007 1209 2084 adullam
1228 2031 1309 2084 ma·

206 2125 285 2203 lam
315 2125 587 2202 intentionem
619 2125 924 2228 imputandum
965 2129 1139 2204 sed'aut
1176 2128 1309 2206 modi·

206 2269 255 2323 ce
284 2244 426 2342 potius
455 2244 730 2346 experiencie
759 2253 828 2322 aut
857 2227 1040 2347 cuipiam
1084 2247 1206 2323 alteri
1243 2271 1309 2324 ne·

206 2366 390 2444 cessarie
420 2357 696 2458 fenerasse,
726 2391 808 2466 que
838 2389 916 2442 nos
948 2365 1069 2467 fugit.
1110 2365 1310 2444 Perseve-

205 2494 347 2562 rantes
376 2493 514 2565 autem
544 2487 690 2563 nosin
720 2495 868 2566 nostro
901 2488 1127 2592 proposito
1156 2493 1199 2564 et
1240 2488 1309 2566 de·

95 2672 101 2678 .
206 2606 380 2696 siderio,
410 2607 559 2683 utiam
596 2606 852 2685 loannes
894 2611 1319 2710 baptistasuum*

206 2726 256 2801 ud
297 2725 726 2826 imperatorem
754 2727 1135 2806 Tartarcrum
1165 2750 1309 2831 prose·

206 2851 355 2944 quatur
384 2851 426 2920 et
466 2845 664 2948 perliciat
690 2845 782 2932 iter,
810 2847 1006 2926 hortandi
1035 2847 1143 2925 illuis
1184 2857 1225 2926 at
1253 2847 1309 2926 in·

206 2963 387 3043 ducendi
417 2989 555 3052 causa,
587 2973 807 3044 utcontra
836 2965 1120 3044 Othcmanum
1150 2988 1227 3068 per
1253 2967 1309 3044 ri·

207 3109 272 3164 am
292 3080 498 3188 'superius
527 3086 782 3164 declaratam
811 3111 858 3162 sc
889 3090 1057 3164 moveat
1085 3086 1125 3162 ic
1154 3088 1309 3169 rindic·

208 3217 289 3284 tam
332 3216 413 3284 tam
455 3195 636 3282 vestram
679 3231 804 3308 quum
842 3211 1088 3282 ceterorum
1119 3207 1307 3284 omnium

207 3317 561 3411 Christianorum,
589 3326 894 3427 expediendum
934 3325 983 3401 nd
1015 3323 1310 3404 celsitudinem

206 3451 389 3522 vestram
418 3446 507 3522 istis
520 3437 678 3524 uostris
695 3447 826 3524 literis
843 3447 1035 3522 duximus
1052 3445 1310 3550 suprascrip·

206 3579 293 3646 tum
322 3568 356 3644 Α
375 3568 621 3645 alonium
654 3569 790 3644 civem
807 3565 1098 3644 fidelissimum
1117 3577 1308 3643 nostrum

207 3693 248 3764 ct
277 3687 464 3764 nuntium
507 3692 546 3766 in
576 3687 660 3766 hcc
680 3689 877 3788 negotio,
907 3711 1029 3789 qurum
1048 3713 1140 3766 cum
1158 3686 1308 3764 eodem

208 3813 357 3886 nestro
398 3809 630 3886 secretario
675 3807 874 3886 comitem
930 3813 971 3884 ct
1021 3807 1309 3884 mandatorum

207 3933 452 4004 nostrorum
482 3927 749 4031 participem,
777 3927 954 4006 transire
983 3929 1032 4006 ad
1056 3928 1309 4032 suprascrip·

208 4055 293 4123 tum
335 4045 612 4149 'l‘artarcrum
665 4049 968 4152 imperatorum
1010 4045 1309 4127 vehentissimc

207 4167 414 4274 cupimus,
445 4175 486 4246 ct
514 4169 747 4272 propterea
776 4175 958 4246 vestrum
995 4166 1310 4263 sublimitatem,
