3220 5118
275 597 352 674 bus
382 594 547 672 iliarum
576 592 770 695 partium,
797 593 906 670 eido
935 589 1124 670 terminis
1152 593 1191 668 in
1220 589 1370 693 quibus

274 705 320 791 se
347 713 509 817 reperit
536 737 631 790 oum
659 713 801 797 Balsa,
842 713 1023 791 dicendo
1052 712 1212 800 eidem,
1256 709 1371 812 quod

273 835 308 912 si
321 859 406 914 nou
436 834 718 914 conclusisset
743 841 961 933 treuguam
990 855 1083 911 cnm
1109 833 1223 910 dicto
1238 831 1373 922 Balsa,

273 953 385 1056 iiiam
415 954 532 1033 nulio
561 955 691 1032 modo
721 953 971 1040 concludat,
1015 960 1059 1030 ot
1084 952 1119 1032 si
1148 951 1261 1030 iiiam
1291 951 1371 1030 iam

275 1074 565 1160 conclusisset,
592 1076 800 1165 volumus,
828 1076 941 1181 quod
958 1075 1092 1178 ipsam
1107 1073 1219 1151 nulio
1243 1074 1372 1151 modo

192 1279 195 1286 ,
274 1217 448 1272 servare
477 1196 695 1284 debeatis;
724 1251 972 1276 .......
996 1197 1042 1276 ‘ct
1068 1195 1302 1276 differendo
1330 1194 1372 1272 iu

274 1313 523 1392 fiamine
560 1314 798 1402 Boione
826 1323 1025 1416 quantum
1053 1313 1191 1392 minus
1216 1313 1371 1418 poteri·

274 1433 352 1522 tis,
394 1459 473 1538 pro
502 1436 679 1516 sanitate
706 1447 847 1515 vestra
875 1447 917 1514 et
944 1456 1182 1517 sarmarum
1210 1442 1370 1513 nostra·

276 1577 381 1640 rum,
412 1599 455 1610 -·
486 1555 676 1634 debeatis
703 1558 922 1636 attendero
951 1559 1001 1634 ad
1017 1556 1167 1632 damna
1191 1552 1371 1658 opressi-

274 1673 399 1752 oncm
429 1675 660 1753 struinam
688 1675 788 1756 dicti
815 1677 990 1769 Baisac,
1018 1685 1225 1756 terraram
1249 1675 1369 1753 ioco·

273 1817 365 1872 rum
395 1802 437 1876 et
462 1793 728 1874 subditorum
758 1821 963 1886 suorum,
1005 1821 1082 1900 per
1110 1820 1259 1877 omnes
1289 1817 1371 1872 mo·

273 1913 351 1990 dos
381 1923 423 1993 et
448 1917 536 1996 vias
578 1915 697 1997 vobis
728 1917 954 2022 possibiles
983 1971 1193 1996 ......
1220 1914 1372 2018 priuci-

271 2036 426 2136 piaado
457 2039 508 2122 ab
537 2037 755 2120 iiiisiocis
782 2039 886 2120 dicti
913 2039 1088 2126 narsae,
1116 2060 1223 2140 quae
1252 2037 1374 2116 vobis

271 2153 524 2233 videbuntur
551 2157 713 2237 facilius
738 2183 868 2262 posse
896 2159 1177 2260 debellariet
1205 2158 1300 2261 capi
1324 2211 1334 2232 .
1362 2209 1373 2231 .

344 2310 532 2399 ,Verum
561 2313 596 2389 si
625 2311 751 2392 Balsa
790 2313 921 2392 veliet
959 2311 1107 2407 venire
1142 2311 1194 2390 ad
1221 2333 1370 2414 paoem

273 2429 496 2511 uobiscum
525 2440 569 2512 et
596 2436 825 2514 restituere
862 2434 1000 2514 Driv
1017 2459 1073 2514 as
1090 2439 1107 2511 t
1122 2459 1147 2510 u
1163 2459 1203 2512 m
1241 2442 1284 2512 et
1311 2441 1371 2512 to·

272 2559 361 2665 tum
389 2551 503 2650 quod
534 2563 809 2658 occupasset,
846 2613 858 2634 .
991 2554 1170 2659 potestis
1198 2551 1371 2630 condes·

274 2666 460 2745 ceudere
501 2693 649 2749 secum
678 2674 728 2750 ad
757 2697 906 2776 pacem
936 2727 1108 2752 .....
1135 2674 1176 2750 iu
1205 2694 1288 2773 qna
1314 2671 1369 2751 iu·

273 2787 446 2866 cludere
470 2792 661 2871 debeatis
691 2794 903 2874 civitatem
933 2791 1132 2878 Catari,
1162 2799 1372 2895 tamquam

272 2907 464 2989 subditos
493 2919 680 2994 nostros.

376 3075 576 3154 Ceterum
616 3071 652 3148 si
692 3069 945 3158 Alexius
987 3073 1029 3148 et
1070 3067 1376 3166 Georgius

271 3199 338 3276 Ju
355 3223 446 3276 ras
474 3193 654 3270 barones
683 3192 722 3272 X
737 3217 761 3269 e
776 3218 801 3268 n
818 3200 833 3270 t
848 3216 871 3269 a
887 3217 946 3292 ο,ΙΙ
966 3191 1125 3270 velient
1153 3215 1249 3270 esse
1279 3217 1373 3272 cou-

272 3329 337 3398 tra
369 3317 562 3404 Baisam,
600 3339 744 3392 sumus
773 3317 990 3402 conteuti,
1033 3311 1147 3414 quod
1174 3311 1372 3392 veniente

274 3449 477 3521 castro
518 3433 675 3512 Bade
717 3436 767 3511 ad
796 3458 941 3514 manus
969 3439 1148 3530 nostras,
1179 3433 1284 3512 iliud
1313 3433 1373 3512 eis

274 3558 525 3656 consignare
554 3555 755 3644 debeatis,
787 3553 1101 3634 remanentibus
1117 3553 1260 3632 salinis
1277 3577 1370 3632 nos·

273 3687 338 3757 tro
368 3674 569 3764 dominio,
599 3681 641 3753 et
655 3669 908 3754 habentibus
939 3669 1009 3752 Ca
1026 3679 1041 3749 t
1056 3698 1078 3750 a
1095 3671 1249 3756 riuis
1277 3697 1373 3778 pos·

272 3798 489 3878 sessiones
516 3818 624 3886 suas,
654 3819 755 3896 quas
783 3793 938 3874 babent
964 3792 1005 3870 in
1020 3791 1211 3887 districtu
1239 3791 1375 3872 Bade.

374 3950 635 4030 ,mcum
662 3949 821 4029 comite
849 3919 1130 4028 «iohanne
1153 3949 1219 4029 de
1249 3947 1372 4028 Citi-

273 4097 401 4158 nes,
431 4073 586 4151 erimus
617 4073 807 4150 contenti
834 4069 980 4148 venire
1008 4069 1059 4148 ad
1089 4073 1300 4168 treuguas,
1329 4081 1371 4148 et

275 4192 435 4272 babere
452 4215 547 4270 enm
566 4214 645 4292 pro
674 4190 786 4272 bouo
816 4189 966 4287 amico,
996 4188 1379 4268 nonobstantibus
