3230 5104
342 575 465 648 sueta
492 568 641 647 sevitia
669 567 963 668 aggrediatur,
1003 591 1137 672 opere
1172 569 1363 672 precium
1391 569 1451 646 vi-

329 685 590 768 deridebat
626 687 822 766 omnibus
850 686 1089 766 Christiane
1118 686 1448 792 iideiproiesso·

341 809 484 901 ribus,
524 813 570 886 ut
608 806 688 884 iam
727 807 794 884 vei
824 815 920 910 post
947 807 1129 911 piurima
1156 809 1329 902 vulnera
1355 809 1448 887 diii·

340 926 506 1026 gentius
544 925 777 1014 intendant,
817 927 851 1004 si
880 952 964 1028 quo
994 929 1122 1006 modo
1152 930 1318 1008 tandem
1347 953 1457 1033 pro-·

127 1144 131 1152 .
180 1087 188 1102 «
341 1048 445 1128 tanis
485 1047 609 1146 hujus
642 1047 774 1131 hostis
809 1047 990 1126 hiatibus
1018 1047 1183 1128 obviam
1215 1049 1266 1126 iri
1292 1051 1446 1153 possit:

339 1166 453 1244 inter
491 1191 598 1269 qnos
639 1189 736 1245 cum
770 1166 894 1244 nobis
921 1167 1099 1246 intentio
1128 1167 1209 1246 hec
1236 1170 1447 1272 precipue

340 1283 460 1363 cordi
486 1309 583 1364 esse
610 1284 766 1362 debent
783 1341 794 1376 ,
810 1285 893 1388 ¹qui
929 1285 1063 1364 hostis
1102 1285 1223 1363 huius
1262 1287 1449 1388 impetus

341 1413 382 1486 et
409 1406 623 1484 ferociora
649 1405 784 1482 iacuia
812 1405 978 1484 assidue
1015 1406 1294 1508 perierimus:
1333 1411 1449 1508 cete·

339 1547 498 1626 rosque
539 1525 800 1604 Christianos
842 1527 1030 1626 a'tergo
1072 1528 1195 1606 nobis
1236 1525 1288 1605 ab
1315 1526 1446 1606 hoste

338 1647 514 1725 relictos
543 1647 744 1726 lateribus
773 1652 817 1723 et
843 1647 1087 1754 vulneribus
1116 1648 1276 1727 nostris
1303 1654 1447 1750 prote·

269 1759 272 1766 ’
336 1765 482 1866 gimus,
510 1764 691 1846 obtatam
731 1769 869 1848 divina
896 1766 1169 1870 inspiratione
1197 1768 1446 1872 opportuni·
1483 1791 1488 1804 ·

232 1945 238 1952 -
338 1889 634 1988 tatem'aiiquo
664 1886 791 1965 modo
822 1887 1038 1988 negligere
1067 1887 1239 1988 dignum
1268 1911 1351 1964 non
1369 1912 1445 1993 pu·

337 2006 525 2084 tacimus.
580 2005 784 2109 Requisiti
812 2009 937 2108 igitur
965 2009 1031 2088 his
1059 2007 1206 2086 diebus
1233 2033 1286 2086 ex
1319 2017 1445 2112 parte

336 2127 602 2206 iiiustrissimi
641 2128 799 2206 discatis
834 2127 1008 2207 dominii
1050 2129 1442 2206 Venetiarum
1581 2227 1587 2238 ·

182 2233 188 2246 ⁸
336 2247 622 2349 permedium
661 2249 716 2326 Μ.
755 2248 1041 2326 iohannis
1081 2247 1259 2350 Aymo
1297 2257 1441 2328 orato-

289 2369 292 2376 '
336 2367 392 2444 ris
422 2369 624 2465 ejusdem,
640 2369 690 2444 ad
718 2368 1028 2472 suscipiendam
1057 2367 1283 2446 amicitiam
1312 2376 1355 2446 et
1375 2393 1442 2446 so·

335 2486 531 2566 oietatem
572 2485 701 2590 ipsius
742 2485 914 2563 dominii
943 2509 1020 2586 pro
1050 2487 1242 2586 gerendo
1270 2495 1313 2565 et
1341 2513 1441 2566 con-

335 2609 533 2688 tinuando
577 2608 688 2685 betto
731 2605 881 2684 contra
922 2607 1077 2686 dictum
1114 2632 1336 2688 comunem
1367 2605 1442 2687 ho·

333 2735 454 2807 stem:
483 2733 599 2807 tanto
631 2727 824 2805 libentius
853 2728 1081 2807 annuimus:
1112 2730 1278 2831 qnando
1306 2733 1443 2828 majus

332 2851 457 2928 nobis
486 2873 539 2926 ex
580 2847 662 2928 hac
703 2849 858 2927 unione
901 2857 945 2928 et
985 2849 1191 2929 societate
1217 2871 1316 2952 spes
1345 2849 1443 2927 resi·

331 2967 468 3047 standi
496 2967 717 3058 hostibus,
759 2975 802 3061 et
829 2971 1028 3050 vincendi
1057 2996 1081 3047 a
1107 2972 1200 3050 Deo
1229 2969 1442 3051 tribuitur.

274 3113 279 3128 ·
331 3087 431 3186 Ejus
458 3090 597 3190 itaque
627 3091 798 3168 nomine
835 3092 1033 3200 invocato
1071 3091 1251 3192 quinon
1279 3090 1443 3170 deserit

215 3219 221 3232 '
331 3215 554 3312 sperantes
582 3212 623 3288 in
653 3234 725 3301 se,
767 3217 809 3288 et
851 3211 922 3312 qui
950 3211 1003 3287 de
1031 3235 1105 3290 sua
1134 3211 1290 3289 virtute
1316 3211 1443 3310 giori-

331 3334 448 3407 antes
477 3327 680 3411 humiliat:
698 3335 857 3408 matura
886 3330 1198 3410 deliberatione
1225 3356 1321 3411 cum
1350 3356 1445 3436 pre·

332 3437 422 3528 tatis
450 3457 494 3527 et
522 3449 750 3528 baronibus
778 3449 897 3550 regni
925 3451 1060 3528 nostri
1087 3450 1324 3554 prehabito,
1341 3476 1440 3530 cum

329 3569 620 3648 illustrissimo
648 3570 819 3648 domino
865 3569 1270 3650 Christoioro
1300 3571 1441 3650 Mau·

331 3711 391 3766 ro
420 3690 522 3769 Dei
555 3693 756 3790 ‘gratia
793 3691 966 3779 dirce,
995 3697 1037 3769 et
1066 3717 1161 3770 cum
1203 3693 1340 3772 ducati
1369 3696 1441 3773 do

193 3835 196 3840 ·
329 3808 459 3888 minio
492 3811 755 3888 Venetorum
802 3811 853 3888 a'd
894 3812 1003 3890 hanc
1053 3811 1438 3915 compositionem,

329 3933 532 4008 unionem
574 3929 889 4031 inteitigentiam
933 3939 976 4010 et
1011 3933 1135 4033 tigam
1170 3941 1322 4012 contra
1350 3933 1439 4012 inti·

329 4052 428 4130 dum
455 4051 674 4131 'Ptrrchum
703 4053 865 4156 optimo
895 4052 1034 4134 animo
1064 4063 1116 4170 et
1133 4055 1300 4134 sincera
1328 4077 1439 4130 men·

329 4175 372 4248 te
401 4175 692 4252 convenimus:
736 4201 833 4254 crim
861 4175 925 4253 his
944 4177 1091 4284 pactis
1121 4175 1316 4281 capitulis
1342 4199 1438 4254 con·
