3154 5102
1164 387 1217 456 bl

144 595 443 682 merissimam,
474 608 517 676 et
543 597 672 698 magis
713 595 863 701 plen'ns
903 607 1029 678 tenor
1067 599 1233 677 littera.

143 739 227 795 rum
262 741 432 796 suarum
461 720 575 797 arrxit
613 717 808 798 liduciam
836 727 1037 808 nostram,
1068 727 1110 796 et
1138 714 1220 796 eiii·

144 839 274 915 oacins
302 839 503 940 obligavit
528 863 605 916 nos
633 847 676 916 et
705 840 1220 917 comunitatemnostrsm

144 958 186 1034 sd
217 981 314 1036 suae
356 958 582 1038 maiestatis
625 959 813 1037 honores
853 959 1011 1064 pariter
1050 969 1091 1038 et
1128 979 1220 1060 arig-

144 1089 344 1172 mentum',·
365 1093 409 1161 et
436 1103 531 1160 cum
571 1081 651 1158 biis
682 1089 724 1160 et
751 1083 842 1160 aliis
878 1083 1019 1162 verbis
1057 1083 1136 1162 lint·
1164 1107 1224 1160 rs·

145 1202 317 1301 sponsio,
332 1209 378 1278 ut
404 1199 617 1279 videbitur
645 1205 884 1280 convenire.
915 1203 998 1282 Sed
1028 1203 1079 1280 ad
1107 1225 1221 1306 prae·

144 1343 228 1398 sens
255 1321 460 1400 habemus
502 1323 735 1402 exercitum
779 1335 969 1404 nostrum
1007 1331 1222 1426 potentem

143 1441 313 1520 inmari
339 1452 382 1521 et
408 1449 549 1540 terra,
589 1453 736 1524 contra
773 1444 1002 1525 dadrenses
1042 1443 1223 1523 rebelles

30 1669 31 1674 Ἰ
145 1573 332 1654 nostros,
369 1574 411 1642 et
447 1589 665 1672 speramus
703 1567 742 1644 in
782 1567 979 1656 domino,
1020 1567 1133 1668 quod
1170 1567 1223 1642 de

145 1703 207 1758 sua
233 1683 408 1788 perfidia
432 1699 474 1761 et
488 1683 724 1764 rebellione
754 1687 839 1765 cito
867 1687 1047 1764 sentient
1073 1709 1223 1788 penam

144 1801 328 1889 debitam,
358 1813 399 1884 et
415 1807 700 1886 obtinebimus
728 1807 933 1885 velociter
947 1808 1223 1911 intentionem

145 1933 320 2002 nostram
348 1920 398 2002 ad
426 1923 634 2004 honorem
672 1929 765 2017 dei,
805 1935 846 2004 et
874 1929 939 2004 sui
967 1935 1008 2004 et
1037 1927 1222 2002 omnium

110 2048 380 2138 ‚amicorum

233 2167 355 2246 ltem:
384 2168 496 2269 quod
538 2168 849 2272 respondeatur
885 2169 948 2248 sic
985 2167 1035 2246 ad
1057 2169 1223 2246 litteras

30 2299 31 2302 ‘
129 2285 291 2366 'domini
317 2285 566 2368 Nicolae
595 2287 660 2364 de
686 2273 916 2376 Bucilia‚
945 2287 1222 2390 regraciando

145 2433 230 2489 cnm
269 2410 427 2514 pulcris
455 2407 635 2496 verbis,
677 2435 784 2514 quae
834 2393 1086 2488 videbantur
1127 2435 1222 2489 con·

143 2529 294 2608 venire.
964 2585 968 2592 -

234 2649 351 2728 ltem:
366 2673 443 2752 per
469 2651 569 2728 alias
600 2649 758 2726 litteras
786 2659 953 2728 nostras
969 2652 1223 2754 respondea-

145 2777 207 2845 tnr
231 2770 369 2848 eidem
411 2770 581 2848 domino
623 2767 738 2868 regi,
782 2771 893 2872 quod
934 2769 1223 2848 desiderantes

147 2913 307 2993 semper
334 2889 604 2992 complacere
644 2912 746 2965 strae
786 2888 1002 2977 maiestati,
1032 2887 1083 2966 de
1112 2889 1223 2967 iacto

146 3030 348 3088 armornm
376 3013 674 3088 contentorum
702 3009 743 3086 in
771 3009 857 3085 suis
895 3009 1060 3098 litteris,
1099 3009 1225 3088 licen·

150 3126 238 3205 tiam
264 3128 513 3208 extrahendi
541 3129 593 3206 de
620 3127 809 3234 partibus
851 3129 1008 3207 nostris
1051 3153 1225 3209 conoes-

151 3247 266 3326 simus
309 3249 569 3336 liberaliter,
619 3249 811 3352 dispositi
862 3277 956 3330 cum
1003 3251 1226 3328 affcctione

152 3368 283 3448 inlima
323 3377 367 3449 et
406 3373 573 3450 sincera
610 3371 652 3450 in
689 3369 770 3448 biis
808 3379 849 3449 et
885 3373 976 3451 aliis
1019 3368 1226 3454 omnibus,

153 3513 249 3588 qnae
275 3497 374 3568 sunt
400 3489 465 3567 sni
494 3491 750 3594 beneplaciti
777 3499 819 3568 et
846 3491 1037 3571 honoris.

239 3627 357 3706 item:
385 3634 635 3732 acceptetur
673 3631 919 3731 prorogatio
950 3627 1227 3706 conlirmetio·

72 3775 75 3778 ·
153 3751 206 3826 nis
243 3760 478 3851 pactorum,
517 3771 624 3850 quae
660 3745 861 3826 babemus
889 3747 941 3823 de
969 3747 1048 3825 illis
1075 3749 1127 3826 de
1157 3747 1228 3827 Ca·

152 3875 248 3966 ltro,
279 3879 414 3971 usque
444 3869 631 3946 adduce
661 3892 792 3946 annos
828 3869 1049 3971 proximos
1079 3876 1121 3946 et
1148 3877 1229 3947 tan-

30 4087 31 4092 Ν
152 3995 227 4067 lom
252 3991 375 4095 plns,
403 3989 762 4095 quantum-fuerit
788 3991 840 4066 de
867 3991 1048 4092 partium
1089 3992 1228 4082 volun·

30 4101 32 4110 '
150 4115 238 4200 late,
263 4109 374 4218 siout
400 4113 596 4190 dominus
625 4133 719 4208 rex,
748 4111 971 4214 per-dictas
1000 4135 1095 4190 suas
1125 4109 1228 4188 litte·
1259 4195 1264 4203 ⁴

30 4277 31 4338 3
151 4251 211 4305 ras
236 4227 360 4309 nobis
386 4229 546 4312 scribit.
