3206 5110
155 603 269 684 mino
286 605 337 683 ad
353 627 507 684 norum
537 605 815 686 concordium
836 610 880 684 et
894 607 1252 712 compositionem

155 752 236 830 per
276 726 457 806 medium
512 727 827 808 ambassiatoris
881 729 1015 808 nostri
1060 727 1250 830 predicti,

156 868 282 946 quam
312 847 667 950 compositionem
697 847 798 926 sive
823 847 1101 928 concordium
1129 849 1256 929 inten-

156 965 291 1045 dimus
329 969 619 1048 effectualiter,
644 969 888 1050 observare.

259 1085 542 1192 Septimo:
579 1089 700 1186 Quod
728 1099 771 1169 ut
799 1089 982 1170 habeant
1012 1113 1129 1194 spem
1158 1091 1250 1194 ipse
1331 1168 1343 1208 ι

24 1315 27 1322 Ι
78 1208 88 1226 “
157 1205 401 1306 magnificus
439 1208 648 1294 dominus,
676 1213 767 1306 ejus
794 1208 1003 1296 heredes,
1031 1209 1183 1288 fratres
1212 1217 1254 1287 et

158 1351 310 1405 eorrrm
352 1327 676 1422 descendentem
717 1352 1071 1431 personandas,
1119 1337 1253 1408 terras

159 1451 298 1526 castra
328 1449 626 1551 possessiones
663 1473 732 1528 res
771 1455 813 1530 et
839 1449 961 1540 bona,
1008 1475 1058 1529 ac
1087 1473 1253 1529 omnem

162 1591 312 1674 eorum
341 1571 554 1651 dicionem
583 1594 706 1674 quam
745 1579 890 1652 tenent
925 1571 1252 1676 presentialiter,

160 1713 431 1792 quocumque
472 1697 515 1770 et
557 1689 811 1794 obicumque
854 1690 963 1772 bene
998 1689 1167 1768 tenendi
1211 1691 1253 1766 et

158 1809 418 1912 possidendi,
436 1811 655 1911 dignemur
670 1813 751 1890 sibi
780 1813 923 1892 tacere
943 1811 1100 1892 bonum
1117 1832 1196 1888 cor
1211 1819 1253 1886 et
1322 1846 1324 1854 ⁴

160 1930 354 2022 animum,
370 1932 483 2034 quod
508 1933 616 2012 sicut
632 1934 732 2013 boni
756 1935 872 2014 cives
889 1935 1021 2012 nostri
1043 1931 1253 2010 habebun-

20 2056 22 2065 '
161 2059 228 2126 tur
252 2050 511 2154 recipientur
531 2059 573 2130 et
596 2055 889 2133 tractabuntur
906 2055 948 2132 in
974 2054 1089 2131 omni
1117 2074 1228 2132 casu.

263 2169 327 2255 Ad
355 2172 679 2273 hocseptimum
708 2174 1029 2278 respondemus,
1048 2170 1162 2275 quod
1177 2173 1256 2249 sin·

159 2290 346 2392 gularem
375 2291 683 2391 magnificentie
712 2319 787 2372 sue
824 2301 867 2372 et
894 2293 1093 2373 fratribus
1130 2301 1255 2392 atque
1289 2377 1295 2394 ¹

161 2413 308 2516 nepoti
335 2415 420 2492 suis
441 2419 638 2514 gerentes
663 2437 852 2494 amorem
882 2421 924 2494 et
954 2413 1255 2501 caritatemvi·

161 2557 211 2607 so
241 2531 334 2634 ipso
375 2519 561 2635 capituto
592 2559 734 2612 sumus
771 2536 958 2613 contenti
987 2536 1131 2616 facere
1159 2557 1256 2637 pro·

162 2656 208 2728 ut
235 2652 404 2754 petitur.
552 2729 555 2739 ,
604 2685 607 2692 ’
779 2732 791 2742 ,

267 2771 528 2867 Octavo,
583 2778 697 2878 quod
750 2778 786 2854 si
838 2777 1008 2879 aliquod
1064 2775 1255 2854 sfortium

162 2897 345 2994 gentium
373 2888 548 2996 alicujus
578 2900 707 3001 partis
735 2898 971 3000 oprimeret
997 2899 1065 2976 vel
1094 2897 1255 2975 invade·

22 3089 23 3094 ι
163 3021 229 3094 ret
255 3015 656 3128 dietumdominum
683 3017 752 3092 vel
793 3022 883 3116 ejus
912 3015 1067 3093 iratres
1095 3023 1138 3094 et
1165 3015 1254 3094 des.
1411 3095 1415 3111 ‚

161 3134 392 3214 uendentes
419 3159 493 3215 seu
523 3161 672 3215 eorum
709 3135 900 3216 ditiones
917 3140 960 3213 et
986 3136 1097 3232 ioca,
1126 3136 1256 3214 domi-

161 3257 275 3336 natio
311 3263 453 3336 nostra
492 3258 587 3336 iilos
627 3258 793 3355 adiuvet
833 3265 876 3336 et
910 3255 1106 3336 defendat
1147 3252 1257 3332 siout

162 3383 227 3454 est
255 3377 430 3456 licitum.
486 3375 933 3482 Respondemus
974 3377 1023 3455 ad
1057 3377 1254 3455 hoeoc·

162 3505 368 3598 tarum,
397 3501 512 3602 quod
541 3525 681 3578 stemus
711 3499 952 3589 certissimi,
967 3495 1081 3601 quod
1105 3498 1255 3596 magni·

162 3616 332 3698 licentia
372 3641 447 3696 sua
486 3627 529 3696 et
557 3619 708 3700 iratres
749 3620 813 3698 sui
855 3627 980 3722 atque
1008 3638 1158 3720 nepos,
1187 3616 1256 3717 qui

163 3740 458 3844 sapientissimi
483 3747 592 3832 suot,
613 3739 901 3842 providebunt
927 3739 978 3820 ad
1006 3735 1258 3817 conservati·

164 3885 290 3938 onem
332 3863 669 3956 status'eorum,
711 3867 753 3938 et
779 3883 857 3939 nos
896 3883 919 3938 a
957 3861 1255 3964 perte'nostra
1410 3929 1412 3936 ,

165 3979 322 4060 erimus
349 3983 549 4072 conteuti,
577 3983 764 4085 prompti
792 3989 834 4060 et
860 3983 1008 4086 parati,
1035 3979 1255 4059 concordi·

167 4127 237 4179 um
263 4125 340 4205 per
367 4129 445 4182 nos
475 4127 569 4184 cum
598 4105 693 4207 ipso
722 4103 944 4202 magnifico
973 4101 1154 4181 domino
1175 4099 1256 4180 fac·

165 4229 283 4323 tum,
326 4223 624 4305 inviolabiliter
664 4223 908 4305 observare.

992 4345 1051 4409 ΙΙ*
