3234 5116
308 407 379 477 ΙΙ

316 617 507 738 mittendi
544 620 594 695 ad
623 624 766 721 partes
805 617 1050 698 Scutari
1092 621 1258 722 equites
1296 619 1408 723 quin·

314 745 468 835 gantos
496 793 507 814 .
537 795 548 816 .
579 799 588 817 .
617 793 628 814 .
656 742 725 817 etc
729 791 890 816 .....

526 869 542 912 ⁸
609 874 715 940 Sear.
740 895 841 940 cons.
865 882 987 961 rogat.
1005 871 1087 940 ¹bib.
1113 873 1207 942 vm.
1231 878 1288 941 cb.
1310 877 1362 940 87.

406 1007 740 1112 ΟΟΟΙΝΙΙΙ.
804 1032 915 1108 usa.
942 1035 1002 1106 aa.
1031 1029 1323 1110 tannarii.

330 1150 334 1160 Ἰ
370 1185 505 1246 flauere
529 1202 697 1260 rauerauy
720 1190 845 1262 Itym,
869 1206 950 1247 aare
972 1207 1011 1260 ,aa
1037 1205 1164 1266 orropu
1188 1208 1278 1264 nyrr»
1302 1207 1355 1248 ao·

561 1305 659 1358 nous·
687 1307 706 1362 y
730 1290 890 1366 Gausapa.
944 1285 1163 1374 (Cupaber'ro.)

418 1383 537 1486 Quod
580 1389 790 1468 scribatur
832 1391 1055 1494 capitaneo
1099 1399 1142 1466 et
1175 1391 1405 1494 provisori-

317 1509 395 1624 bus
432 1509 591 1584 nostris
634 1507 785 1612 Cuipbi
826 1511 867 1590 in
895 1511 976 1590 hac
1006 1513 1158 1597 forma,
1198 1511 1409 1590 videlicet.

316 1625 529 1707 Habemus
573 1629 940 1730 informationem,
997 1631 1110 1734 quod
1153 1632 1409 1711 destruendo

317 1749 564 1854 pischerias,
582 1757 625 1828 et
652 1753 886 1834 amovendo
917 1751 1163 1840 molendina,
1188 1753 1409 1831 existentia

277 1928 282 1938 .
316 1869 425 1951 inira
456 1869 782 1962 Scutarum,
813 1873 1044 1952 haberetur
1073 1871 1166 1951 talis
1195 1873 1341 1960 aditus,
1369 1881 1412 1950 e't

318 1989 567 2071 efficeretur
602 1993 668 2069 via
705 1995 759 2070 ita
790 1995 869 2072 iata
911 2005 953 2071 et
979 1994 1102 2085 bona,
1144 2003 1308 2070 etcum
1339 1993 1412 2070 tali

318 2113 461 2202 fundo,
492 2117 603 2215 quod
636 2117 750 2192 omui
778 2123 973 2216 tempore
1001 2125 1174 2218 possent
1203 2113 1264 2190 ire
1294 2111 1410 2193 Scu-

318 2242 371 2313 ta
388 2257 488 2311 rum
518 2237 693 2335 navigia,
709 2235 829 2336 galee
846 2239 888 2312 et
903 2234 1074 2331 barche,
1094 2232 1208 2337 quod
1225 2231 1257 2309 si
1274 2233 1410 2328 fleret,

319 2363 434 2439 esset
460 2359 666 2460 perpetua
706 2359 976 2435 conservatio
1020 2357 1121 2435 dicti
1162 2355 1246 2433 loci
1275 2355 1411 2433 nostri

318 2473 511 2564 Scutari,
539 2485 581 2554 et
608 2483 840 2583 propterca
869 2477 1059 2558 fidelitati
1091 2479 1256 2554 vestrae
1285 2532 1294 2552 .
1322 2532 1332 2552 .
1362 2532 1370 2552 .
1402 2531 1412 2550 .

318 2597 575 2690 mandamus,
604 2605 809 2701 quatenus
840 2655 1043 2677 ......
1073 2597 1263 2676 debeatis
1294 2619 1413 2700 supe-

319 2717 436 2796 rinde
453 2717 596 2796 iacere
618 2719 917 2798 executionem
939 2721 980 2797 in
995 2727 1183 2807 totum..
1212 2728 1255 2796 et
1269 2717 1304 2795 si
1333 2741 1414 2820 perr

320 2839 517 2942 nequiret
545 2837 636 2918 fieri
665 2841 705 2918 in
734 2845 882 2930 totum,
910 2841 1020 2916 iiiam
1048 2839 1193 2916 saitem
1223 2837 1413 2915 debeatis

321 2959 409 3038 fieri
439 2961 596 3053 iacere,
612 2971 809 3065 quantum
840 2962 966 3038 fuerit
993 2961 1199 3064 possibile
1229 2965 1298 3034 etc
1302 3013 1412 3034 .....

423 3079 614 3184 Captum:
645 3105 809 3160 armare
838 3081 1021 3184 quinque
1043 3075 1221 3157 barabas
1251 3073 1410 3154 mitten·

319 3199 391 3278 das
418 3197 483 3278 Sc
501 3207 720 3288 utarum,
748 3201 863 3280 iuxta
892 3201 1130 3278 suasionem
1159 3222 1230 3274 ser
1264 3193 1414 3273 Petri

319 3321 533 3402 Poiani
562 3329 631 3402 etc
633 3377 846 3402 ......
1303 3361 1306 3368 ·

626 3442 731 3508 Scor.
757 3461 860 3508 cons.
886 3450 1005 3528 rogat.
1028 3437 1102 3504 Lib.
1126 3435 1218 3502 vni.
1244 3437 1296 3501 cb.
1319 3437 1371 3500 87.

452 3597 731 3698 CGOMX.
762 3618 873 3736 mag
900 3621 960 3694 as.
989 3609 1282 3691 ianuarii.

319 3777 455 3835 unsara
468 3779 583 3852 llenpy
595 3775 744 3850 lloaauu,
767 3778 880 3846 suune
904 3775 1174 3850 ydydpouuuun,
1200 3791 1218 3827 ιι
1241 3787 1279 3840 ια
1292 3785 1415 3830 unone·

321 3882 605 3957 uadybpossane,
628 3897 666 3951 aa
690 3897 861 3955 npecrany
880 3893 1003 3954 pagara
1027 3893 1177 3934 currere
1203 3875 1356 3934 Maecena
1370 3889 1413 3930 uo

320 3984 467 4046 Audauiu
492 4004 510 4042 n
533 3985 770 4059 undeuuanda,
794 4005 812 4042 ιι
836 4001 921 4054 ηομ
946 3983 1065 4056 Cpticrr.
1082 3997 1238 4050 necuere.
1262 3973 1412 4054 (crpus.)

319 4167 323 4176 .
425 4103 530 4180 Cum
572 4103 626 4178 ob
668 4125 717 4180 ea
745 4126 853 4204 quae
893 4103 1125 4201 procurant
1165 4099 1415 4171 attractant

323 4221 592 4324 Ragusei‚
635 4277 645 4299 .
685 4277 695 4299 .
724 4227 874 4302 contra
903 4227 1055 4301 statum
1086 4227 1127 4295 ct
1156 4219 1248 4296 ioca
1277 4219 1413 4295 nostri
