3226 5112
1246 425 1313 493 259

216 629 296 708 rati
335 631 555 738 capitaneo
597 630 779 734 Culphi:
820 657 844 710 a
880 659 965 736 quo
999 635 1172 714 domino
1202 634 1312 714 duee

154 767 155 770 ‘
218 751 388 855 suisque
416 753 604 833 consiliis
631 753 841 856 prefatum
882 758 1097 836 dominum
1124 755 1314 836 Francis-

219 897 312 950 cum
339 873 517 964 Bembo,
545 876 742 975 generale
770 899 818 952 ac
834 877 1019 980 speciale
1042 879 1083 954 in
1098 879 1314 983 premissis

217 993 384 1074 scilicet
410 997 526 1100 pacis
553 1002 596 1076 et
624 997 959 1077 concordiorum
996 999 1313 1102 compositioni·

219 1117 310 1207 hus,
324 1117 494 1219 pienum
511 1118 748 1197 mandatum
764 1118 923 1196 habere
941 1120 1173 1212 constabat,
1187 1123 1315 1223 prout

219 1236 260 1314 in
290 1237 571 1317 instrumento
611 1241 729 1341 pacis
768 1241 879 1317 inter
918 1239 1033 1341 ipsos
1073 1237 1313 1320 nominibus

219 1365 303 1436 tam
330 1361 489 1438 nostris
518 1384 641 1461 quam
668 1359 822 1462 prefati
850 1360 1008 1438 domini
1030 1361 1148 1440 ducis
1161 1361 1313 1464 suique

219 1479 379 1560 ducalis
409 1481 597 1574 dominii,
625 1482 778 1560 clarius
806 1487 944 1586 patet3
973 1482 1013 1560 in
1039 1509 1126 1585 quo
1143 1483 1314 1584 quidem

220 1598 336 1700 pacis
365 1600 645 1678 instrumento
673 1605 851 1704 quedam
879 1603 1106 1707 pendentia
1133 1607 1176 1678 et
1199 1600 1312 1680 inde·

220 1719 440 1798 terminata
480 1727 787 1799 remanserunt.
844 1719 997 1806 Postea
1036 1745 1143 1799 vero
1200 1719 1313 1797 idam

221 1841 466 1939 magnificus
493 1839 701 1941 Georgius
729 1864 813 1917 non
854 1842 967 1916 nulia
1007 1841 1169 1944 prefate
1195 1842 1314 1944 pacis

220 1963 414 2062 capitula,
442 1961 570 2040 etilin
596 1985 679 2063 que
706 1960 897 2040 indecisa
925 1963 969 2036 et
992 1961 1315 2042 indeterminata

220 2089 524 2174 remanserunt,
552 2107 647 2160 cum
674 2081 808 2160 nobili
849 2081 941 2159 viro
981 2080 1313 2160 Francisco

220 2204 472 2302 Quirino
525 2226 605 2306 pro
648 2202 763 2282 dieto
804 2203 1081 2284 venetiarum
1126 2203 1314 2300 dominio

162 2309 165 2314 ¹
222 2325 445 2428 capitaneo
473 2326 661 2424 gentium
699 2325 1004 2424 armigerarum
1031 2323 1086 2400 vin
1122 2325 1313 2427 partibus

220 2443 355 2522 Zente
372 2452 414 2521 et
426 2443 618 2543 Albanio,
635 2443 974 2522 reformaverunt
993 2443 1317 2522 declaraverunt

222 2571 265 2640 et
292 2564 557 2656 addiderunt,
583 2571 712 2666 prout
738 2565 779 2641 in
796 2565 1077 2643 instromento
1107 2565 1224 2666 pacis
1252 2588 1315 2641 re·

223 2686 401 2763 formate
437 2691 480 2762 et
522 2688 737 2766 declarate
766 2685 952 2790 ‚plenius
993 2689 1173 2765 constat.
1227 2685 1316 2784 Que

224 2806 367 2884 omnia
407 2811 450 2896 et
490 2807 654 2907 singula
693 2829 773 2910 per
811 2806 1020 2910 prefatum
1049 2803 1315 2906 magnificum

224 2927 465 3027 Georgium,
492 2933 576 3004 tam
604 2949 698 3008 curn
715 2927 884 3030 prefato
900 2927 1073 3006 domino
1087 2925 1316 3004 Francisco

224 3049 400 3138 Bembo,
417 3059 539 3152 quam
568 3049 693 3126 etiam
722 3072 816 3125 cum
832 3047 966 3126 nobili
981 3046 1071 3124 viro
1086 3045 1315 3124 Francisco

223 3170 413 3269 Quirino,
440 3169 645 3272 praticata
672 3169 782 3248 iacta
798 3169 1013 3247 declarata
1028 3167 1166 3244 addita
1185 3165 1316 3244 reior-

223 3295 334 3369 mata
350 3295 391 3367 et
406 3291 621 3382 conclusa,
648 3314 729 3367 nos
745 3287 983 3394 Stephanus
998 3288 1317 3388 prenominatus

131 3421 132 3426 '
225 3409 508 3515 approbamus
537 3411 822 3514 gratificamus
850 3413 893 3488 et
920 3409 1190 3500 ratificamus,
1217 3431 1315 3509 ymo

225 3542 359 3611 ratum
375 3540 537 3632 gratum
567 3536 610 3609 et
636 3529 800 3608 firmum
828 3531 1042 3618 habemus,
1059 3536 1314 3632 tenorepre-

225 3656 404 3734 sentium
456 3659 698 3732 nostrarum
737 3653 1041 3756 scripturarum
1093 3651 1320 3729 mediante.

224 3775 513 3855 Promittimus
552 3775 738 3876 insuper,
766 3774 880 3875 quod
910 3770 1049 3849 omnia
1077 3778 1119 3849 et
1157 3771 1317 3870 singula

223 3895 485 4000 perdicium
515 3891 778 3993 magnificum
807 3891 1036 3992 Georgium
1066 3891 1177 3971 dicta
1205 3891 1317 3970 fecta

224 4019 430 4118 praticata
458 4015 672 4094 declarata
700 4013 837 4096 addita
865 4012 1142 4092 determinata
1163 4019 1316 4090 eicon·

65 4170 78 4180 ·
224 4141 355 4230 cinea,
383 4161 478 4216 cum
494 4129 657 4237 pretato
671 4133 844 4213 domino
873 4134 980 4212 duce
995 4157 1161 4235 suoque
1176 4133 1317 4212 ducati

223 4259 425 4356 dominio,
465 4264 510 4336 ut
535 4258 794 4362 premittitur
826 4256 986 4336 habere
1014 4265 1162 4438 ten7ere
1192 4262 1234 4334 et
1260 4255 1316 4331 in-

1052 4379 1069 4440 1
1095 4375 1112 4410 a
