<?xml version="1.0" encoding="UTF-8"?>
<!DOCTYPE html PUBLIC "-//W3C//DTD XHTML 1.0 Transitional//EN"
    "http://www.w3.org/TR/xhtml1/DTD/xhtml1-transitional.dtd">
<html xmlns="http://www.w3.org/1999/xhtml" xml:lang="en" lang="en">
 <head>
  <title>
</title>
<meta http-equiv="Content-Type" content="text/html;charset=utf-8" />
  <meta name='ocr-system' content='tesseract 3.04.00' />
  <meta name='ocr-capabilities' content='ocr_page ocr_carea ocr_par ocr_line ocrx_word'/>
</head>
<body>
  <div class='ocr_page' id='page_1' title='image "./actaarchivivene00sergoog_0867.png"; bbox 0 0 3226 5112; ppageno 0'>
   <div class='ocr_carea' id='block_1_1' title="bbox 1213 405 1282 472">
    <p class='ocr_par' dir='ltr' id='par_1_1' title="bbox 1213 405 1282 472">
     <span class='ocr_line' id='line_1_1' title="bbox 1213 405 1282 472; baseline -0.029 0"><span class='ocrx_word' id='word_1_1' title='bbox 1213 405 1282 472; x_wconf 66' lang='lat'><strong>321</strong></span> 
     </span>
    </p>
   </div>
   <div class='ocr_carea' id='block_1_2' title="bbox 305 587 1181 692">
    <p class='ocr_par' dir='ltr' id='par_1_2' title="bbox 305 587 1181 692">
     <span class='ocr_line' id='line_1_2' title="bbox 305 587 1181 692; baseline 0.002 -4"><span class='ocrx_word' id='word_1_2' title='bbox 305 587 548 691; x_wconf 72' lang='lat' dir='ltr'><strong>CDXIV.</strong></span> <span class='ocrx_word' id='word_1_3' title='bbox 579 612 692 692; x_wconf 76' lang='lat' dir='ltr'><strong>roro.</strong></span> <span class='ocrx_word' id='word_1_4' title='bbox 721 617 784 692; x_wconf 81' lang='lat'><strong>17.</strong></span> <span class='ocrx_word' id='word_1_5' title='bbox 813 611 1181 692; x_wconf 70' lang='lat' dir='ltr'><strong>Decembris.</strong></span> 
     </span>
    </p>
   </div>
   <div class='ocr_carea' id='block_1_3' title="bbox 190 787 1284 1086">
    <p class='ocr_par' dir='ltr' id='par_1_3' title="bbox 190 787 1284 1086">
     <span class='ocr_line' id='line_1_3' title="bbox 190 787 1284 864; baseline 0 -18"><span class='ocrx_word' id='word_1_6' title='bbox 190 789 374 862; x_wconf 65' lang='lat' dir='ltr'><strong>Oprooopn</strong></span> <span class='ocrx_word' id='word_1_7' title='bbox 410 801 602 861; x_wconf 72' lang='lat' dir='ltr'><strong>nocrannry</strong></span> <span class='ocrx_word' id='word_1_8' title='bbox 634 801 737 860; x_wconf 69' lang='lat' dir='ltr'><strong>apaan</strong></span> <span class='ocrx_word' id='word_1_9' title='bbox 771 787 976 845; x_wconf 70' lang='lat' dir='ltr'><strong>floruerorr.</strong></span> <span class='ocrx_word' id='word_1_10' title='bbox 1018 806 1036 844; x_wconf 83' lang='lat' dir='ltr'><strong>o</strong></span> <span class='ocrx_word' id='word_1_11' title='bbox 1074 789 1284 864; x_wconf 66' lang='lat' dir='ltr'><strong>ypapanton,</strong></span> 
     </span>
     <span class='ocr_line' id='line_1_4' title="bbox 253 887 1223 965; baseline 0 -17"><span class='ocrx_word' id='word_1_12' title='bbox 253 887 378 964; x_wconf 74' lang='lat' dir='ltr'><strong>rnnybn</strong></span> <span class='ocrx_word' id='word_1_13' title='bbox 400 906 440 946; x_wconf 87' lang='lat' dir='ltr'><strong>oe</strong></span> <span class='ocrx_word' id='word_1_14' title='bbox 462 889 607 965; x_wconf 71' lang='lat' dir='ltr'><strong>Typaca,</strong></span> <span class='ocrx_word' id='word_1_15' title='bbox 632 905 804 950; x_wconf 68' lang='lat' dir='ltr'><strong>seauton</strong></span> <span class='ocrx_word' id='word_1_16' title='bbox 829 889 980 961; x_wconf 72' lang='lat' dir='ltr'><strong>ooiioopo</strong></span> <span class='ocrx_word' id='word_1_17' title='bbox 1003 892 1223 950; x_wconf 63' lang='lat' dir='ltr'><strong>Bocaucaorr,</strong></span> 
     </span>
     <span class='ocr_line' id='line_1_5' title="bbox 298 989 1174 1086; baseline -0.003 -33"><span class='ocrx_word' id='word_1_18' title='bbox 298 995 465 1065; x_wconf 74' lang='lat' dir='ltr'><strong>croccae,</strong></span> <span class='ocrx_word' id='word_1_19' title='bbox 489 1011 507 1054; x_wconf 82' lang='lat' dir='ltr'><strong>u</strong></span> <span class='ocrx_word' id='word_1_20' title='bbox 532 1011 631 1053; x_wconf 72' lang='lat' dir='ltr'><strong>caeca</strong></span> <span class='ocrx_word' id='word_1_21' title='bbox 655 996 776 1054; x_wconf 72' lang='lat' dir='ltr'><strong>Marna.</strong></span> <span class='ocrx_word' id='word_1_22' title='bbox 799 989 994 1086; x_wconf 56' lang='lat' dir='ltr'><strong>‚ssipen-nrm,</strong></span> <span class='ocrx_word' id='word_1_23' title='bbox 1019 991 1174 1074; x_wconf 70' lang='lat' dir='ltr'><strong>canopo.)</strong></span> 
     </span>
    </p>
   </div>
   <div class='ocr_carea' id='block_1_4' title="bbox 192 1141 1379 3396">
    <p class='ocr_par' dir='ltr' id='par_1_4' title="bbox 192 1141 1325 1723">
     <span class='ocr_line' id='line_1_6' title="bbox 292 1141 1325 1246; baseline 0.004 -26"><span class='ocrx_word' id='word_1_24' title='bbox 292 1141 616 1246; x_wconf 70' lang='lat' dir='ltr'><strong>Respondentur</strong></span> <span class='ocrx_word' id='word_1_25' title='bbox 659 1145 896 1222; x_wconf 86' lang='lat' dir='ltr'><strong>oratori</strong></span> <span class='ocrx_word' id='word_1_26' title='bbox 938 1143 1325 1224; x_wconf 66' lang='lat' dir='ltr'><strong>serenissimi‘</strong></span> 
     </span>
     <span class='ocr_line' id='line_1_7' title="bbox 192 1261 1286 1369; baseline -0.001 -25"><span class='ocrx_word' id='word_1_27' title='bbox 192 1267 355 1365; x_wconf 82' lang='lat' dir='ltr'><strong>regis</strong></span> <span class='ocrx_word' id='word_1_28' title='bbox 385 1261 683 1343; x_wconf 86' lang='lat' dir='ltr'><strong>Poioniae</strong></span> <span class='ocrx_word' id='word_1_29' title='bbox 712 1263 1286 1369; x_wconf 82' lang='lat' dir='ltr'><strong>etHungariae‚qnod</strong></span> 
     </span>
     <span class='ocr_line' id='line_1_8' title="bbox 192 1385 1289 1492; baseline 0.002 -30"><span class='ocrx_word' id='word_1_30' title='bbox 192 1387 325 1492; x_wconf 80' lang='lat' dir='ltr'><strong>parati</strong></span> <span class='ocrx_word' id='word_1_31' title='bbox 353 1409 497 1462; x_wconf 82' lang='lat' dir='ltr'><strong>sumus</strong></span> <span class='ocrx_word' id='word_1_32' title='bbox 527 1409 622 1463; x_wconf 90' lang='lat' dir='ltr'><strong>cum</strong></span> <span class='ocrx_word' id='word_1_33' title='bbox 665 1408 719 1463; x_wconf 87' lang='lat' dir='ltr'><strong>eo</strong></span> <span class='ocrx_word' id='word_1_34' title='bbox 760 1387 912 1463; x_wconf 88' lang='lat' dir='ltr'><strong>bonam</strong></span> <span class='ocrx_word' id='word_1_35' title='bbox 942 1409 1092 1489; x_wconf 82' lang='lat' dir='ltr'><strong>pacem</strong></span> <span class='ocrx_word' id='word_1_36' title='bbox 1122 1393 1163 1464; x_wconf 85' lang='lat' dir='ltr'><strong>et</strong></span> <span class='ocrx_word' id='word_1_37' title='bbox 1192 1385 1289 1466; x_wconf 89' lang='lat' dir='ltr'><strong>ami·</strong></span> 
     </span>
     <span class='ocr_line' id='line_1_9' title="bbox 193 1500 1286 1607; baseline 0.001 -25"><span class='ocrx_word' id='word_1_38' title='bbox 193 1505 331 1584; x_wconf 76' lang='lat' dir='ltr'><strong>citiam</strong></span> <span class='ocrx_word' id='word_1_39' title='bbox 361 1502 615 1594; x_wconf 88' lang='lat' dir='ltr'><strong>observare,</strong></span> <span class='ocrx_word' id='word_1_40' title='bbox 650 1507 758 1582; x_wconf 78' lang='lat' dir='ltr'><strong>sicut</strong></span> <span class='ocrx_word' id='word_1_41' title='bbox 787 1500 1007 1583; x_wconf 82' lang='lat' dir='ltr'><strong>habuimus</strong></span> <span class='ocrx_word' id='word_1_42' title='bbox 1037 1529 1132 1581; x_wconf 88' lang='lat' dir='ltr'><strong>curn</strong></span> <span class='ocrx_word' id='word_1_43' title='bbox 1162 1501 1286 1607; x_wconf 87' lang='lat' dir='ltr'><strong>impe·</strong></span> 
     </span>
     <span class='ocr_line' id='line_1_10' title="bbox 196 1621 763 1723; baseline 0.002 -22"><span class='ocrx_word' id='word_1_44' title='bbox 196 1632 337 1704; x_wconf 85' lang='lat' dir='ltr'><strong>ratorc</strong></span> <span class='ocrx_word' id='word_1_45' title='bbox 366 1621 686 1723; x_wconf 77' lang='lat' dir='ltr'><strong>sigismundo..</strong></span> <span class='ocrx_word' id='word_1_46' title='bbox 715 1680 763 1702; x_wconf 88' lang='lat'><strong>..</strong></span> 
     </span>
    </p>

    <p class='ocr_par' dir='ltr' id='par_1_5' title="bbox 193 1742 1379 3396">
     <span class='ocr_line' id='line_1_11' title="bbox 297 1742 1358 1846; baseline -0.002 -22"><span class='ocrx_word' id='word_1_47' title='bbox 297 1743 1289 1846; x_wconf 82' lang='lat' dir='ltr'><strong>ComitiMaiiconinonpossumusdo·</strong></span> <span class='ocrx_word' id='word_1_48' title='bbox 1356 1742 1358 1750; x_wconf 81' lang='grc'><strong>’</strong></span> 
     </span>
     <span class='ocr_line' id='line_1_12' title="bbox 194 1863 1284 1970; baseline 0.001 -27"><span class='ocrx_word' id='word_1_49' title='bbox 194 1863 630 1945; x_wconf 85' lang='lat' dir='ltr'><strong>reauxiiiumoontra</strong></span> <span class='ocrx_word' id='word_1_50' title='bbox 660 1866 934 1970; x_wconf 85' lang='lat' dir='ltr'><strong>comitem</strong></span> <span class='ocrx_word' id='word_1_51' title='bbox 963 1863 1284 1964; x_wconf 75' lang='lat' dir='ltr'><strong>stefanum,</strong></span> 
     </span>
     <span class='ocr_line' id='line_1_13' title="bbox 194 1983 1286 2088; baseline 0.004 -24"><span class='ocrx_word' id='word_1_52' title='bbox 194 1988 244 2065; x_wconf 91' lang='lat' dir='ltr'><strong>ad</strong></span> <span class='ocrx_word' id='word_1_53' title='bbox 272 1987 607 2088; x_wconf 87' lang='lat' dir='ltr'><strong>recuperandum</strong></span> <span class='ocrx_word' id='word_1_54' title='bbox 638 1992 823 2064; x_wconf 76' lang='lat' dir='ltr'><strong>castrum</strong></span> <span class='ocrx_word' id='word_1_55' title='bbox 853 1987 891 2063; x_wconf 85' lang='lat' dir='ltr'><strong>ei</strong></span> <span class='ocrx_word' id='word_1_56' title='bbox 919 1983 970 2064; x_wconf 90' lang='lat' dir='ltr'><strong>ab</strong></span> <span class='ocrx_word' id='word_1_57' title='bbox 1000 1988 1151 2065; x_wconf 88' lang='lat' dir='ltr'><strong>eodem</strong></span> <span class='ocrx_word' id='word_1_58' title='bbox 1175 1987 1286 2068; x_wconf 90' lang='lat' dir='ltr'><strong>abia·</strong></span> 
     </span>
     <span class='ocr_line' id='line_1_14' title="bbox 193 2103 1287 2207; baseline 0.001 -24"><span class='ocrx_word' id='word_1_59' title='bbox 193 2117 306 2194; x_wconf 86' lang='lat' dir='ltr'><strong>tum,</strong></span> <span class='ocrx_word' id='word_1_60' title='bbox 350 2105 446 2206; x_wconf 88' lang='lat' dir='ltr'><strong>quia</strong></span> <span class='ocrx_word' id='word_1_61' title='bbox 473 2103 742 2207; x_wconf 77' lang='lat' dir='ltr'><strong>promisimus</strong></span> <span class='ocrx_word' id='word_1_62' title='bbox 772 2129 867 2181; x_wconf 83' lang='lat' dir='ltr'><strong>esse</strong></span> <span class='ocrx_word' id='word_1_63' title='bbox 895 2105 1126 2198; x_wconf 66' lang='lat' dir='ltr'><strong>neutralem</strong></span> <span class='ocrx_word' id='word_1_64' title='bbox 1155 2151 1200 2166; x_wconf 88' lang='lat'><em>-</em></span> <span class='ocrx_word' id='word_1_65' title='bbox 1236 2107 1287 2184; x_wconf 91' lang='lat' dir='ltr'><strong>ad</strong></span> 
     </span>
     <span class='ocr_line' id='line_1_15' title="bbox 194 2222 1287 2328; baseline 0.001 -28"><span class='ocrx_word' id='word_1_66' title='bbox 194 2223 350 2303; x_wconf 78' lang='lat' dir='ltr'><strong>iactum</strong></span> <span class='ocrx_word' id='word_1_67' title='bbox 377 2222 737 2319; x_wconf 78' lang='lat' dir='ltr'><strong>Teucrorum,</strong></span> <span class='ocrx_word' id='word_1_68' title='bbox 766 2228 911 2300; x_wconf 87' lang='lat' dir='ltr'><strong>notum</strong></span> <span class='ocrx_word' id='word_1_69' title='bbox 928 2229 991 2300; x_wconf 85' lang='lat' dir='ltr'><strong>est</strong></span> <span class='ocrx_word' id='word_1_70' title='bbox 1006 2225 1114 2322; x_wconf 90' lang='lat' dir='ltr'><strong>orbi,</strong></span> <span class='ocrx_word' id='word_1_71' title='bbox 1132 2233 1287 2328; x_wconf 83' lang='lat' dir='ltr'><strong>quanto</strong></span> 
     </span>
     <span class='ocr_line' id='line_1_16' title="bbox 193 2335 1289 2442; baseline 0 -20"><span class='ocrx_word' id='word_1_72' title='bbox 193 2353 342 2424; x_wconf 81' lang='lat' dir='ltr'><strong>nostro</strong></span> <span class='ocrx_word' id='word_1_73' title='bbox 371 2335 522 2421; x_wconf 89' lang='lat' dir='ltr'><strong>damno</strong></span> <span class='ocrx_word' id='word_1_74' title='bbox 551 2351 593 2420; x_wconf 91' lang='lat' dir='ltr'><strong>et</strong></span> <span class='ocrx_word' id='word_1_75' title='bbox 621 2343 827 2421; x_wconf 81' lang='lat' dir='ltr'><strong>effusione</strong></span> <span class='ocrx_word' id='word_1_76' title='bbox 864 2343 1072 2442; x_wconf 81' lang='lat' dir='ltr'><strong>sanguinis</strong></span> <span class='ocrx_word' id='word_1_77' title='bbox 1112 2343 1289 2422; x_wconf 80' lang='lat' dir='ltr'><strong>fecimus</strong></span> 
     </span>
     <span class='ocr_line' id='line_1_17' title="bbox 195 2462 1289 2568; baseline 0 -26"><span class='ocrx_word' id='word_1_78' title='bbox 195 2489 392 2568; x_wconf 81' lang='lat' dir='ltr'><strong>guerram</strong></span> <span class='ocrx_word' id='word_1_79' title='bbox 420 2463 600 2556; x_wconf 76' lang='lat' dir='ltr'><strong>Turpis,</strong></span> <span class='ocrx_word' id='word_1_80' title='bbox 641 2465 732 2542; x_wconf 86' lang='lat' dir='ltr'><strong>sino</strong></span> <span class='ocrx_word' id='word_1_81' title='bbox 767 2462 943 2542; x_wconf 83' lang='lat' dir='ltr'><strong>alicuius</strong></span> <span class='ocrx_word' id='word_1_82' title='bbox 987 2465 1205 2552; x_wconf 85' lang='lat' dir='ltr'><strong>subsidio,</strong></span> <span class='ocrx_word' id='word_1_83' title='bbox 1246 2473 1289 2542; x_wconf 86' lang='lat' dir='ltr'><strong>et</strong></span> 
     </span>
     <span class='ocr_line' id='line_1_18' title="bbox 195 2587 1289 2693; baseline -0.003 -26"><span class='ocrx_word' id='word_1_84' title='bbox 195 2587 360 2667; x_wconf 81' lang='lat' dir='ltr'><strong>tandem</strong></span> <span class='ocrx_word' id='word_1_85' title='bbox 388 2587 578 2665; x_wconf 83' lang='lat' dir='ltr'><strong>ridentes</strong></span> <span class='ocrx_word' id='word_1_86' title='bbox 605 2611 681 2663; x_wconf 87' lang='lat' dir='ltr'><strong>nos</strong></span> <span class='ocrx_word' id='word_1_87' title='bbox 708 2609 805 2664; x_wconf 84' lang='lat' dir='ltr'><strong>esse</strong></span> <span class='ocrx_word' id='word_1_88' title='bbox 833 2587 964 2693; x_wconf 69' lang='lat' dir='ltr'><strong>soloe,</strong></span> <span class='ocrx_word' id='word_1_89' title='bbox 994 2588 1112 2688; x_wconf 83' lang='lat' dir='ltr'><strong>quasi</strong></span> <span class='ocrx_word' id='word_1_90' title='bbox 1141 2593 1289 2666; x_wconf 84' lang='lat' dir='ltr'><strong>coacte</strong></span> 
     </span>
     <span class='ocr_line' id='line_1_19' title="bbox 194 2706 1288 2809; baseline -0.005 -22"><span class='ocrx_word' id='word_1_91' title='bbox 194 2707 438 2787; x_wconf 84' lang='lat' dir='ltr'><strong>devenimus</strong></span> <span class='ocrx_word' id='word_1_92' title='bbox 466 2730 561 2785; x_wconf 89' lang='lat' dir='ltr'><strong>cum</strong></span> <span class='ocrx_word' id='word_1_93' title='bbox 591 2733 644 2786; x_wconf 84' lang='lat' dir='ltr'><strong>eo</strong></span> <span class='ocrx_word' id='word_1_94' title='bbox 674 2709 723 2784; x_wconf 82' lang='lat' dir='ltr'><strong>ad</strong></span> <span class='ocrx_word' id='word_1_95' title='bbox 751 2728 927 2809; x_wconf 86' lang='lat' dir='ltr'><strong>pacem,</strong></span> <span class='ocrx_word' id='word_1_96' title='bbox 955 2706 1023 2785; x_wconf 89' lang='lat' dir='ltr'><strong>cui</strong></span> <span class='ocrx_word' id='word_1_97' title='bbox 1051 2733 1161 2784; x_wconf 88' lang='lat' dir='ltr'><strong>nuno</strong></span> <span class='ocrx_word' id='word_1_98' title='bbox 1190 2731 1288 2786; x_wconf 93' lang='lat' dir='ltr'><strong>con·</strong></span> 
     </span>
     <span class='ocr_line' id='line_1_20' title="bbox 196 2825 1379 2930; baseline -0.003 -24"><span class='ocrx_word' id='word_1_99' title='bbox 196 2829 409 2906; x_wconf 83' lang='lat' dir='ltr'><strong>travenirc</strong></span> <span class='ocrx_word' id='word_1_100' title='bbox 437 2849 523 2903; x_wconf 91' lang='lat' dir='ltr'><strong>non</strong></span> <span class='ocrx_word' id='word_1_101' title='bbox 552 2849 798 2926; x_wconf 83' lang='lat' dir='ltr'><strong>possumus,</strong></span> <span class='ocrx_word' id='word_1_102' title='bbox 839 2825 912 2902; x_wconf 87' lang='lat' dir='ltr'><strong>sed</strong></span> <span class='ocrx_word' id='word_1_103' title='bbox 954 2850 1050 2903; x_wconf 88' lang='lat' dir='ltr'><strong>cum</strong></span> <span class='ocrx_word' id='word_1_104' title='bbox 1091 2831 1287 2930; x_wconf 78' lang='lat' dir='ltr'><strong>tempore</strong></span> <span class='ocrx_word' id='word_1_105' title='bbox 1373 2829 1379 2840; x_wconf 89' lang='lat'>&#39;</span> 
     </span>
     <span class='ocr_line' id='line_1_21' title="bbox 195 2941 1287 3050; baseline -0.002 -26"><span class='ocrx_word' id='word_1_106' title='bbox 195 2947 355 3050; x_wconf 80' lang='lat' dir='ltr'><strong>poterit</strong></span> <span class='ocrx_word' id='word_1_107' title='bbox 381 2943 485 3022; x_wconf 87' lang='lat' dir='ltr'><strong>iieri.</strong></span> <span class='ocrx_word' id='word_1_108' title='bbox 516 2989 561 3000; x_wconf 93' lang='lat'>-</span> <span class='ocrx_word' id='word_1_109' title='bbox 605 2941 764 3023; x_wconf 84' lang='lat' dir='ltr'><strong>Comiti</strong></span> <span class='ocrx_word' id='word_1_110' title='bbox 791 2943 1082 3023; x_wconf 84' lang='lat' dir='ltr'><strong>Maticcni</strong></span> <span class='ocrx_word' id='word_1_111' title='bbox 1117 2943 1287 3048; x_wconf 82' lang='lat' dir='ltr'><strong>permit·</strong></span> 
     </span>
     <span class='ocr_line' id='line_1_22' title="bbox 197 3063 1289 3168; baseline 0.001 -26"><span class='ocrx_word' id='word_1_112' title='bbox 197 3073 309 3146; x_wconf 87' lang='lat' dir='ltr'><strong>tetur</strong></span> <span class='ocrx_word' id='word_1_113' title='bbox 338 3065 567 3144; x_wconf 82' lang='lat' dir='ltr'><strong>extrahere</strong></span> <span class='ocrx_word' id='word_1_114' title='bbox 596 3065 858 3142; x_wconf 80' lang='lat' dir='ltr'><strong>exvenetiis</strong></span> <span class='ocrx_word' id='word_1_115' title='bbox 887 3071 1124 3151; x_wconf 83' lang='lat' dir='ltr'><strong>vereionos,</strong></span> <span class='ocrx_word' id='word_1_116' title='bbox 1152 3063 1289 3168; x_wconf 85' lang='lat' dir='ltr'><strong>pulve-</strong></span> 
     </span>
     <span class='ocr_line' id='line_1_23' title="bbox 198 3185 1290 3277; baseline -0.002 -11"><span class='ocrx_word' id='word_1_117' title='bbox 198 3211 289 3266; x_wconf 86' lang='lat' dir='ltr'><strong>rem</strong></span> <span class='ocrx_word' id='word_1_118' title='bbox 318 3195 362 3266; x_wconf 88' lang='lat' dir='ltr'><strong>et</strong></span> <span class='ocrx_word' id='word_1_119' title='bbox 388 3188 688 3276; x_wconf 82' lang='lat' dir='ltr'><strong>munitionem,</strong></span> <span class='ocrx_word' id='word_1_120' title='bbox 714 3189 853 3266; x_wconf 83' lang='lat' dir='ltr'><strong>‚etiarn</strong></span> <span class='ocrx_word' id='word_1_121' title='bbox 893 3185 1174 3277; x_wconf 80' lang='lat' dir='ltr'><strong>bombardae,</strong></span> <span class='ocrx_word' id='word_1_122' title='bbox 1216 3187 1290 3264; x_wconf 84' lang='lat' dir='ltr'><strong>sed</strong></span> 
     </span>
     <span class='ocr_line' id='line_1_24' title="bbox 200 3305 1288 3396; baseline -0.004 -8"><span class='ocrx_word' id='word_1_123' title='bbox 200 3317 322 3389; x_wconf 83' lang='lat' dir='ltr'><strong>caute</strong></span> <span class='ocrx_word' id='word_1_124' title='bbox 351 3318 393 3387; x_wconf 85' lang='lat' dir='ltr'><strong>et</strong></span> <span class='ocrx_word' id='word_1_125' title='bbox 417 3316 627 3396; x_wconf 83' lang='lat' dir='ltr'><strong>secretae,</strong></span> <span class='ocrx_word' id='word_1_126' title='bbox 654 3315 700 3388; x_wconf 84' lang='lat' dir='ltr'><strong>ut</strong></span> <span class='ocrx_word' id='word_1_127' title='bbox 726 3307 946 3386; x_wconf 84' lang='lat' dir='ltr'><strong>videamur</strong></span> <span class='ocrx_word' id='word_1_128' title='bbox 972 3305 1185 3385; x_wconf 83' lang='lat' dir='ltr'><strong>neutraies</strong></span> <span class='ocrx_word' id='word_1_129' title='bbox 1207 3313 1288 3384; x_wconf 90' lang='lat' dir='ltr'><strong>etc.</strong></span> 
     </span>
    </p>
   </div>
   <div class='ocr_carea' id='block_1_5' title="bbox 518 3474 1243 3568">
    <p class='ocr_par' dir='ltr' id='par_1_6' title="bbox 518 3474 1243 3568">
     <span class='ocr_line' id='line_1_25' title="bbox 518 3474 1243 3568; baseline -0.011 -22"><span class='ocrx_word' id='word_1_130' title='bbox 518 3479 624 3546; x_wconf 78' lang='lat' dir='ltr'><strong>Socr.</strong></span> <span class='ocrx_word' id='word_1_131' title='bbox 649 3499 748 3546; x_wconf 80' lang='lat' dir='ltr'><strong>cons.</strong></span> <span class='ocrx_word' id='word_1_132' title='bbox 772 3486 890 3568; x_wconf 74' lang='lat' dir='ltr'><strong>rogat</strong></span> <span class='ocrx_word' id='word_1_133' title='bbox 918 3477 989 3544; x_wconf 87' lang='lat' dir='ltr'><strong>Lib·</strong></span> <span class='ocrx_word' id='word_1_134' title='bbox 1013 3474 1087 3542; x_wconf 86' lang='lat' dir='ltr'><strong>XV.</strong></span> <span class='ocrx_word' id='word_1_135' title='bbox 1113 3477 1168 3542; x_wconf 88' lang='lat' dir='ltr'><strong>cb.</strong></span> <span class='ocrx_word' id='word_1_136' title='bbox 1192 3479 1243 3545; x_wconf 82' lang='lat'><strong>57.</strong></span> 
     </span>
    </p>
   </div>
   <div class='ocr_carea' id='block_1_6' title="bbox 300 3667 1193 3812">
    <p class='ocr_par' dir='ltr' id='par_1_7' title="bbox 300 3667 1193 3812">
     <span class='ocr_line' id='line_1_26' title="bbox 300 3667 1193 3812; baseline -0.01 -43"><span class='ocrx_word' id='word_1_137' title='bbox 300 3667 608 3770; x_wconf 72' lang='lat' dir='ltr'><strong>GGOGXV.</strong></span> <span class='ocrx_word' id='word_1_138' title='bbox 639 3689 748 3784; x_wconf 69' lang='lat' dir='ltr'><strong>um,</strong></span> <span class='ocrx_word' id='word_1_139' title='bbox 775 3693 837 3765; x_wconf 82' lang='lat'><strong>21.</strong></span> <span class='ocrx_word' id='word_1_140' title='bbox 865 3683 1193 3812; x_wconf 67' lang='lat' dir='ltr'><strong>Februarii.</strong></span> 
     </span>
    </p>
   </div>
   <div class='ocr_carea' id='block_1_7' title="bbox 202 3863 1295 4038">
    <p class='ocr_par' dir='ltr' id='par_1_8' title="bbox 202 3863 1295 4038">
     <span class='ocr_line' id='line_1_27' title="bbox 202 3863 1295 3940; baseline -0.007 -16"><span class='ocrx_word' id='word_1_141' title='bbox 202 3864 385 3940; x_wconf 68' lang='lat' dir='ltr'><strong>Odroaopn</strong></span> <span class='ocrx_word' id='word_1_142' title='bbox 417 3877 608 3937; x_wconf 76' lang='lat' dir='ltr'><strong>nocaaunny</strong></span> <span class='ocrx_word' id='word_1_143' title='bbox 637 3863 772 3920; x_wconf 78' lang='lat' dir='ltr'><strong>Pecroa</strong></span> <span class='ocrx_word' id='word_1_144' title='bbox 802 3863 1006 3936; x_wconf 73' lang='lat' dir='ltr'><strong>Konopnuua</strong></span> <span class='ocrx_word' id='word_1_145' title='bbox 1037 3875 1140 3936; x_wconf 72' lang='lat' dir='ltr'><strong>upana</strong></span> <span class='ocrx_word' id='word_1_146' title='bbox 1171 3863 1295 3919; x_wconf 75' lang='lat' dir='ltr'><strong>Bucam·</strong></span> 
     </span>
     <span class='ocr_line' id='line_1_28' title="bbox 365 3961 1128 4038; baseline -0.007 -13"><span class='ocrx_word' id='word_1_147' title='bbox 365 3981 474 4035; x_wconf 73' lang='lat' dir='ltr'><strong>cnora,</strong></span> <span class='ocrx_word' id='word_1_148' title='bbox 497 3981 535 4022; x_wconf 78' lang='lat' dir='ltr'><strong>aa</strong></span> <span class='ocrx_word' id='word_1_149' title='bbox 560 3965 690 4021; x_wconf 78' lang='lat' dir='ltr'><strong>ubroao</strong></span> <span class='ocrx_word' id='word_1_150' title='bbox 714 3964 939 4038; x_wconf 68' lang='lat' dir='ltr'><strong>upopaoaenb</strong></span> <span class='ocrx_word' id='word_1_151' title='bbox 964 3979 983 4020; x_wconf 79' lang='lat' dir='ltr'><strong>u</strong></span> <span class='ocrx_word' id='word_1_152' title='bbox 1008 3961 1128 4038; x_wconf 71' lang='lat' dir='ltr'><strong>noroy.</strong></span> 
     </span>
    </p>
   </div>
   <div class='ocr_carea' id='block_1_8' title="bbox 201 4104 1288 4336">
    <p class='ocr_par' dir='ltr' id='par_1_9' title="bbox 201 4104 1288 4336">
     <span class='ocr_line' id='line_1_29' title="bbox 305 4104 1288 4216; baseline -0.001 -24"><span class='ocrx_word' id='word_1_153' title='bbox 305 4104 424 4214; x_wconf 78' lang='lat' dir='ltr'><strong>Quod</strong></span> <span class='ocrx_word' id='word_1_154' title='bbox 438 4111 637 4216; x_wconf 86' lang='lat' dir='ltr'><strong>prudenti</strong></span> <span class='ocrx_word' id='word_1_155' title='bbox 649 4110 743 4188; x_wconf 89' lang='lat' dir='ltr'><strong>viro</strong></span> <span class='ocrx_word' id='word_1_156' title='bbox 769 4109 957 4190; x_wconf 83' lang='lat' dir='ltr'><strong>Jacob</strong></span> <span class='ocrx_word' id='word_1_157' title='bbox 975 4137 1000 4190; x_wconf 95' lang='lat' dir='ltr'><strong>o</strong></span> <span class='ocrx_word' id='word_1_158' title='bbox 1028 4111 1067 4188; x_wconf 77' lang='lat' dir='ltr'><strong>‘l&#39;</strong></span> <span class='ocrx_word' id='word_1_159' title='bbox 1081 4137 1106 4192; x_wconf 92' lang='lat' dir='ltr'><strong>e</strong></span> <span class='ocrx_word' id='word_1_160' title='bbox 1119 4139 1139 4189; x_wconf 85' lang='lat' dir='ltr'><strong>e</strong></span> <span class='ocrx_word' id='word_1_161' title='bbox 1154 4117 1206 4188; x_wconf 82' lang='lat' dir='ltr'><strong>to</strong></span> <span class='ocrx_word' id='word_1_162' title='bbox 1234 4113 1288 4191; x_wconf 87' lang='lat' dir='ltr'><strong>de</strong></span> 
     </span>
     <span class='ocr_line' id='line_1_30' title="bbox 201 4230 1287 4336; baseline -0.005 -23"><span class='ocrx_word' id='word_1_163' title='bbox 201 4233 521 4335; x_wconf 73' lang='lat' dir='ltr'><strong>Tragurio,</strong></span> <span class='ocrx_word' id='word_1_164' title='bbox 548 4232 620 4335; x_wconf 87' lang='lat' dir='ltr'><strong>qui</strong></span> <span class='ocrx_word' id='word_1_165' title='bbox 646 4232 731 4313; x_wconf 90' lang='lat' dir='ltr'><strong>huc</strong></span> <span class='ocrx_word' id='word_1_166' title='bbox 759 4231 873 4311; x_wconf 83' lang='lat' dir='ltr'><strong>venit</strong></span> <span class='ocrx_word' id='word_1_167' title='bbox 898 4255 978 4334; x_wconf 93' lang='lat' dir='ltr'><strong>pro</strong></span> <span class='ocrx_word' id='word_1_168' title='bbox 1006 4237 1127 4336; x_wconf 83' lang='lat' dir='ltr'><strong>parte</strong></span> <span class='ocrx_word' id='word_1_169' title='bbox 1153 4230 1287 4309; x_wconf 82' lang='lat' dir='ltr'><strong>Res·</strong></span> 
     </span>
    </p>
   </div>
   <div class='ocr_carea' id='block_1_9' title="bbox 0 0 1632 5112">
    <p class='ocr_par' dir='ltr' id='par_1_10' title="bbox 0 0 1632 5112">
     <span class='ocr_line' id='line_1_31' title="bbox 0 0 1632 5112; baseline 0 0"><span class='ocrx_word' id='word_1_170' title='bbox 0 0 1632 5112; x_wconf 95' lang='lat' dir='ltr'><strong> </strong></span> 
     </span>
    </p>
   </div>
  </div>
 </body>
</html>
