3220 5118
136 620 217 696 alia
246 643 453 723 quaeque,
482 641 577 698 cum
606 616 756 720 quibus
782 617 860 718 ipsi
875 613 1026 694 Batnae
1042 625 1083 696 ct
1106 617 1227 698 dictis

135 739 243 816 iocis
276 742 365 817 suis
405 739 598 818 damnum
628 743 669 818 et
696 738 929 816 laesionem
968 736 1126 817 inferre
1153 763 1226 842 po·

41 889 45 900 ·
133 859 271 938 teritis
301 917 582 940 ........

217 989 219 994 ’
238 1001 339 1099 Quia
366 1001 704 1078 informationem
734 997 956 1088 habemus,
995 999 1226 1078 Balsam
1307 1031 1311 1038 ·

17 1150 20 1189 r
135 1123 274 1200 multis
304 1124 357 1200 de
386 1107 522 1200 causis
550 1124 644 1201 fore
673 1145 850 1202 exosum
878 1119 1001 1198 vaide
1035 1123 1224 1220 suismet,

134 1242 187 1318 de
218 1241 368 1344 quibus
396 1251 539 1322 essent
568 1248 610 1322 et
637 1243 950 1331 invenirentur,
978 1243 1048 1343 qui
1076 1249 1226 1320 eontra

15 1412 22 1435 .
134 1373 230 1437 eum
258 1369 541 1464 procurarent
568 1371 609 1441 et
637 1361 826 1444 facerent
860 1384 1055 1462 guerram
1084 1369 1127 1440 et
1154 1387 1224 1440 no·

131 1482 295 1569 vitatos,
326 1485 470 1560 ettam
499 1483 551 1560 de
579 1485 758 1562 dominis
786 1481 1155 1563 circumstantibus
1184 1493 1227 1564 et

130 1597 356 1696 nobilibus,
388 1623 509 1704 quam
538 1602 590 1679 de
613 1604 715 1701 aliis,
742 1604 934 1681 volumus
961 1602 1075 1704 quod
1103 1601 1223 1684 drbe·

132 1719 213 1798 atis
254 1707 368 1800 circa
408 1721 495 1802 boo
536 1725 649 1804 scire
691 1733 733 1804 et
759 1726 917 1802 sentire
945 1746 967 1799 a
997 1723 1157 1830 comite¹
1184 1731 1226 1802 et

131 1841 358 1943 capitaneo
401 1841 567 1921 Scutari
596 1902 806 1924 ......
836 1851 877 1922 et
912 1845 946 1922 si
983 1841 1226 1922 invencritis

130 1968 175 2038 et
203 1959 365 2040 babere
393 1963 587 2066 poteritis
616 1966 669 2042 de
696 1962 949 2067 praedietis,
989 1964 1060 2067 qui
1096 1965 1226 2043 veiint

130 2082 278 2162 tacere
315 2101 512 2183 guerram
541 2091 584 2160 et
610 2085 817 2162 novitates
836 2103 841 2118 ·
858 2111 882 2164 c
898 2108 923 2161 o
940 2111 964 2162 n
981 2091 1068 2162 tra
1107 2083 1141 2161 B
1158 2109 1181 2160 a
1196 2085 1223 2160 i·

128 2227 246 2282 sam
249 2260 495 2294 .......
521 2229 663 2284 sumus
687 2205 885 2296 contenti,
914 2207 1028 2308 quod
1055 2203 1225 2309 possitis

130 2325 378 2428 expendere
407 2326 522 2404 mille
550 2325 755 2415 ducatos,
795 2325 1080 2432 promittendo
1108 2347 1224 2428 prae·

129 2444 255 2523 dietis
283 2451 350 2523 etc
354 2501 636 2524 ........

429 2584 536 2650 Scor.
563 2585 677 2652 Cone.
699 2587 830 2674 Rogat.
853 2584 927 2651 Lib.
951 2585 1026 2652 vll.
1052 2585 1108 2650 ch.
1128 2575 1180 2651 ott.

341 2807 601 2908 CCXCV.
631 2833 745 2908 1419.
771 2833 833 2910 za.
861 2829 1011 2910 uati.

132 3021 270 3079 Hancne
306 2991 346 3078 ce
381 3036 546 3096 nanenany
578 3022 687 3096 uyaoa
720 3041 739 3080 n
763 3039 861 3099 uneay
896 3023 1151 3098 erumpemus,
1185 3041 1223 3097 ga

133 3143 235 3198 ureae
258 3127 453 3204 upopodnnn
476 3142 661 3202 rocnopape
692 3126 831 3188 Andania
868 3145 1020 3206 nporunn
1041 3129 1163 3188 Baame
1186 3145 1224 3186 ua

392 3229 566 3305 Maenacuy
590 3247 722 3306 espany.
747 3228 962 3314 (eupaterio.)
1094 3303 1096 3308 ι

236 3393 340 3475 Cum
369 3395 506 3500 pridie
535 3399 789 3478 auctoritate
804 3400 922 3478 istius
938 3398 1103 3478 consilii
1117 3419 1224 3476 man·

130 3514 271 3592 datum
301 3515 425 3595 fuerit
454 3517 675 3618 capitaneo
715 3525 863 3598 nostro
894 3519 1055 3622 Culpby
1083 3526 1126 3596 et
1154 3539 1223 3594 co.-

7 3687 9 3746 ,
130 3637 221 3713 miti
250 3641 294 3713 et
320 3638 537 3739 provisori
575 3645 791 3718 nostro
830 3638 1083 3729 Scutari,
1111 3637 1223 3740 quod

128 3779 209 3858 pro
239 3760 499 3839 removendo
527 3759 737 3838 Balsam
766 3759 815 3838 ab
843 3760 999 3840 insidiis
1027 3761 1223 3841 locorum

7 3943 8 3976 ἢ
128 3886 369 3956 nostrorum
399 3878 579 3982 partium
607 3881 923 3968 Albaniae,
950 3887 1124 3985 possent
1153 3906 1221 3958 ex·.

131 3997 319 4100 pendere
348 3999 389 4076 in
419 3999 598 4080 dominis
635 3999 1004 4082 circumstantibus
1041 4006 1084 4082 et
1108 3999 1222 4082 nobi·

130 4115 236 4196 tibus
267 4123 310 4198 et
337 4119 427 4198 aliis
456 4121 676 4226 personis,
713 4119 781 4222 qui
808 4123 999 4202 iacerent
1026 4144 1223 4222 guerram

135 4237 249 4318 dicto
261 4238 422 4331 Baisae,
437 4265 571 4345 usque
586 4237 760 4323 ducatos
776 4245 901 4331 mitte,
914 4267 1020 4346 quae
1033 4241 1221 4347 provisio

138 4367 253 4440 esset
294 4363 470 4440 muttum
496 4363 612 4442 utilis
641 4371 684 4464 et
711 4363 951 4452 fructuosa,
986 4362 1023 4440 si
1047 4357 1224 4441 haberet
