3230 5104
353 349 420 419 sos

352 563 434 638 tam
462 561 572 662 apud
600 560 817 638 Summum
858 559 1135 650 Pontificem,
1162 587 1287 664 quam
1319 563 1445 640 aliter

351 689 397 758 ut
425 705 530 783 opus
557 683 651 772 erit,
677 681 836 762 eisdem
864 683 1106 762 oratoribus
1135 685 1280 762 favere
1317 685 1444 762 debe·

352 809 405 894 at,
435 809 478 880 et
505 823 632 900 agere
659 825 738 904 pro
754 801 880 880 rebus
906 802 1018 890 suis,
1045 828 1130 881 non
1158 805 1294 881 minus
1321 829 1444 907 quam

350 944 431 1022 pro
447 921 601 998 nostris
628 921 827 1022 propriis.
842 921 889 998 ln
904 921 1049 1024 specie
1075 926 1214 1003 tamen
1228 922 1445 1002 videretur

350 1042 487 1130 nobis,
503 1040 616 1143 quod
645 1040 900 1119 asauotitate
929 1065 1003 1118 sua
1029 1043 1307 1144 implorarent
1333 1045 1445 1142 lega·

351 1172 417 1241 tos
447 1163 497 1242 sd
541 1163 858 1241 serenissimum
899 1165 1201 1266 imperatorem
1230 1175 1272 1244 et
1300 1165 1349 1242 ad
1379 1189 1445 1243 re·

349 1305 444 1381 gem
484 1284 714 1374 Bohemie,
753 1293 795 1363 et
821 1287 1066 1390 specialiter
1092 1287 1131 1364 in
1174 1285 1449 1387 Hungariam,

348 1412 394 1482 ut
411 1429 597 1506 regnum
625 1407 727 1484 illud
753 1409 946 1490 collectis
974 1408 1158 1510 undique
1184 1409 1355 1499 viribus,
1371 1409 1447 1485 eti·

348 1551 413 1604 am
441 1535 754 1628 consequenter
781 1552 957 1628 regnum
986 1529 1208 1608 maiestatis
1238 1528 1348 1628 regis
1361 1531 1446 1618 sui,

349 1651 400 1726 ab
430 1642 544 1726 omni
572 1651 763 1754 periculo
792 1660 836 1729 et
861 1653 1056 1732 molestia
1090 1652 1201 1728 tueri
1229 1649 1376 1754 possit.

367 1824 368 1834 ,
449 1757 987 1850 De'munieionibus
1017 1771 1206 1850 cruciate
1236 1795 1339 1872 quas
1370 1795 1447 1873 pe·

347 1897 437 1969 tunt
477 1891 682 1980 dicimus,
723 1895 835 1996 quod
863 1893 913 1970 ad
954 1892 1272 1995 requisitionem
1314 1899 1359 1968 et
1385 1893 1447 1968 in·

344 2012 536 2098 stantiam
566 2013 729 2088 Summi
765 2011 982 2091 Pontificis
1009 2012 1109 2088 alias
1138 2009 1229 2088 dari
1258 2011 1447 2088 fecimus

346 2130 481 2207 duci
508 2130 812 2235 Stephano
843 2140 982 2211 certas
1009 2133 1262 2210 munitiones
1289 2141 1445 2209 exter-

344 2252 402 2326 ris
431 2259 472 2330 et
489 2250 597 2329 locis
624 2254 783 2329 nostris
811 2251 1040 2345 Dalmacie,
1067 2252 1365 2353 credimusque
1395 2275 1445 2328 re

343 2395 458 2468 vera,
486 2371 601 2473 quod
630 2371 732 2450 nibil
760 2379 832 2449 aut
858 2397 1007 2475 parum
1036 2379 1171 2452 restet
1198 2399 1252 2452 ex
1279 2372 1355 2450 eis.
1388 2374 1446 2452 At

342 2515 447 2568 vero
475 2491 517 2568 in
545 2493 894 2594 complacentiam
928 2492 1058 2594 ipsius
1086 2491 1350 2569 serenissimi
1380 2517 1447 2570 re·

342 2613 415 2712 gis,
444 2612 512 2690 cui
539 2613 714 2690 multum
744 2611 977 2704 allicimur,
1005 2612 1195 2691 contenti
1222 2637 1365 2688 sumus
1394 2611 1445 2688 si·

342 2732 385 2808 bi
413 2731 525 2809 dono
554 2732 644 2834 dari
672 2731 812 2812 faeere
844 2731 1016 2812 balistas
1044 2734 1157 2810 n-ta
1185 2732 1355 2810 fulcitas
1375 2758 1448 2810 oa·

341 2852 425 2953 psis
452 2853 561 2932 .b.·ta
589 2831 917 2944 veretonorum‚
946 2863 990 2932 et
1018 2855 1167 2933 barilia
1195 2855 1306 2949 ‚ln-,ta
1350 2854 1444 2953 pul·

341 2974 452 3050 veris
483 2997 504 3050 n
533 2973 776 3052 bombarda.

436 3094 507 3172 ad
535 3103 698 3199 partem
726 3095 1206 3182 balistariorum,
1234 3117 1341 3199 quos
1369 3117 1440 3196 pe·

234 3311 240 3325 x
337 3203 443 3302 tunt,
470 3216 674 3294 vellemus
708 3215 908 3317 prolecto
950 3217 1222 3296 serenissimo
1263 3214 1441 3293 domino

340 3359 418 3413 suo
447 3337 643 3439 possein
672 3336 798 3414 rebus
829 3337 1024 3415 omuibus
1053 3338 1339 3439 complacere,
1369 3335 1443 3412 eti·

340 3479 404 3532 am
431 3457 605 3560 propris
645 3457 802 3535 nostris
842 3459 1038 3560 expensis
1050 3485 1064 3548 3
1104 3460 1179 3536 sed
1208 3461 1254 3533 ut
1280 3465 1442 3534 norunt

340 3577 491 3654 tamin
533 3585 689 3655 armata
730 3587 899 3667 nostro,
937 3603 1061 3682 quam
1105 3580 1146 3657 in
1175 3575 1265 3656 aliis
1292 3575 1440 3650 multis

337 3697 665 3799 provisionibus,
695 3700 984 3789 munitionum,
1010 3698 1256 3778 victualium
1284 3701 1327 3774 et
1340 3718 1441 3794 gen·

337 3815 439 3892 tium
467 3818 699 3918 positarum
728 3818 769 3893 in
798 3819 923 3894 terris
952 3826 994 3896 et
1023 3817 1131 3904 loeis
1165 3816 1323 3894 nostris
1350 3813 1440 3894 lini·

336 3937 445 4014 timis
471 3935 630 4024 Turno,
658 3939 861 4016 maximas
889 3961 1099 4038 expensas
1133 3938 1331 4040 patimur.
1370 3933 1441 4012 Ex

337 4057 724 4158 quibus·0mnibus
763 4083 962 4157 rogamus
1012 4061 1333 4138 serenissimum
1374 4079 1439 4132 re-

335 4197 430 4273 gem
456 4203 604 4266 suum,
641 4186 685 4256 ut
713 4204 791 4258 nos
818 4181 973 4258 babeat
1012 4186 1306 4284 supportetos.
1349 4175 1441 4256 sed
