3212 5116
327 389 393 461 zu

191 688 193 696 Ι
331 605 408 681 bus
435 600 584 679 melius
610 602 759 704 potuit,
787 625 840 677 ex
867 623 947 677 una
973 609 1121 704 parte.
1151 609 1193 679 ot
1220 625 1414 681 reveren·

330 728 408 804 dus
434 731 556 828 pater
582 723 773 802 dominus
807 722 1070 801 lohanes
1095 723 1190 806 ,dei
1219 724 1415 824 gratia

328 843 736 943 Vorganensis
778 843 1129 945 episcopus,
1174 841 1415 920 amboni·

330 971 476 1062 ator,
509 967 975 1068 procurator,1et
1012 965 1414 1063 negociorum

260 1147 267 1159 .
330 1083 1083 1188 gestorexcellentissimi
1121 1083 1416 1186 principis

331 1205 645 1291 etdomini,
681 1203 899 1281 domini
942 1203 1144 1281 llaroli
1185 1203 1413 1305 Topiae

311 1322 1312 1428 'Albanieprincipisetn11rachii
1351 1325 1415 1404 do

330 1445 456 1522 mini
484 1451 621 1524 etcet.
649 1445 700 1521 ad
727 1444 991 1546 infrascripta
1019 1451 1062 1522 et
1077 1445 1155 1521 alia
1172 1444 1416 1523 exercenda

331 1565 572 1668 specialiter
600 1565 861 1649 constitutus,
890 1571 935 1642 ut
962 1570 1127 1642 constat
1167 1566 1415 1643 instrumen-

329 1695 372 1762 to
400 1683 571 1788 publico
600 1687 760 1789 scripto
804 1709 924 1762 manu
952 1685 1154 1762 Liberalis
1182 1684 1234 1760 de
1272 1684 1416 1761 Baohi·

329 1804 391 1880 nis
419 1806 471 1883 de
499 1805 709 1891 Ferraria,
736 1804 894 1909 publici
921 1804 1123 1909 imperiali
1164 1805 1415 1883 auctoritate

329 1925 506 2017 notarii,
549 1923 844 2028 suprascriptis
872 1947 992 2014 anno,
1025 1932 1068 2002 et
1095 1923 1320 2009 indicione,
1348 1923 1416 2000 die

327 2065 431 2120 vero
459 2043 595 2146 primo
610 2044 765 2122 mensis
792 2042 906 2131 Julii,
934 2068 957 2120 a
985 2067 1051 2120 me
1080 2043 1247 2122 notario
1276 2043 1417 2119 infras-

330 2165 466 2265 cripto
494 2166 585 2242 viso
637 2173 680 2244 et
707 2168 847 2255 lecto,
887 2165 1188 2269 procuratorio
1242 2163 1415 2242 nomine

328 2283 479 2386 prelati
507 2284 664 2362 domini
693 2283 844 2373 liaroli,
860 2293 902 2363 ct
927 2283 1120 2361 omnibus
1146 2283 1293 2372 modis,
1304 2287 1416 2382 jure,

331 2405 468 2482 forma
495 2413 538 2483 et
565 2429 690 2484 causa
717 2405 865 2509 quibus
894 2407 1039 2484 melius
1065 2405 1215 2509 potuit,
1242 2429 1296 2482 ex
1323 2429 1414 2507 par-

329 2533 370 2604 te
397 2525 526 2602 altera
553 2527 604 2603 ad
631 2525 898 2631 infrascripta
926 2534 1059 2631 pacta,
1095 2524 1416 2612 conventiones,

328 2647 645 2748 promissiones,
673 2655 715 2724 et
742 2647 1019 2747 obligationes
1049 2644 1322 2724 concorditer
1348 2645 1416 2724 de·

327 2773 556 2856 venerunt,
585 2768 795 2848 videlicet.
837 2769 1043 2848 Primo:
1070 2769 1182 2847 idem
1223 2769 1415 2845 ambaxa·

329 2895 398 2967 tor
426 2896 469 2966 et
494 2899 748 2994 procurator
786 2891 886 2968 dicti
913 2891 1068 2968 domini
1098 2889 1255 2967 'llaroli
1299 2888 1413 2966 dioto

328 3011 498 3087 nomine
534 3019 684 3112 sponte
723 3011 896 3100 obtulit,
939 3011 1132 3113 promisit
1173 3016 1214 3085 et
1254 3006 1412 3108 obliga·

329 3132 388 3208 vit
415 3129 608 3208 eumdem
645 3132 856 3210 dominum
897 3131 1122 3216 liarolum,
1165 3132 1281 3231 quod
1321 3130 1415 3230 ipse

328 3251 523 3327 dominus
552 3251 730 3327 liarolus
758 3251 897 3329 solvet
936 3251 1101 3352 prelato
1143 3249 1316 3326 domino
1344 3250 1414 3326 du·

329 3369 368 3449 oi
396 3375 439 3448 et
467 3371 634 3450 comuni
674 3373 962 3459 Venetiarum,
992 3371 1181 3472 quolibet
1209 3391 1316 3446 anno
1345 3369 1414 3446 du·

329 3499 445 3570 catos
473 3499 700 3572 sexcentos
730 3492 831 3582 auri,
858 3516 935 3594 pro
965 3481 1414 3594 qualibet‘guerrage·

327 3612 461 3688 nerali
489 3611 618 3714 ipsius
646 3611 804 3688 domini
832 3611 950 3690 ducis
979 3618 1021 3687 el
1049 3610 1237 3688 comunis
1276 3611 1413 3684 Vene-

326 3733 475 3810 tiarum
494 3731 667 3808 durante
684 3733 772 3836 ipsa
790 3755 936 3832 guara.
961 3730 1171 3810 Secund
1186 3755 1225 3807 o:
1253 3727 1414 3813 obtulit,

328 3861 370 3930 et
410 3851 602 3952 promisit
643 3854 756 3932 dicto
800 3853 991 3944 nomine,
1035 3851 1147 3955 quod
1188 3853 1222 3928 si
1264 3849 1415 3927 ducale

327 3973 555 4052 dominium
599 3985 640 4056 et
670 4002 850 4054 comune
890 3977 1164 4054 Venetiarum
1205 3973 1322 4048 volet
1349 3969 1413 4044 ha·

326 4093 429 4172 bere
472 4103 644 4176 tractam
688 4100 882 4176 frumenti
921 4098 961 4174 in
1002 4096 1186 4173 dominio
1228 4091 1414 4190 ejusdem

328 4213 485 4293 domini
513 4217 666 4308 liaroli‚
697 4221 786 4326 ipsc
814 4219 1005 4298 dominus
1046 4215 1223 4294 llarolus
1263 4235 1413 4291 conoe·
