3234 5116
357 325 420 418 mo

357 537 461 616 ionis
488 534 667 612 salutem
696 537 739 610 et
764 531 932 609 sincera
961 532 1202 612 dilectionis
1234 531 1449 616 ansatum.

355 653 600 760 Expositum
620 659 662 730 et
675 652 952 758 supplicatum
982 663 1046 732 est
1074 661 1222 732 nostro
1242 655 1447 740 dominio.

355 787 583 882 propante
625 773 940 874 magnifici
983 787 1024 852 ot
1066 775 1449 878 potentisdo·

356 897 494 976 mini
524 895 1018 994 San'daili,magni
1048 896 1316 996 vayvode
1345 917 1453 992 oeg-

355 1019 401 1098 ni
432 1017 654 1095 Bossine
683 1023 763 1094 eto.
784 1015 898 1116 quod
915 1039 1011 1092 oum
1028 1015 1128 1094 anas
1152 1025 1345 1116 tempore
1367 1013 1454 1092 feli·

356 1139 416 1215 ois
433 1135 743 1216 recordationis
760 1133 933 1212 illustris
947 1135 1105 1212 domini
1133 1137 1176 1212 Μ
1192 1136 1202 1210 i
1219 1161 1242 1210 c
1258 1135 1320 1214 ho
1335 1161 1359 1212 e
1376 1137 1388 1212 l
1405 1135 1418 1211 i
1434 1163 1455 1212 s

355 1257 496 1338 Sten
515 1281 567 1347 o,
593 1258 866 1336 venetiarum
898 1261 978 1334 otc.
1006 1255 1148 1344 duois,
1177 1255 1314 1334 eidem
1343 1281 1452 1356 mag·

356 1380 483 1460 niiioo
521 1379 692 1456 domino
723 1377 890 1456 Sandaii
918 1403 1170 1456 conoessum
1211 1377 1288 1456 init
1328 1379 1455 1482 privi-

256 1483 261 1498 '
356 1500 510 1600 legium
542 1501 608 1578 'do
638 1497 836 1596 dignitate
878 1500 1015 1576 nostri
1055 1499 1225 1578 maionis
1267 1498 1453 1600 consilii,

357 1621 406 1700 sd
449 1645 575 1723 qnam
616 1621 796 1696 onndem
847 1617 1114 1716 magnificum
1155 1618 1368 1696 dominum
1409 1623 1456 1695 el

355 1765 457 1818 suos
488 1739 703 1836 legitimos
730 1736 862 1824 filios,
902 1738 942 1814 in
980 1761 1159 1816 numano
1203 1748 1453 1816 ceterorum

354 1859 557 1942 nobilium
588 1857 723 1936 nostri
743 1855 914 1936 maioris
943 1858 1109 1935 consilii
1131 1864 1299 1936 constat
1320 1861 1456 1938 solon·

355 1981 467 2058 nitar
503 1984 803 2079 aggregatum,;
844 1984 886 2054 st
913 1975 1180 2077 privilegium
1209 1977 1454 2078 prodicium

356 2098 582 2182 casualiter
608 2097 661 2178 sit
689 2098 899 2193 amissum,
917 2077 1187 2196 dignaremur
1214 2098 1315 2176 iliud
1344 2098 1384 2176 in
1401 2123 1455 2177 aa

356 2223 517 2316 sonmo,
559 2243 640 2320 qun
669 2218 769 2296 alias
798 2219 878 2318 ipsi
906 2219 1078 2297 domino
1109 2217 1185 2298 fnit
1213 2220 1456 2322 elargitum.

355 2343 444 2430 sibi¹
464 2343 609 2422 iacere
653 2343 906 2444 pnnotaiiten
934 2345 1142 2424 innovari.
1195 2345 1280 2424 Nos
1308 2357 1454 2425 autam

356 2465 685 2579 implicationem
723 2463 911 2540 eiusdem
941 2464 1097 2543 domini
1127 2471 1248 2568 parte
1277 2489 1454 2570 ponoen-

354 2591 451 2673 tam‚
466 2583 614 2660 iustam
643 2609 735 2662 osse
753 2591 988 2681 comentes,
1019 2585 1119 2661 visis
1141 2585 1258 2664 libris
1286 2587 1453 2666 oancoi·

357 2703 459 2782 ianie
489 2711 649 2792 nostre,
677 2705 717 2782 in
748 2707 901 2805 quibus
931 2705 1066 2782 forma
1103 2707 1205 2785 dicti
1235 2709 1451 2811 privilegii

357 2831 422 2904 esi
448 2835 605 2910 notata,-
633 2824 918 2904 mandavimus
947 2828 1082 2930 ipsum
1100 2829 1366 2931 privilegium
1396 2833 1453 2910 de

355 2973 467 3026 novo
486 2947 602 3025 refici
625 2948 670 3028 in,
688 2945 959 3050 subsequenti
990 2949 1139 3043 forma,
1157 2956 1284 3051 pnont
1313 2951 1452 3028 eidem

354 3069 527 3146 domino
545 3067 684 3146 fuerat
709 3067 815 3144 alias
843 3068 1078 3167 elargitum,
1105 3078 1147 3145 et
1164 3071 1277 3146 bolla
1305 3079 1453 3148 nostra
1597 3125 1598 3142 a

264 3197 267 3206 '
356 3211 481 3265 annea
512 3187 833 3264 communiriin
853 3189 1104 3265 evidentiam
1133 3191 1454 3290 premissorum,
1597 3239 1598 3246 κ

356 3309 475 3387 cuius
513 3305 679 3410 quidem
720 3305 929 3410 privilegii
960 3317 1087 3384 tanon
1123 3332 1202 3411 pon
1231 3309 1370 3387 omnia
1399 3313 1452 3387 in-

359 3429 408 3506 iis
437 3433 521 3505 ost:

417 3547 715 3628 ‘Michaei
758 3545 948 3626 Stono
989 3549 1216 3649 daignatia
1256 3552 1341 3627 dux
1369 3552 1450 3628 Vo-

356 3669 558 3748 natianum
589 3677 669 3746 nio.
698 3666 912 3745 Univansis
935 3669 1165 3770 etsinguiis
1194 3677 1274 3746 tam
1304 3671 1452 3748 amicis

355 3811 475 3888 qnam
505 3787 696 3866 fidelibus
725 3793 809 3865 otc.
843 3789 1235 3892 proutinprosenti
1264 3789 1372 3867 libro
1402 3791 1452 3866 ad

356 3916 513 3990 cartam
544 3916 710 3988 cantum
739 3909 957 4006 sexaginta
986 3919 1101 3986 onio.
1143 3955 1188 3966 -
1226 3907 1448 3988 Reiectum

357 4037 570 4108 autemst
610 4032 878 4122 innovatum,
920 4053 1030 4108 anno
1073 4031 1285 4112 dominico
1319 4029 1451 4110 innan·

355 4149 536 4250 nationis
558 4149 779 4229 millesimo
809 4149 1220 4254 quadringentesimo
1236 4150 1455 4250 vigesimo
