3224 5110
1213 385 1285 456 ,w

189 591 328 668 citiam
357 597 540 671 nostram
570 594 804 682 hortamur,
832 591 946 695 quod
973 593 1061 670 eius
1078 595 1281 674 serenitas

187 713 324 816 ipsum
353 715 495 792 iocum
525 719 565 794 in
594 743 641 795 se
669 722 834 801 teneat,
874 739 968 796 nam
1004 718 1210 794 existente
1237 719 1278 794 in

184 833 372 911 manibus
388 838 487 922 suis,
503 836 541 914 in
558 837 712 914 nostris
739 835 875 939 ipsum
904 861 997 914 esse
1027 843 1280 939 reputamus.

183 953 235 1030 lit
262 957 315 1032 dc
343 957 640 1037 informatione
669 979 791 1060 qnam
814 959 895 1045 dat,
924 959 1035 1060 quod
1066 957 1279 1034 serenissi-

184 1101 276 1152 mus
302 1101 398 1156 rex
426 1076 751 1179 Aragouu'm
778 1080 885 1182 petit
912 1079 1071 1156 saivum
1101 1078 1280 1156 conduc·

185 1205 277 1276 tum·
298 1223 378 1300 pro
407 1200 493 1278 suis
535 1200 775 1280 oratoribus
803 1207 847 1278 et
873 1201 1037 1278 nuntiis·
1070 1198 1280 1276 mittendis

185 1320 225 1397 in
254 1319 532 1419 Hungariam‚
575 1324 665 1400 eius
704 1321 919 1403 serenitati
960 1321 1183 1424 plurimum
1219 1343 1281 1394 rc·

187 1441 418 1540 gratiamur
451 1448 494 1520 et
520 1444 722 1533 dicimus,
765 1445 875 1546 quod
899 1467 999 1529 ¹non
1036 1433 1282 1527 dubitamus,
1420 1513 1424 1526 ,

187 1561 299 1662 quod
342 1565 642 1642 convenienter
681 1564 759 1668 ipsi
800 1564 890 1664 regi
932 1561 1200 1666 responderit
1233 1585 1283 1639 ac

187 1685 301 1783 quod
330 1709 377 1761 se
406 1681 657 1784 gubernabit
684 1708 761 1786 per
789 1683 971 1772 modum,
999 1681 1070 1784 qui
1097 1704 1180 1758 non
1214 1679 1281 1756 ha·
1364 1750 1367 1760 ,

79 1887 89 1908 ⁰
187 1803 303 1880 bebit
343 1805 571 1884 convicinis
600 1811 643 1884 et
670 1807 816 1885 amieis
857 1805 943 1918 suis
983 1801 1137 1906 aliquid
1170 1827 1282 1882 scan-

187 1920 324 2002 dalum
352 1946 574 2022 generare.
1205 1913 1207 1923 '

288 2043 352 2124 Ad
380 2044 596 2124 secund
613 2071 639 2122 u
655 2071 694 2123 m
724 2045 778 2124 de
792 2046 1103 2124 mercatoribus
1117 2043 1284 2131 nostris,

189 2164 522 2268 respondeatur,
562 2165 676 2269 quod
717 2168 757 2243 in
797 2167 1143 2271 complacentiam
1185 2187 1285 2242 suae

187 2285 427 2364 serenitatis
467 2289 602 2388 parati
644 2309 812 2376 sumus,
851 2286 1019 2366 suaderi
1061 2293 1104 2364 et
1143 2281 1285 2362 induci

189 2403 331 2483 iacere
371 2415 638 2486 mercatores
681 2415 881 2494 nostros,
908 2412 955 2483 ut
982 2403 1032 2483 ad
1062 2403 1157 2485 ioca
1185 2426 1285 2481 suae

188 2523 425 2604 serenitatis
453 2527 658 2605 accedant
675 2533 727 2604 et
755 2533 1078 2616 conversentur,
1105 2545 1191 2602 non
1216 2521 1285 2600 du·

189 2642 384 2737 bitantes,
412 2645 525 2746 quod
554 2644 797 2748 providebit
825 2645 874 2722 ad
904 2669 1053 2725 corum
1083 2643 1284 2725 securita·
1348 2647 1351 2656 ’

189 2771 301 2866 tem,
325 2788 375 2842 ac
403 2765 514 2866 quod
556 2763 737 2844 humane
764 2771 809 2845 ct
835 2764 943 2844 bene
983 2763 1205 2845 videantur
1232 2773 1288 2844 at·

190 2909 272 2987 que
298 2890 544 2966 tractentur.

291 3003 355 3082 Ad
398 3006 648 3085 tercium
692 3007 745 3084 de
785 3004 1023 3084 concordio
1065 3029 1145 3084 suo
1187 3025 1282 3082 cum

189 3123 226 3201 'l'
241 3149 265 3200 e
280 3149 306 3201 u
323 3149 382 3203 cr
399 3149 436 3214 o,
464 3115 783 3228 respondeatur,
798 3124 909 3228 quod
927 3131 1170 3227 optaremus
1183 3147 1288 3201 sem·

189 3267 268 3348 per
295 3243 436 3323 iacere
463 3269 591 3348 posse
620 3244 785 3337 omnia,
813 3265 921 3346 quae
957 3251 1074 3344 grata
1103 3249 1146 3321 et
1173 3263 1286 3320 com·

190 3364 315 3442 moda
352 3371 494 3444 esseut
533 3363 613 3467 ipsi
654 3363 925 3442 serenissimo
965 3362 1137 3440 domino
1180 3361 1286 3458 regi.
1442 3393 1444 3398 ·

190 3485 266 3564 sed
295 3483 335 3562 ei
363 3485 625 3581 denotamus,
655 3485 767 3584 quod
796 3483 980 3561 nundum
1009 3482 1050 3559 in
1069 3501 1287 3584 paeecum

189 3591 360 3682 Teucro
387 3627 542 3692 sumne
568 3601 643 3680 sed
671 3610 928 3681 occurrente
958 3623 1084 3691 casu,
1122 3621 1206 3700 quc
1235 3597 1287 3677 ad

192 3745 341 3828 pacem
371 3740 468 3802 cum
495 3721 587 3825 ipso
604 3719 1091 3806 Teucrodcveniamus,
1118 3741 1289 3820 semper

193 3846 487 3948 repperiemur
515 3842 818 3948 promptissimi
844 3843 985 3919 iacere
1013 3863 1091 3942 pro
1120 3839 1290 3918 eiusse«

194 3965 374 4044 recitate
403 3963 605 4066 quicquid
633 3962 736 4042 boni
762 3962 888 4040 nobis
914 3959 1120 4064 possibile
1149 3961 1242 4038 erit.

296 4077 601 4166 Adiectum
630 4083 806 4186 pratice,
834 4103 959 4184 quam
988 4079 1089 4158 dicit
1105 4082 1289 4160 sensisse

195 4230 273 4283 nos
300 4210 446 4286 tenere
475 4228 570 4282 cum
599 4201 746 4282 banc
784 4201 990 4292 Pireo,
1025 4199 1288 4280 babendiex
