3224 5110
332 537 571 677 piscopi
614 569 1025 669 lisgusiensis
1065 571 1428 676 legatiapostoli·

333 694 372 771 ci
400 694 469 772 hic
497 692 733 780 existentis,
761 716 884 793 quam
913 691 1033 768 aliter
1060 693 1323 772 sanctitatem
1362 718 1432 770 ve·
1589 701 1591 760 ἴ

332 819 461 894 stram
491 819 586 891 onte
629 812 703 890 ha·
741 811 918 892 forsitan
959 813 1196 912 intelligere
1236 815 1431 916 potuisse

334 933 1286 1014 horrendumetinfeiicissimnm
1339 957 1431 1010 ca·

332 1081 442 1133 sum
471 1057 679 1134 urbium
722 1054 1248 1158 Constantinopolis
1276 1053 1429 1132 etPe·

334 1201 437 1265 rae,
466 1197 599 1278 quas
636 1174 1049 1262 immanissimus
1090 1175 1429 1255 Teucrorum

337 1297 660 1398 imperator
689 1319 800 1372 cum
830 1293 1430 1374 maximanristinno·

334 1441 453 1494 rum
495 1423 698 1516 straga
738 1415 993 1517 subegit.
1050 1416 1154 1495 Cum
1191 1423 1329 1496 tamen
1356 1439 1429 1492 res

330 1539 420 1625 istc,
449 1543 533 1615 tam
563 1538 704 1638 gravis
734 1543 904 1642 tamque
934 1538 1178 1640 periculosa
1192 1538 1257 1626 sit,
1286 1543 1429 1616 ulma·

330 1661 392 1760 gis
421 1683 517 1738 esse
547 1683 630 1738 non
660 1661 807 1764 possit,
837 1660 969 1739 officii
993 1645 1149 1738 ¹nostri
1190 1673 1286 1738 esse¹
1313 1668 1429 1764 puts·

330 1783 479 1868 vimus,
533 1779 780 1860 beatitudini
819 1789 960 1860 vestre
1009 1789 1219 1884 tamquam
1262 1805 1429 1861 sommo

332 1901 659 1980 christianorum
688 1901 882 2006 principi,
911 1901 1147 1980 incredibili
1190 1901 1433 1980 amaritudi-

330 2046 383 2098 ne
411 2021 562 2098 mentis
591 2029 737 2100 nostre
773 2025 1013 2100 renuntiare
1056 2021 1268 2100 excidium
1309 2021 1430 2100 lacri-

331 2141 484 2220 mabile
514 2143 679 2220 urbium
704 2145 944 2221 earundem.
974 2141 1129 2218 Sumus
1144 2141 1268 2220 variis
1290 2141 1430 2220 modis

331 2262 429 2342 iacti
456 2252 680 2352 certiores,
708 2265 924 2342 'l'eucrum
953 2263 1089 2366 ipsum
1120 2263 1259 2342 crucis
1282 2287 1429 2367 perse·

332 2391 526 2462 notorem
553 2389 618 2462 28.
646 2381 745 2463 Maii
774 2408 911 2488 nuper
938 2383 1080 2472 elinxi,
1109 2383 1322 2462 civitatem
1350 2385 1427 2462 Pe·

332 2525 378 2578 re
408 2509 503 2605 post
531 2505 813 2604 asperrimum
844 2503 1001 2583 bellum
1019 2503 1428 2606 illatumsuoimpc-

330 2623 395 2700 rio
422 2623 682 2722 subiugnsse,
709 2625 903 2706 omnibu·
930 2624 1203 2710 christicolis,
1231 2625 1284 2703 ab
1309 2623 1431 2703 annis

330 2767 406 2822 sex
434 2769 561 2848 supra
590 2747 708 2824 inea
740 2750 920 2852 repertis
961 2747 1101 2846 gladio
1143 2747 1343 2849 nequiter
1371 2749 1430 2824 in·

331 2869 587 2970 terremptis.
642 2868 718 2945 Die
753 2895 859 2947 vero
900 2869 1096 2971 sequenti
1138 2868 1339 2948 videlicet
1362 2873 1430 2949 29·

330 2990 544 3068 debellato
573 2999 699 3093 portu
730 2990 1130 3093 Constantinopolis,
1146 2989 1344 3092 omnique
1360 3015 1431 3090 ge·

331 3133 434 3186 nere
478 3114 787 3186 tormentorum
828 3109 1105 3199 bellicorum,
1148 3109 1251 3188 mari
1287 3115 1422 3187 terra·

330 3255 413 3333 que
443 3233 611 3310 civitate
640 3232 731 3336 ipsa
762 3241 1013 3336 expugnata,
1041 3231 1210 3310 tandem
1243 3257 1338 3308 eam
1366 3235 1426 3309 in·

332 3349 529 3428 credibili
585 3351 706 3430 clade
761 3353 942 3441 devicit,
990 3352 1081 3456 pari
1122 3351 1251 3428 modo
1295 3352 1428 3428 omni·

332 3470 409 3546 bus
438 3468 715 3558 Christianis,
759 3469 809 3549 ab
837 3473 956 3550 annis
983 3497 1059 3552 sex
1089 3495 1235 3577 supra,
1273 3471 1430 3572 ubique

330 3590 509 3670 inventis
541 3591 834 3670 crudelissime
863 3593 1094 3676 trucidatis.
1147 3592 1296 3692 Quanti
1340 3615 1426 3668 mo·

331 3711 460 3789 menti
490 3713 721 3815 quantane
736 3715 941 3816 ponderis
966 3711 1428 3818 incomprehensibilis·

291 3849 295 3856 ·
331 3831 661 3912 clementissime
702 3843 839 3937 pater,
866 3859 935 3912 res
964 3837 1041 3915 isla
1070 3835 1334 3952 diiudicanda
1362 3833 1428 3918 sit,

257 3943 263 3954 ’
331 3953 671 4057 quandoquidem
684 3958 813 4034 totius
830 3954 1056 4036 Christiani
1079 3955 1261 4036 nominis
1274 3961 1425 4032 statum

325 4083 373 4170 ,et
399 4075 525 4156 vitam
553 4086 826 4164 concernunt.
856 4080 1081 4158 certissimi
1109 4101 1252 4156 sumus
1274 4077 1428 4156 sancti·

330 4199 457 4276 tatem
486 4203 669 4276 uestram
698 4199 989 4299 longemelius
1017 4199 1272 4300 intelligere,
1304 4219 1429 4300 quam
