3230 5104
1192 373 1302 444 ‚m

170 589 543 680 oneraretis,
571 587 1268 692 aceepitConstantinopo

172 712 291 802 iim;
332 723 375 791 et
401 711 481 790 seit
508 709 737 788 dominatio
772 716 925 811 quanta
967 705 1043 784 init
1080 703 1269 809 potentio

79 863 81 868 ·
170 841 212 910 et
252 833 393 908 divitia
424 832 579 910 domini
613 834 678 908 de
705 829 866 931 sputi
893 830 1162 920 serviae,
1192 828 1269 905 sed
1351 836 1352 839 ‘

171 952 297 1029 etiam
326 969 417 1027 non
436 951 574 1052 potuit
602 950 756 1028 satiare
787 973 882 1025 eum
925 973 1006 1025 uec
1035 947 1074 1023 ei
1102 947 1267 1024 resiste·

170 1098 231 1165 re,
258 1070 495 1170 subiugavit
525 1094 641 1158 oam;
680 1069 775 1146 dein
807 1075 1112 1172 postmortem
1142 1068 1267 1146 onmi-

172 1193 221 1268 tis
251 1191 284 1268 B
300 1193 311 1267 i
329 1217 388 1268 an
406 1193 471 1270 oh
490 1177 523 1268 o·¹
547 1193 773 1293 occupauit
787 1195 918 1267 totam
946 1189 1268 1276 Vatachiam,

172 1338 277 1415 quae
316 1311 485 1389 tenebat
528 1335 620 1386 eum
670 1308 980 1407 Huogaria
1022 1310 1089 1386 cui
1131 1310 1267 1391 adhue

173 1433 422 1528 dominatum
451 1431 544 1508 dein
572 1432 797 1532 occuparit
840 1429 882 1504 Μ
899 1455 923 1504 o
943 1453 1036 1506 rea
1053 1456 1092 1507 m
1127 1441 1167 1510 et
1207 1441 1267 1508 to-

170 1565 258 1634 tum
287 1555 378 1631 eius
407 1553 649 1630 dominium.
690 1582 694 1592 ·

271 1675 386 1753 Nunc
427 1675 708 1778 apropinqvat
743 1685 908 1778 tempus
949 1677 1019 1754 ubi
1070 1699 1137 1750 me
1180 1675 1268 1751 vuit

59 1863 60 1866 ,
168 1797 389 1884 devorare,
420 1795 478 1870 uti
504 1800 569 1872 tot
597 1794 701 1872 aiios
744 1794 954 1898 principes
985 1801 1027 1870 et
1054 1796 1264 1882 domin0s;

168 1916 262 2019 quio
290 1917 426 1994 nostri
474 1916 641 1993 termini
671 1941 754 1993 non
797 1927 892 1994 sunt
934 1917 1070 2018 magui
1099 1923 1266 1993 montes

168 2063 304 2141 nequo
350 2061 524 2138 maguae
565 2063 724 2140 aquae,
767 2049 807 2114 et
835 2039 906 2114 iiie
936 2037 1023 2114 vuit
1066 2036 1265 2144 occidere
1325 2071 1331 2086 ·

168 2183 313 2236 omnes
343 2183 450 2259 quos
481 2159 649 2256 poterin
675 2159 774 2236 ideo
804 2183 897 2235 mea
927 2157 1048 2236 unica
1075 2183 1173 2259 spes
1202 2165 1266 2234 est

169 2279 209 2355 in
239 2283 380 2356 vestra
408 2278 605 2376 signoria,
642 2289 683 2354 et
712 2301 820 2376 rogo
850 2261 985 2355 velitis
1026 2275 1126 2374 mihi
1165 2279 1265 2354 dare

166 2397 382 2476 castelium
411 2399 600 2500 aliquod,
644 2401 756 2500 quod
785 2405 849 2476 est
876 2397 915 2476 in
946 2399 1076 2478 maris
1119 2397 1267 2490 insuta,

166 2519 233 2596 vel
262 2520 297 2594 si
326 2543 407 2594 oon
438 2541 543 2618 ergo
573 2518 762 2608 insulam,
791 2519 850 2596 uti
877 2519 1169 2605 hiesum,
1199 2517 1265 2595 vei

167 2639 419 2724 Bonnam,
448 2639 513 2714 rei
547 2661 872 2739 quamcumque,
904 2645 946 2716 ut
974 2641 1135 2740 possim
1163 2639 1265 2719 illue
1373 2641 1375 2646 '

167 2759 329 2834 salvere
359 2783 479 2834 meos
510 2757 618 2835 titios
650 2765 692 2834 et
719 2757 922 2848 subditos3
951 2767 992 2836 et
1007 2762 1041 2836 si
1058 2785 1142 2837 non
1173 2785 1265 2861 pos-

165 2875 218 2955 sit
245 2877 365 2954 aliter
391 2875 493 2962 fieri,
526 2881 609 2956 ruit
641 2879 810 2956 solvere
840 2901 919 2982 pro
937 2904 999 2956 ea.
1056 2879 1066 2892 “

267 2997 602 3102 Respondentur:
618 2999 735 3096 erod
756 3001 977 3100 diligentes
993 3003 1182 3078 fraterne
1201 3025 1267 3074 ex·

167 3119 401 3198 eeiientiam
414 3117 571 3196 domini
583 3119 659 3212 sui,
671 3147 811 3198 sumus
825 3129 865 3198 et
882 3122 1151 3223 reperiemur
1165 3143 1266 3196 sem·

168 3263 244 3336 per
273 3240 458 3341 prompti
495 3239 535 3316 in
580 3240 773 3318 omnibus
800 3239 1149 3322 concernentibus
1178 3239 1267 3319 eius

164 3357 373 3436 honorem
392 3369 434 3438 et
449 3365 684 3452 commoda3
698 3363 731 3440 si
748 3363 845 3465 qnid
861 3389 965 3442 vero
996 3361 1267 3441 dubitationis

165 3487 233 3557 aut
260 3481 479 3560 molestiae
516 3482 592 3557 sibi
636 3483 827 3562 occurrit
867 3491 1064 3588 respectu
1107 3480 1264 3561 domini

164 3598 316 3684 Turni,
359 3599 399 3676 id
443 3601 565 3678 nobis
594 3661 601 3676 .
632 3657 641 3677 .
670 3661 678 3676 .
712 3659 721 3679 .
762 3627 1021 3708 magnopere
1062 3603 1268 3708 displicet,

165 3723 239 3799 sed
269 3721 517 3802 confidimus
548 3725 588 3802 iu
619 3723 806 3803 bonitate
835 3725 984 3816 divina,
1024 3727 1159 3828 quod.
1188 3783 1198 3804 .
1227 3786 1282 3806 ...

164 3867 420 3922 conservare
448 3843 628 3922 studebit
656 3853 806 3924 statum
822 3871 955 3934 suum,
981 3845 1088 3926 sicui
1113 3847 1264 3926 hueus-

163 3987 243 4066 que
270 3965 372 4045 feoit
411 3969 454 4041 et
481 3967 591 4042 siout
629 3967 756 4042 etiam
787 3991 864 4068 per
905 3968 1127 4069 superiora
1168 3975 1268 4045 tem-

161 4107 267 4185 pora
296 4085 591 4188 progenitores
621 4085 684 4160 sui
714 4109 883 4189 semper
917 4085 1127 4167 feceruut.

265 4203 319 4281 At
347 4203 543 4305 quoniam
581 4204 692 4282 idem
736 4206 931 4286 dominus
958 4207 1066 4310 petit
1092 4233 1115 4285 a
1145 4208 1266 4285 nobis
