3192 5112
1161 381 1224 450 138

16 571 17 594 ³
131 617 217 680 ao„
258 591 375 696 quod
417 591 542 674 iaciat
581 591 745 674 restitui
786 591 933 671 damna
971 595 1013 668 et
1049 597 1226 694 recepta

16 739 18 744 ’
131 711 327 811 dimittat,
358 715 479 795 aliter
505 737 551 792 se
578 737 664 795 nen
691 711 851 818 poterit
878 711 1131 792 substinere.

172 878 176 886 ι
238 841 299 914 10.
338 835 446 914 ltem
473 831 631 912 duratis
659 832 889 912 dominatio
918 831 1031 912 misit
1057 831 1140 912 hoe
1160 855 1226 912 an·
1352 907 1357 924 ,

102 977 337 1042 manum
364 956 626 1058 solempnem
655 951 985 1044 inauraturam,
1013 953 1225 1034 dominum

134 1073 942 1164 Marehinnemliondenieae,
970 1083 1012 1154 et
1040 1075 1227 1154 interce·

132 1207 225 1274 tera
253 1196 483 1297 requisivit,
513 1195 566 1274 de
594 1203 714 1274 nerto
743 1195 910 1278 damno.
936 1195 1035 1272 itate
1066 1195 1105 1272 in
1131 1217 1226 1296 qua·

132 1317 227 1394 dam
255 1317 350 1394 navi
377 1315 468 1392 viro
496 1315 685 1406 Veneto,
725 1318 765 1394 in
801 1317 990 1420 partibus
1030 1315 1228 1396 Arato·

132 1459 259 1526 nae,
298 1460 376 1539 per
418 1443 641 1536 cognatum
669 1433 827 1515 domini
854 1437 1132 1540 imperatoris.
1176 1434 1228 1512 Et

133 1551 331 1632 dominus
371 1553 608 1658 imperator
647 1553 760 1632 misit
794 1557 1016 1660 praedicto
1053 1581 1130 1634 suo
1160 1579 1228 1632 cu·

132 1682 263 1775 gnato
293 1681 336 1752 et
363 1677 554 1775 gravavit
579 1699 626 1754 se
654 1677 708 1753 de
736 1676 864 1755 tacto.
891 1676 967 1776 Qui
984 1675 1227 1778 dixit,qn0d

132 1803 313 1900 accepia
341 1821 425 1874 non
455 1795 621 1874 fuerant
634 1797 802 1890 Veneti,
832 1796 905 1874 sed
934 1797 1106 1876 alterius
1134 1821 1227 1902 per·

130 1938 276 1994 sonae.
316 1915 368 1995 Et
395 1923 495 1995 tune
523 1916 718 1995 dominus
748 1915 979 2020 imperator
1007 1919 1116 1995 atiud
1145 1941 1229 1993 nen

133 2035 266 2124 dixit;
302 2035 377 2113 sed
414 2035 582 2114 tandem
617 2035 709 2141 ipse
738 2047 942 2137 cognatus
971 2036 1128 2116 domini
1157 2035 1228 2112 im·

132 2151 359 2255 peremnis,
382 2155 491 2244 ‚dixit
518 2165 562 2234 et
590 2155 743 2236 obtniit
770 2160 937 2237 mittere
952 2157 1153 2236 Venetiae
1178 2157 1228 2236 ad

133 2275 330 2354 ducalem
357 2275 701 2358 dominationem.
731 2277 844 2357 Etsi
874 2280 1134 2382 reperiretur
1153 2279 1229 2355 Ve·

134 2405 280 2475 netum
296 2421 391 2475 esse
406 2397 726 2491 damnificatum,
755 2399 917 2479 faceret
958 2401 1097 2478 omnia
1129 2398 1228 2477 inte-

16 2529 17 2540 ‘
134 2517 312 2619 graiiter
339 2521 565 2604 emendari.
608 2521 704 2626 lpse
732 2544 837 2602 vero
867 2529 1073 2622 cognatus
1102 2519 1230 2600 domi·

134 2639 176 2718 ni
203 2641 475 2742 imperatoris
491 2666 577 2722 non
593 2643 715 2736 misit,
743 2643 795 2720 de
825 2668 908 2746 quo
937 2641 1132 2722 dominus
1162 2641 1232 2719 im·

134 2768 315 2865 perator
340 2763 568 2842 molestum
596 2763 739 2854 haben
753 2765 827 2844 sed
841 2772 1021 2869 propter
1044 2787 1232 2840 amorem

135 2879 335 2971 dominae
375 2881 655 2989 imperatricis
696 2887 808 2966 eliud
849 2884 994 2964 dicere
1033 2907 1118 2962 non
1159 2905 1232 2986 po·

129 3009 233 3082 test.
288 3001 449 3081 Verum
465 3003 579 3084 dicit
605 3005 800 3084 dominus
828 3003 1081 3107 imperator,
1119 3002 1232 3105 quod

136 3143 269 3228 supra
296 3124 454 3202 dietum
482 3133 557 3210 est,
585 3127 697 3228 quod
739 3133 915 3228 accepta
941 3149 1025 3202 non
1068 3125 1234 3202 fuerant

134 3245 304 3324 Veneti.
352 3243 438 3323 Sed
465 3245 569 3326 dicit
597 3245 789 3327 deminus
817 3246 1073 3352 imperator,
1116 3245 1231 3347 quod
1281 3322 1290 3347 ,

136 3389 215 3444 vos
257 3363 426 3445 domine
468 3365 577 3454 dux,
615 3369 650 3445 si
677 3367 867 3446 dixeritis
900 3365 1015 3470 ‘quod
1057 3371 1232 3466 accepta

137 3483 297 3564 inerint
323 3485 504 3578 Veneti,
543 3493 644 3566 tune
671 3489 807 3568 mittat
833 3489 901 3566 vel
920 3487 1234 3564 vadet-merea·

138 3615 222 3693 tar,
251 3613 295 3683 et
321 3603 433 3686 dieat
459 3615 503 3685 et
531 3619 717 3713 exponat
751 3611 805 3686 de
841 3611 1018 3692 damno.
1048 3615 1090 3686 et
1127 3607 1232 3684 acci·

137 3727 226 3830 piat
247 3725 294 3803 'id
323 3729 437 3830 qued
466 3735 542 3819 est,
570 3738 612 3808 et
639 3730 693 3807 de
722 3755 775 3809 eo
806 3729 917 3832 quod
951 3727 1135 3818 restabit,
1162 3727 1232 3805 do·

137 3845 276 3926 minus
315 3847 551 3953 imperator
590 3849 713 3928 offert
753 3875 799 3928 se
841 3851 985 3929 faeere
1031 3847 1231 3954 quidquid

137 3953 326 4071 peterit,
355 3968 563 4072 quianon
591 3967 768 4052 intendit
795 3951 891 4050 e'um
931 3969 1070 4048 ducati
1102 3969 1228 4048 domi·

136 4088 314 4167 natione
351 4096 395 4167 et
421 4088 662 4175 hominibus
689 4090 974 4181 Venetiarum,
1015 4090 1155 4168 vivere
1192 4091 1233 4166 in

136 4207 215 4298 ira,
240 4217 453 4312 tamquam
480 4209 945 4300 fideiiseivisVenetus,
961 4218 1230 4394 egtamquam
