3236 5108
209 577 431 672 antequem
458 569 528 650 llat
556 571 636 648 alia
665 568 887 670 responsio
916 568 1004 646 istis
1031 568 1307 646 ambasciato-'1

210 689 324 770 ribus
351 692 573 769 domini
602 689 855 788 Georgii
891 711 1020 792 super
1047 689 1135 788 istis
1163 689 1300 774 factis,

210 813 433 913 collegium
463 813 632 898 domini,
661 810 1017 898 consiliariorum,
1045 811 1246 912 capitum'
1258 819 1303 888 et

208 935 444 1039 sapientum
475 933 692 1034 utriusque
720 955 884 1048 manus,
931 931 1096 1009 mittere
1137 931 1301 1022 debeat,

208 1079 295 1159 pro
317 1053 401 1132 illis
427 1053 622 1157 personis
638 1077 660 1129 a
675 1050 824 1154 qulbus
851 1051 1053 1130 videbunt
1075 1075 1203 1156 posse
1219 1075 1301 1130 me·

215 1175 293 1252 lius
334 1175 500 1254 tldelius
539 1181 584 1250 et
627 1173 804 1252 lucidius
832 1173 1048 1250 informari
1088 1173 1139 1248 de
1183 1171 1305 1254 tactis
1419 1160 1421 1166 ¹

213 1295 462 1394 praedictis,
494 1317 575 1396 qua
617 1293 914 1372 informatione
950 1293 1112 1378 habita,
1154 1303 1302 1395 postea

212 1439 305 1494 cnm
344 1415 510 1496 meliori
549 1415 856 1494 deliberatione
883 1421 927 1490 et
953 1415 1182 1492 securitate
1210 1413 1303 1496 tlcrl

212 1535 272 1614 eis
298 1537 458 1640 poterit
483 1538 553 1614 illa
583 1537 715 1619 finalis
730 1535 968 1638 responsio,
996 1557 1102 1635 quac
1118 1534 1185 1613 isti
1202 1559 1297 1614 oon·

210 1655 304 1736 silio
333 1656 443 1735 bona
470 1658 648 1734 bonesta
676 1665 718 1734 et
746 1655 856 1734 utilis
885 1655 1114 1758 apparebit,

448 1795 556 1862 Secr.
581 1795 716 1861 Consil.
741 1797 832 1882 llog.
858 1791 933 1859 Lib.
956 1793 1017 1858 lll.
1043 1793 1081 1859 b.
1107 1797 1162 1861 clr.
1188 1797 1258 1862 121.

1 2151 2 2170 ,
144 2145 147 2150 ι
214 2017 481 2117 CXCVII·
510 2041 620 2115 1395.
649 2035 830 2118 ludict.
860 2037 929 2117 lV.
955 2043 1017 2115 21.
1045 1973 1305 2118 tonuerit.

211 2246 408 2306 aaronem
431 2263 640 2324 oproeopnrn
678 2265 866 2324 nocaaunay
890 2249 1085 2324 ltorcpnua,
1121 2265 1181 2314 acu
1215 2265 1307 2313 tetta

212 2369 316 2429 φαμι
339 2352 475 2428 ltoropn
499 2370 647 2428 npeaaru
667 2371 780 2430 ypyne
805 2355 992 2424 uberante,
1017 2373 1055 2428 aa
1078 2371 1140 2414 osu
1165 2372 1226 2430 nep
1249 2357 1303 2414 oti·

212 2473 290 2530 sepa
321 2474 357 2514 aa
392 2474 491 2532 epa-tn
524 2459 717 2534 ,Vrapcror's
752 2473 873 2533 neuory
908 2459 1043 2533 ltoropr·
1077 2476 1178 2532 yaeru
1215 2476 1304 2533 ηομ

639 2577 731 2619 cnoro
755 2579 886 2619 cancre.

319 2743 1024 2846 Capta.Quianmbassiator
1053 2713 1307 2824 Cbatari·

214 2887 239 2938 n
256 2879 422 2960 orum,
451 2863 589 2942 errdita
606 2865 884 2967 responsione
912 2873 1059 2942 nostra
1088 2865 1168 2943 sibi
1196 2865 1305 2944 iectu

212 3007 293 3086 per
320 2985 564 3084 dominium,
582 3011 689 3088 quae
716 2987 796 3063 tuit
822 2988 1051 3066 secundum
1082 2989 1196 3090 quod
1224 2989 1303 3090 pri·

212 3103 281 3182 dic
297 3113 464 3208 captum
493 3107 622 3192 furtin
639 3109 723 3187 hoc
750 3107 941 3195 consilio,
969 3111 1022 3187 de
1051 3110 1303 3186 luntnnando

211 3251 291 3304 nos
322 3249 416 3306 cum
443 3229 523 3306 illis
548 3227 688 3308 verbis
718 3253 826 3332 quae
853 3229 1120 3326 viderentur,
1151 3233 1203 3308 de
1231 3252 1303 3308 vo·

212 3347 338 3424 lendo
366 3373 445 3452 pro
488 3377 599 3429 nunc
628 3350 846 3428 attendere
875 3351 927 3428 nd
956 3375 1017 3435 ea,
1048 3373 1156 3453 quae
1183 3347 1311 3428 noble·

213 3465 388 3557 dixerat,
416 3471 469 3547 de
496 3471 681 3548 volendo
709 3470 830 3551 nobis
860 3471 961 3550 dare
991 3469 1304 3550 civitatem

214 3587 450 3681 Chatari‚
478 3589 623 3670 babuit
650 3593 810 3688 dicere,
833 3591 1070 3693 quodsicnt
1098 3591 1305 3668 totimun·
1332 3627 1335 3636 ⁴

212 3709 267 3786 do
294 3718 464 3813 poterut
489 3735 587 3790 esse
624 3715 859 3802 notorium,
900 3715 980 3818 ipsi
1022 3735 1193 3817 semper
1222 3711 1306 3790 fue·

214 3841 306 3910 rent
344 3831 417 3910 tilii
434 3839 487 3910 ⁴et
514 3833 747 3914 servitores
788 3835 921 3913 nostri
949 3834 1139 3922 dominii,
1181 3833 1306 3912 etita

215 3973 309 4028 esse
337 3953 620 4041 intendebant,
651 3965 694 4036 et
720 3964 951 4060 propterea
978 3951 1307 4058 volebantaper·
1406 3983 1411 3998 ·

215 4083 277 4164 te,
309 4073 428 4153 nobis
460 4085 655 4180 tanquam
685 4077 861 4155 dominis
889 4079 998 4170 suis,
1039 4075 1237 4182 apperire
1265 4085 1308 4156 et

214 4195 483 4276 manifestare
520 4205 650 4280 totam
692 4199 977 4278 conditionem
1018 4219 1155 4284 suam,
1196 4209 1305 4299 quae

215 4326 318 4406 emt,
360 4321 472 4420 quod
500 4321 553 4398 de
581 4322 835 4401 necessitate
865 4343 941 4400 cos
978 4319 1233 4425 opportebat
1259 4339 1307 4394 so
