3224 5110
549 543 836 644 ΟΒΙΝΙΙΙ.
866 568 979 642 leus.
1006 571 1058 644 aa
1083 563 1231 641 tulit.

342 723 597 801 lluononsppis
623 721 779 798 Beuiepy,
802 739 822 795 y
846 740 936 782 sors
960 741 1055 797 syce
1080 740 1221 792 nassae,
1244 737 1281 790 aa
1300 718 1440 795 eano·

343 845 453 886 euers
485 841 698 900 pecnorous,
730 841 815 882 nors
841 843 858 882 e
881 824 983 900 opella
1008 843 1144 896 napata,
1168 841 1259 900 supr.
1284 838 1439 898 prosopa,

342 947 433 1001 noas
449 931 535 988 uass
549 946 583 988 aa
597 945 706 987 osori»
720 927 985 1003 npoberaunmss
1008 946 1179 1002 ycsonusa
1199 946 1216 984 a
1237 943 1275 998 pa
1300 938 1438 984 nonense

387 1035 549 1113 Ῥγριῃιιιει1
585 1049 740 1109 operans
766 1033 1018 1107 Creupeptierm
1041 1031 1210 1108 &sabana
1235 1051 1253 1088 s
1278 1028 1394 1086 Totis.

778 1133 999 1218 (Cupalseuo).

442 1271 526 1349 Ser
567 1269 804 1349 Andreo
847 1270 1110 1348 Venerio
1152 1269 1365 1372 provisori
1395 1267 1439 1344 in

340 1389 605 1472 Albania.

441 1509 626 1612 Propter
656 1535 704 1589 ea
734 1535 843 1612 quae
871 1517 966 1588 ante
993 1515 1180 1590 vestrum
1218 1531 1441 1588 recessum

338 1633 390 1711 de
419 1613 606 1710 venetiis
636 1629 899 1710 habebantur
929 1633 981 1708 de
1012 1628 1290 1730 gentibus
1320 1630 1439 1706 des·

341 1753 488 1856 poti‚
525 1752 717 1830 dedimus
743 1751 866 1830 vobis
897 1749 1132 1830 libertatem
1161 1749 1439 1854 promittendi

340 1873 519 1977 desputo
549 1878 685 1950 terres
714 1880 756 1949 et
782 1873 990 1952 denarios.
1017 1873 1290 1952 Nuucautem
1318 1871 1439 1948 inlel-

295 2071 297 2081 ἱ
340 1994 453 2074 lecto
484 1993 683 2073 contlictu
714 2002 756 2073 et
784 1997 925 2082 ruina,
955 2019 1008 2072 ex
1037 1995 1168 2094 gratia
1206 1993 1301 2084 dei,
1340 1993 1438 2070 data

341 2115 536 2214 gentibus
570 2115 668 2201 suis,
698 2121 741 2194 et
769 2116 880 2219 quod
909 2119 962 2193 de
989 2117 1062 2194 illo
1091 2122 1163 2194 aut
1188 2139 1260 2192 sua
1289 2121 1435 2218 poteo·

341 2239 396 2314 tia
424 2261 508 2315 non
526 2245 589 2316 est
617 2239 806 2340 presenti
832 2245 1028 2340 tempore
1056 2239 1342 2324 dubitandum,
1369 2233 1439 2312 de·

340 2355 609 2436 liberavimus
637 2383 762 2450 nunc,
790 2383 884 2436 cum
902 2359 1068 2438 fortuna
1094 2357 1176 2460 ipsi
1202 2357 1436 2458 despoto

340 2476 515 2556 astrei-sa
552 2486 594 2555 et
635 2479 848 2558 contraria
878 2485 966 2570 est,
1007 2481 1123 2580 quod
1151 2477 1203 2554 ad
1229 2476 1437 2579 pratieam

341 2598 459 2700 pacis
502 2603 545 2676 et
586 2599 904 2678 renovationem
948 2598 1156 2678 amicitiae
1199 2623 1293 2677 cum
1337 2598 1436 2698 ipso

341 2719 521 2818 despoto
537 2718 778 2816 deveniatis,
808 2721 884 2798 sed
913 2721 991 2798 alia
1020 2717 1265 2798 conditione
1287 2721 1330 2793 et
1350 2715 1438 2792 ior·

340 2862 431 2929 ma,
473 2862 596 2938 quam
632 2836 671 2913 iu
699 2845 840 2916 vestra
882 2838 1138 2918 comissione
1180 2835 1437 2916 continetur.

338 2956 437 3036 Nam
466 2982 605 3060 neque
634 2965 768 3036 terras
805 2961 1112 3048 Albaniae,
1145 2981 1284 3060 neque
1312 2958 1436 3036 duca·

337 3083 404 3152 tos
431 3075 544 3154 mille
573 3078 613 3154 iu
642 3103 768 3175 anno,
786 3103 988 3158 annorum
1010 3077 1341 3182 praeteritorum
1356 3075 1437 3154 sibi

336 3198 437 3276 dare
465 3198 660 3276 volumus
689 3199 776 3278 ullo
807 3202 959 3288 modo,
1002 3201 1098 3302 quia
1140 3199 1243 3276 nihil
1280 3222 1433 3275 eorum

337 3343 445 3418 quae
474 3316 618 3396 facere
659 3317 881 3400 tenebatur
921 3319 1078 3400 iactum
1116 3319 1217 3412 tuit,
1257 3319 1341 3396 imo
1372 3342 1434 3397 ar-

336 3441 444 3516 mata
473 3461 597 3516 mauu
627 3447 774 3517 contra
802 3464 881 3518 nos
908 3449 950 3518 et
977 3448 1131 3523 statum
1155 3448 1345 3518 nostrum
1361 3440 1433 3516 mi-

334 3557 398 3636 sit.
439 3559 644 3647 Volumus
681 3584 785 3660 ergo
815 3619 826 3640 .
855 3621 864 3640 .
894 3621 905 3642 .
939 3563 1051 3664 quod
1088 3565 1137 3640 ad
1177 3563 1307 3665 ipsius
1344 3559 1433 3636 des·

334 3677 423 3779 poti
451 3680 735 3780 praesentiam
765 3685 976 3762 accedere
1010 3681 1200 3762 debeatis
1230 3690 1273 3760 et
1316 3739 1325 3760 .
1369 3739 1377 3756 .
1419 3735 1431 3756 .

334 3795 479 3876 dicere
534 3853 813 3878 ......
858 3803 972 3903 quod
1026 3801 1125 3882 licet
1173 3802 1301 3878 simus
1354 3825 1434 3900 per

333 3917 402 3992 <lei
456 3917 630 4018 gratiam
678 3919 718 3994 in
759 3923 1070 4024 prosperitate,
1124 3923 1227 3999 nihil
1293 3929 1430 4000 tamen

334 4047 398 4115 est
440 4039 554 4140 quod
597 4043 726 4138 magis
770 4041 1012 4144 cupiamus,
1055 4069 1179 4145 quam
1221 4045 1432 4122 viverolo

333 4179 456 4256 pace,
479 4163 523 4234 et
549 4163 776 4258 presertim
806 4188 901 4241 cum
930 4164 1025 4252 illis,
1053 4165 1126 4266 qui
1153 4189 1249 4242 cum
1280 4171 1431 4245 nostro
