3234 5116
192 521 321 608 stimi:
348 519 384 596 si
411 525 490 624 per
519 527 715 601 rectores
740 525 911 598 nostros
927 545 1012 602 non
1028 523 1178 602 inisset
1205 525 1284 604 iac·

193 651 233 723 ta
260 642 489 746 promissio
518 641 599 718 iliis
628 641 837 719 dictorum
867 643 1087 730 iocorum,
1117 645 1284 723 deuon

191 763 451 842 restituendo
482 763 592 843 dicta
621 763 715 842 loca
743 763 859 843 dicto
894 765 1105 844 domino
1148 767 1284 863 duci,

192 883 406 963 utobboc
433 908 519 962 non
547 891 679 962 restet
707 884 928 963 conclusio
960 887 1076 986 pacis
1092 895 1161 964 aut
1189 911 1284 966 con·

192 1003 341 1088 cordii‚
370 1027 513 1080 sumus
543 999 760 1089 contenti,
788 1002 901 1102 qnod
931 1003 1043 1082 dicta
1072 1005 1167 1084 loca
1194 1006 1283 1082 Dri-

192 1125 295 1204 vasti
323 1133 364 1203 et
390 1122 581 1203 Antibari
619 1123 845 1201 restituere
885 1125 1052 1202 debeas.
1107 1123 1152 1200 Si
1180 1151 1282 1209 vero

192 1252 387 1326 rectores
413 1243 546 1326 nostri
573 1243 869 1348 promisissent
888 1243 970 1320 iilis
998 1244 1210 1326 dictorum
1226 1249 1283 1325 io·

192 1393 354 1466 corum,
382 1366 434 1444 de
461 1390 544 1444 nou
572 1364 837 1444 restituendo
868 1365 938 1444 iiia
968 1365 1095 1445 dictow
1113 1365 1283 1446 domino

161 1544 168 1556 .
192 1487 301 1576 duci,
329 1487 441 1565 dicta
465 1489 559 1568 ioca
582 1486 721 1564 eidem
748 1509 831 1562 uon
861 1485 1019 1564 debeas
1047 1488 1283 1576 restituere,

190 1609 264 1688 sed
290 1632 476 1712 procura
504 1607 615 1710 quod
645 1606 767 1685 nobis
789 1615 1032 1688 remaneant
1049 1633 1145 1686 cum
1173 1608 1283 1686 solu·

191 1730 304 1808 tione
333 1730 543 1810 dictorum
572 1727 863 1814 denariorum,
894 1734 937 1806 ut
966 1730 1159 1835 superius
1187 1755 1281 1808 oon·

193 1851 358 1932 tinctor.
861 1913 863 1920 .
984 1917 988 1924 .

257 2073 259 2078 Α
294 1971 339 2054 Si
379 1995 482 2049 vcro
524 1997 603 2074 per
637 1973 819 2073 aliquem
861 1975 1087 2052 modorum
1143 1998 1283 2079 supra·

192 2095 446 2197 scriptorum
476 2093 526 2174 ad
541 2094 818 2172 concordium
840 2075 882 2171 et
896 2117 1047 2197 paoem
1076 2118 1172 2172 cnm
1200 2095 1282 2172 dic-

192 2223 234 2292 to
263 2211 437 2292 domino
466 2215 535 2292 du
553 2240 616 2308 c,e
653 2212 877 2296 Bassiae
905 2217 1050 2294 venire
1079 2243 1164 2295 non
1194 2241 1284 2320 pos·

191 2359 259 2411 ses
276 2393 286 2426 ‚
304 2393 308 2400 .
326 2336 520 2414 volumus
563 2337 678 2437 qnod
707 2360 804 2414 eum
846 2337 927 2412 iilis
958 2337 1118 2416 dextris
1145 2338 1284 2417 modis

190 2463 232 2531 et
259 2452 518 2557 sapientibus
545 2453 702 2552 verbiS,
733 2479 840 2556 quae
869 2455 943 2534 tibi
972 2457 1283 2538 necessariari-

191 2576 421 2666 debnntur‚
463 2577 621 2655 debeas
648 2577 795 2656 venire
825 2579 877 2655 ad
905 2579 1109 2679 praticam
1138 2604 1282 2658 secum
1372 2567 1375 2578 ’

2 2682 6 2696 ’
60 2759 64 2765 .
190 2695 461 2800 superiacto
497 2704 893 2794 treuguarum.
949 2697 1002 2776 ut
1030 2699 1177 2776 damus
1205 2698 1283 2778 tibi

191 2817 427 2896 libertatem
467 2817 661 2894 veniendi
703 2817 753 2895 ad
794 2825 993 2918 treuguas
1037 2842 1131 2896 eum
1167 2819 1281 2897 dicto

38 2936 40 2940 ’
190 2938 362 3017 domino
391 2939 500 3016 duce
520 2937 713 3040 periliud
742 2939 875 3016 maius
901 2942 1067 3042 tempus
1096 2964 1181 3041 quo
1210 2961 1281 3038 po·

191 3059 320 3148 teris;
360 3084 463 3161 quas
506 3067 702 3157 treuguas
732 3059 887 3138 debeas
928 3059 1073 3138 iacere
1101 3058 1141 3135 in
1170 3057 1282 3136 huno

192 3180 384 3269 modum,
412 3178 632 3264 videlicet,
661 3179 773 3278 quod
802 3179 862 3254 iiii
892 3182 963 3280 qui
993 3185 1137 3256 tenent
1165 3176 1279 3254 sorti·

192 3297 290 3390 litia,
317 3303 485 3375 teneant
514 3295 691 3376 confinia
710 3299 1042 3402 etpertinentias
1072 3307 1281 3376 terrarum

193 3427 235 3496 et
262 3418 560 3496 fortiiiciorum
590 3443 699 3520 qnae
726 3427 896 3507 tenent,
926 3425 969 3496 et
996 3417 1119 3497 aliter
1146 3416 1282 3496 dietas

192 3547 393 3637 treuguas
421 3561 504 3614 non
533 3539 689 3616 debeas
719 3539 860 3616 iacere
890 3544 932 3618 et
959 3537 1231 3616 concludere.

293 3655 347 3736 itt
372 3659 408 3734 si
436 3658 575 3737 dietus
604 3657 796 3736 dominns
839 3659 947 3736 dux
984 3651 1203 3736 Raxiae
1231 3657 1282 3734 ad

194 3783 326 3858 dictas
368 3786 563 3878 treuguas
603 3803 679 3883 per
727 3781 895 3860 modum
949 3777 1280 3880 suprascriptum

194 3900 536 3978 condescendere
572 3901 728 3986 noiiet,
769 3900 923 3978 debeas
950 3899 1065 3978 dioto
1109 3896 1280 3976 domino

194 4020 290 4100 duci
317 4019 475 4106 dicere,
505 4019 619 4123 quod
634 4027 778 4098 nostra
799 4019 1046 4106 dominatio,
1074 4041 1153 4122 pro
1184 4042 1280 4096 con·

193 4141 402 4221 servando
446 4141 595 4220 bonam
638 4139 863 4220 amicitiam
906 4145 949 4216 et
976 4138 1280 4217 fraternitatem
1328 4245 1330 4253 y
1464 4181 1467 4195 ·
1606 4117 1608 4180 ³
