3224 5110
299 599 350 678 Et
377 598 474 702 quia
509 597 592 676 hee
627 591 833 700 pmvisio'
856 604 1003 701 posset
1044 621 1140 672 esse
1170 596 1294 676 nimis

200 721 398 819 inngnet
426 721 520 797 inca
548 724 692 796 nostra
719 716 1009 796 Albaniae
1036 723 1130 794 sunt
1157 717 1197 793 in
1223 741 1293 818 pe·

134 855 140 862 '
200 841 335 922 riculo
364 839 602 930 manifesto,
631 847 673 915 et
701 837 887 938 indigent
915 837 1045 917 celeri
1087 836 1290 940 provisio·

201 988 268 1049 ne,
297 987 348 1039 ex
377 987 486 1041 nunc
513 962 568 1041 sit
597 967 778 1062 captum,
807 963 918 1062 quod
949 959 1294 1060 accipiantuape·

201 1081 308 1158 dites
338 1077 382 1157 C.
412 1091 454 1158 et
480 1081 693 1158 mittantur
719 1073 1044 1170 Scutan'um,
1076 1085 1119 1155 et
1147 1101 1294 1156 comes

200 1202 295 1278 iilos
327 1209 468 1279 teneat
497 1209 539 1278 et
565 1201 720 1279 dividat
747 1225 825 1304 pen
853 1201 920 1280 iiia
949 1202 1042 1279 toea
1078 1199 1293 1286 Albaniae,

202 1323 311 1400 sicut
351 1323 428 1400 sibi
471 1322 681 1401 videbitur
721 1323 863 1401 utilius
901 1330 943 1400 et
981 1323 1109 1420 magis
1151 1344 1292 1399 neces·

201 1467 367 1522 samum.

312 1579 392 1659 Sca
421 1577 790 1659 Franciscus
820 1579 1067 1684 capello
1097 1579 1184 1655 vult
1209 1602 1297 1682 pat·-

204 1707 287 1778 tem
317 1699 644 1804 suprascriptam
674 1725 768 1776 cum
796 1699 1062 1803 infrascripta
1090 1700 1296 1777 etiamad·

203 1821 376 1920 ditione,
407 1821 617 1900 videlicet.
658 1819 789 1900 Item:
815 1823 907 1924 qnia
937 1821 1018 1924 pen
1041 1845 1187 1924 pacem
1218 1824 1298 1899 do·

203 1943 314 2022 min
330 1969 355 2019 n
372 1967 392 2018 s
419 1943 492 2020 'Pe
508 1969 533 2020 u
552 1966 652 2022 erc
666 1968 687 2019 ι
701 1971 726 2019 ιι
742 1967 781 2020 ιιι
810 1939 1013 2046 promittit
1033 1942 1182 2047 punine
1196 1965 1298 2019 suos

204 2063 411 2152 subditos,
440 2063 512 2166 qui
540 2070 689 2144 contra
704 2089 783 2142 nos
799 2065 1002 2151 facerent,
1018 2073 1058 2143 et
1075 2064 1197 2143 etiam
1218 2087 1297 2165 pao

206 2183 312 2261 loeis
343 2183 373 2261 S
391 2185 590 2262 nutari
619 2193 662 2264 et
688 2185 869 2266 Alexii
896 2187 1018 2264 datur
1046 2193 1160 2264 certa
1176 2209 1298 2285 qnan-

205 2303 301 2380 titas
332 2303 600 2380 denaniorum
629 2301 828 2392 Teucro,
855 2303 961 2384 sicut
989 2311 1103 2408 patet
1130 2325 1207 2406 per
1235 2325 1298 2380 ca·

204 2421 335 2524 pituia
361 2423 500 2502 dictae
528 2423 658 2526 pacis,
687 2450 739 2500 ex
769 2449 878 2503 name
905 2425 958 2504 sit
986 2428 1165 2527 captum,
1184 2423 1298 2523 quod

205 2563 284 2643 pen
310 2543 417 2619 viam
447 2543 524 2621 Du
541 2545 735 2624 nachii
765 2544 949 2624 mittatur
975 2567 1082 2624 unus
1111 2541 1299 2622 notarius

206 2649 379 2741 nostrae
406 2663 659 2744 cancellarie
687 2665 736 2742 ad
764 2665 991 2754 Teucrum,
1020 2685 1114 2743 cum
1142 2661 1212 2740 iiia
1229 2687 1297 2741 co·

205 2781 418 2875 missione,
446 2809 552 2886 quae
580 2785 659 2865 sihi
687 2785 853 2868 dabitur
877 2811 958 2892 pen
986 2785 1223 2884 collegium.

519 2937 624 3005 ὅθεν.
649 2957 853 3024 consang.
878 2939 950 3004 Lib.
972 2937 1082 3005 XVII.
1105 2936 1160 3002 ch.
1183 2938 1255 2999 221.

409 3157 643 3262 GDLVl.
674 3185 786 3262 lans.
817 3189 865 3262 ιι
898 3181 1095 3260 Martii.

238 3340 421 3418 Oaaoaopn
445 3355 685 3410 ιιοοιιιιιιιιιιιιιιι
708 3358 810 3416 apa-aa
831 3343 1065 3413 Bocaaesona,
1088 3359 1127 3402 aa
1151 3340 1266 3402 sainna

638 3463 872 3524 npegsoaneau.

306 3597 427 3694 Quod
462 3595 635 3694 egregio
664 3595 785 3673 militi
813 3619 863 3674 ac
891 3593 1095 3676 medicine
1118 3595 1298 3686 doctori,

203 3713 441 3792 domina
489 3712 733 3804 Thome,
780 3723 822 3794 et
861 3715 1190 3794 Laurentio
1234 3715 1299 3794 de

201 3835 334 3937 Sti'p
351 3859 412 3910 ns
440 3836 494 3912 de
519 3834 743 3935 'Pingui-io,
772 3836 1013 3916 craton-ibus
1035 3838 1297 3918 serenissimi
1368 3846 1371 3854 ’

203 3953 613 4053 dominiregis
642 3955 924 4048 Bossine,
952 3958 1297 4058 quincentum

203 4074 279 4153 init
306 4075 407 4154 hnic
435 4075 613 4154 censitio
642 4097 721 4180 per
748 4076 1060 4156 serenissimum
1081 4079 1297 4187 dominum

205 4197 391 4294 Ducem,
433 4195 577 4276 dieunt
617 4198 730 4301 quod
770 4198 956 4300 prefatus
998 4200 1191 4280 daminus
1220 4223 1297 4280 aex
