3234 5116
350 636 579 736 propterea
622 639 655 710 si
696 655 796 708 suae
838 632 1056 708 serenitati
1098 631 1288 733 placeret
1327 629 1435 708 velle

349 751 590 855 providere,
624 751 737 854 quod
766 751 870 832 alius
897 751 982 826 sal
1011 775 1093 826 non
1123 751 1437 830 conduceretur

267 971 268 975 Ν
347 871 654 962 Nomentum,
693 871 771 947 nisi
799 871 860 954 sal
889 870 1072 948 fidelium
1104 871 1436 949 atsubditorum

348 997 617 1078 nostrorum,
659 997 850 1068 nostrum
880 976 1109 1066 dominium
1140 991 1263 1070 ollert
1298 991 1437 1070 teneri

348 1114 492 1192 facere
538 1137 615 1215 per
655 1112 846 1190 subditos
888 1120 1060 1189 nostros
1100 1113 1254 1189 dictum
1296 1113 1435 1188 locum

346 1233 539 1328 Narente,
571 1232 771 1309 continuo
801 1231 990 1308 fulcitum
1019 1233 1106 1308 sale
1129 1230 1436 1316 habundantem

348 1361 389 1433 et
417 1355 573 1432 dictum
603 1354 733 1430 salem
761 1351 884 1430 vendi
915 1353 1058 1430 facere
1079 1352 1151 1429 illo
1168 1354 1319 1454 pretio,
1349 1375 1434 1452 quo

238 1539 241 1546 ,
346 1474 540 1551 venditur
567 1497 645 1577 per
672 1474 779 1550 alios
807 1479 1082 1551 mercatores.
1114 1472 1166 1550 ut
1188 1475 1282 1574 quia
1311 1471 1434 1548 infor·

349 1597 446 1674 mati
474 1619 630 1686 stamus,
651 1593 762 1682 ouod
775 1595 929 1671 utilitas
956 1593 1080 1684 salis,¹
1097 1593 1165 1694 qui
1183 1591 1435 1672 conducitur

347 1715 595 1814 Narentam‚
638 1713 772 1792 dictus
801 1713 994 1790 dominus
1022 1730 1097 1789 rex
1128 1715 1340 1790 concessit
1367 1711 1433 1786 tri·

314 1837 425 1914 -bus
453 1837 519 1912 vel
547 1841 726 1937 quatuor
755 1859 807 1912 ex
837 1835 923 1910 suis
953 1833 1195 1923 baronibus,
1223 1833 1293 1934 qui
1322 1833 1434 1908 illam

345 1957 534 2035 dividunt
560 1956 673 2033 inter
687 1979 747 2041 se,
775 1978 883 2055 quae
912 1952 1066 2031 utilitas
1095 1965 1157 2031 est
1185 1952 1433 2030 ducatorum

345 2079 525 2156 duorum
553 2075 726 2152 millium
756 2075 796 2150 in
826 2097 933 2150 anno
962 2085 1005 2151 ut
1035 2073 1198 2163 dicitur;
1227 2073 1433 2150 Volumus

347 2201 459 2300 quod
502 2198 667 2300 quando
710 2199 793 2275 eris
836 2195 875 2273 in
913 2195 1124 2298 Tragurio
1167 2201 1209 2272 et
1250 2192 1435 2294 spalato,

344 2305 578 2423 procurare
608 2320 775 2407 debeas,
799 2321 852 2396 de
868 2319 1063 2398 habendo
1091 2315 1434 2411 informationem

266 2537 269 2544 ¹
346 2465 475 2542 super
504 2438 679 2520 utilitate
708 2440 810 2518 dicti
838 2440 956 2527 salis,
985 2443 1056 2541 qui
1085 2438 1337 2516 conducitur
1364 2433 1436 2510 Na·

346 2567 531 2648 rentem;
573 2563 675 2638 etsi
705 2557 877 2639 habebis
905 2559 1279 2645 informationem,
1321 2553 1434 2656 quod

345 2679 457 2758 dicta
484 2681 638 2759 utilitas
661 2681 772 2758 sitin
788 2706 896 2759 anuo
926 2680 1175 2759 ducatorum
1203 2679 1287 2756 drro
1304 2675 1434 2762 mille,

346 2801 490 2879 damus
519 2803 593 2879 tibi
624 2799 872 2892 libertatem,
901 2811 946 2879 ut
972 2803 1107 2882 dictus
1136 2825 1213 2878 rex
1232 2797 1434 2876 libentius

345 2922 660 3004 condescendat
687 2922 907 3001 intentioni
930 2927 1124 3020 nostrae,
1154 2933 1198 3000 ut
1225 2921 1284 2996 illi
1315 2919 1434 2995 baro·

345 3067 437 3132 nes,
478 3043 631 3144 quibus
670 3065 875 3120 concessa
903 3051 968 3120 est
994 3042 1104 3120 dicta
1132 3041 1308 3124 utilitas,
1350 3061 1439 3114 non·

343 3163 423 3241 sint
452 3163 671 3252 contrarii,
699 3165 913 3266 possendo
943 3163 1194 3265 promittere
1222 3161 1335 3239 dicto
1364 3159 1433 3236 do·
1474 3241 1478 3248 ,

345 3286 459 3364 mino
491 3283 592 3386 regi,
621 3285 786 3384 singulo
803 3309 910 3364 anno
936 3286 1109 3362 ducatos
1137 3285 1250 3360 mille
1266 3282 1436 3383 etquin·

344 3411 497 3507 gentos
525 3429 660 3508 usque
690 3407 758 3483 ·ll·
787 3405 923 3491 mille,
961 3406 1071 3484 sicut
1099 3403 1245 3484 melius
1289 3403 1433 3480 iacere

343 3527 531 3630 poteris,
573 3551 658 3604 non
686 3525 900 3629 possendo
929 3549 1007 3628 per
1040 3525 1221 3626 aliquem
1249 3523 1433 3602 conduci

343 3647 402 3723 sal
419 3648 654 3733 Narentam,
684 3647 764 3724 nisi
794 3649 854 3723 sal
883 3647 1143 3726 subdito-rum
1172 3650 1434 3734 nostrorum,

345 3768 455 3846 sicut
481 3769 675 3873 superius
705 3767 956 3847 continetur.
1344 3847 1347 3853 ,

445 3887 499 3964 ut
527 3889 623 3990 quia
638 3895 787 3991 posset
815 3909 1039 3974 occurere,
1055 3887 1168 3988 quod
1184 3884 1432 3984 magnificus

346 4005 564 4087 Sandali
592 4014 705 4087 esset
721 4009 830 4112 apud
846 4007 1003 4087 dictum
1031 4007 1244 4085 dominum
1274 4026 1430 4104 regem,

342 4129 535 4205 volumus
564 4129 675 4230 quod
706 4153 799 4207 eum
815 4131 971 4208 nostris
988 4129 1134 4207 litteris
1160 4127 1431 4212 credulitatis,

345 4274 441 4330 esse
483 4249 638 4329 debeas
683 4275 778 4330 cum
820 4252 933 4329 dicto
975 4249 1168 4349 Sandalt,
1211 4247 1280 4325 cui
1320 4247 1428 4326 tacta
