3220 5118
323 559 592 666 ὓΟΟΧΧΙ.
661 582 795 658 roei.
853 585 912 660 rs.
954 577 1103 658 sutri.

169 778 347 852 opsonops
388 791 428 837 m
462 789 640 834 undenam
682 787 865 832 eoeneum
906 787 1074 831 seauton·
1107 774 1254 850 audeone

515 877 730 976 &euoenon
753 873 905 949 Coenam.

269 1045 390 1146 Quod
427 1045 606 1150 capituto
646 1053 846 1148 porrecta
888 1067 965 1148 per
1001 1047 1254 1126 ambassato-

169 1191 238 1246 res
272 1162 727 1268 meguifleidomini
769 1161 1029 1252 flanderi,
1068 1167 1257 1266 magni

169 1287 463 1384 vaivodae
504 1282 827 1372 Bossinae,
867 1285 1176 1387 respondeatur
1214 1285 1255 1366 in

169 1409 251 1492 hoo
287 1409 443 1490 torma:
771 1413 773 1420 ’

199 1649 202 1654 ,
271 1562 324 1642 lit
361 1562 551 1665 primo
591 1558 656 1640 ed
697 1561 813 1636 trin
857 1560 1126 1662 capitula
1166 1587 1256 1665 pre·

170 1682 378 1762 tendentia
417 1705 546 1784 super
571 1679 692 1759 iactis
736 1677 964 1765 Ceteri,
1007 1685 1257 1786 respondeo·

171 1809 252 1880 tur:
280 1801 394 1905 quod
423 1799 656 1883 audivimus
684 1807 726 1877 et
740 1797 1020 1878 intelleximus
1045 1802 1257 1881 continen-

171 1922 270 2003 tium
298 1921 507 2002 dictorum
537 1921 836 2025 capitulorum,
864 1928 906 1998 et
936 1921 1256 2025 comprehendi-

174 2067 285 2129 mus.
313 2047 427 2146 quod
453 2043 583 2122 verbo
610 2045 651 2121 in
679 2043 799 2121 dietis
825 2043 911 2120 suis
939 2045 1133 2146 capitulis
1161 2029 1259 2124 oon?

173 2169 306 2252 tento,
332 2189 378 2242 se
406 2166 633 2244 extendant
659 2187 789 2268 super
816 2162 935 2242 iactis
965 2161 1190 2257 Ceteri,
1218 2173 1260 2244 et

172 2284 376 2374 dicimus,
417 2285 530 2387 quod
558 2285 666 2364 sieut
692 2283 828 2364 dietus
854 2281 1094 2384 magnificus
1132 2287 1259 2363 domi·

172 2429 249 2484 nus
266 2405 521 2485 ¹Sondnii
548 2406 640 2495 soit,
668 2407 781 2485 misit
808 2403 858 2482 ad
885 2409 1166 2507 praesentiam
1187 2433 1259 2486 no·
1325 2425 1331 2432 '

174 2535 301 2606 strom
315 2526 368 2605 de
391 2551 536 2607 mense
551 2527 701 2607 Marcii
731 2527 860 2632 elapsi
876 2551 976 2606 suos
1009 2521 1262 2609 emboxiutoss

175 2671 262 2738 res,
293 2657 335 2726 et
361 2650 470 2727 siout
496 2648 617 2728 dietis
646 2647 1011 2726 ambassatoribus
1042 2649 1264 2754 respondi·¹

173 2793 278 2856 mus,
293 2769 354 2848 sio
370 2769 677 2872 respondemus
694 2767 743 2846 nd
761 2789 974 2872 praesens:
991 2769 1105 2869 quod
1121 2768 1258 2850 ambo·
1310 2851 1312 2856 ,

175 2888 364 2968 xietores
380 2889 651 2968 comunitatis
667 2889 818 2974 Ceteri,
833 2889 1047 2968 venientes
1076 2891 1126 2970 ad
1143 2914 1260 2994 pree·

175 3008 352 3087 sentium
391 3015 662 3106 nostramet
690 3015 948 3112 exponentes
987 3011 1192 3091 novitates
1220 3020 1263 3090 et

176 3129 357 3222 iniurias,
385 3153 488 3230 quas
515 3129 779 3233 patiebantur
805 3127 856 3207 ab
885 3127 1061 3209 inimicis
1091 3132 1262 3228 nostris,

175 3249 521 3354 supplicaverunt
556 3250 895 3348 utdignuremur
933 3275 1008 3326 eos
1035 3223 1261 3357 aceeptore

175 3370 254 3447 sub
281 3377 429 3448 nostro
458 3367 669 3461 dominio,
710 3367 808 3470 quia
836 3371 869 3447 si
898 3394 974 3446 eos
1001 3393 1085 3448 non
1114 3393 1261 3474 eccep-

175 3498 384 3578 taremus,
412 3487 605 3594 dispositi
634 3514 719 3568 non
748 3497 868 3568 erant
895 3491 934 3567 in
961 3489 1050 3568 istis
1077 3491 1264 3571 terminis

176 3615 303 3711 stare,
332 3621 446 3689 etse
474 3608 769 3703 submitterent
790 3611 940 3712 quibus
968 3621 1153 3714 possent.
1179 3611 1264 3692 Nos

174 3751 278 3806 vero
306 3729 497 3809 videntes
526 3753 672 3810 eorum
702 3732 989 3818 intentionem,
1009 3741 1067 3813 ¹et
1092 3757 1145 3812 ne
1170 3758 1262 3836 per·

175 3851 370 3928 venirent
397 3851 449 3930 nd
465 3875 609 3928 monus
637 3851 902 3930 inimicorum
922 3860 1181 3948 nostrorum,
1197 3857 1264 3933 de·

177 3967 445 4048 liberavimus
477 3969 630 4050 dietum
647 3970 854 4050 civitatem
871 3973 1080 4077 accipere,
1110 3983 1152 4052 et
1169 3997 1264 4079 pro·

177 4087 365 4166 misimus
391 4088 513 4167 dictis
544 4087 747 4168 (laterinis
776 4089 930 4170 dietum
959 4093 1170 4171 civitatem
1191 4092 1264 4175 Ce-

175 4209 254 4287 tart
282 4208 482 4288 continue
518 4217 665 4288 tenere
700 4211 776 4288 sub
804 4213 1069 4314 protectione
1097 4220 1265 4305 nostru,
1401 4307 1404 4313 ,
