3192 5112
367 375 430 465 iot

366 609 465 667 uno.
506 585 738 665 linimento
772 585 837 664 vei
880 585 1044 668 nnohno
1086 588 1259 693 penpsni
1295 587 1386 682 Vll,
1413 595 1457 670 et

366 735 451 790 non
480 734 505 787 e
531 731 609 814 pet·
635 733 730 788 men
757 708 888 786 vallon
914 709 969 788 fln
997 711 1036 786 ai
1063 711 1256 800 novello,
1294 711 1456 812 ingaza-

365 834 425 910 nia
453 855 477 910 e
506 831 720 910 formento
750 852 870 910 essee
898 836 940 908 et
968 833 1080 910 bone
1106 831 1276 952 derude.
1306 878 1350 888 -

463 1044 618 1120 Vestes·
646 1040 840 1118 Mothous
868 1038 1052 1119 Venerio
1082 1043 1135 1119 de
1163 1048 1312 1120 vostro
1343 1065 1453 1118 man-

364 1162 460 1241 dato
484 1160 642 1241 baiulus
668 1159 930 1238 Venetorum
958 1158 998 1236 in
1029 1158 1414 1264 Constantinopoli.

565 1333 716 1410 Datum
733 1330 1100 1437 Constantinopoli
1117 1333 1185 1410 dic
1199 1329 1258 1409 Vl
1275 1333 1454 1432 Augusti

362 1455 442 1538 vll
468 1453 679 1534 indiction.

994 1552 1181 1642 Originaie
1205 1554 1241 1622 in
1267 1558 1409 1624 charta.

364 1765 561 1868 Ovili.
603 1783 753 1882 (1355).
785 1784 833 1856 ιτ
858 1779 1021 1866 tutin
1051 1781 1100 1860 tn
1126 1781 1277 1860 vina
1303 1807 1452 1862 nova

743 1899 1071 1980 Avinionis.

345 2121 451 2179 itane
476 2112 669 2176 linosenuis
693 2128 844 2188 ysopaaa
868 2127 974 2187 pysana
998 2089 1448 2188 tosennrpapouuno,1nno

360 2238 399 2282 ce
423 2217 565 2296 cppynio
586 2236 624 2277 ca
643 2218 799 2293 :passus
824 2215 1006 2290 cpoesm
1033 2233 1190 2290 nponasn
1215 2233 1317 2292 apaan
1340 2219 1447 2293 Μορ-

847 2335 963 2378 cnon.

458 2489 707 2593 Exemplum
748 2489 1007 2589 quarundam
1049 2488 1283 2565 litterarum
1324 2513 1447 2594 papa·

357 2615 453 2692 tium
481 2612 778 2691 destinatarum
805 2608 940 2686 ducali
971 2609 1180 2698 dominio,
1220 2633 1298 2714 pro
1326 2609 1445 2690 fectis

356 2735 466 2835 regis
492 2729 744 2832 Hunganinc.

455 2901 850 2982 innocentius
906 2901 1132 3006 episcopus
1173 2925 1319 2980 senvus
1358 2927 1445 2982 set·-

355 3049 504 3102 vonum
524 3022 604 3100 dei.
633 3021 795 3134 Dilecto
824 3021 909 3101 filio
939 3024 1069 3101 nobili
1095 3023 1189 3102 vino
1218 3021 1446 3102 Iohanni

355 3141 530 3222 Gradu
545 3168 571 3218 n
588 3142 599 3218 i
615 3167 641 3244 g
656 3166 682 3219 o
723 3143 820 3222 duci
856 3143 1157 3240 Venetianum,
1198 3143 1375 3222 salutem
1404 3153 1446 3222 ct

354 3263 629 3369 apostoticam
680 3265 1033 3344 benedictionem.
1086 3263 1151 3342 Ad
1192 3263 1445 3340 audientiam

352 3389 539 3464 nosti-am
569 3385 783 3487 pervenit,
825 3384 940 3486 quod
971 3390 1013 3461 tu
1041 3392 1084 3462 et
1111 3383 1250 3464 dilecti
1277 3383 1352 3462 iiiii
1380 3409 1445 3462 co·

351 3527 476 3582 mune
512 3503 803 3590 venetiarum,
845 3529 940 3582 cum
968 3504 1035 3582 dei
1065 3509 1107 3582 ct
1134 3502 1232 3582 fidei
1262 3502 1443 3584 Catholi-

353 3649 427 3704 cae
455 3624 631 3702 inimicis
659 3631 701 3702 ct
727 3623 933 3713 hostibus,
960 3647 1064 3723 nege
1092 3623 1268 3725 aliisque
1296 3621 1444 3701 Raso·

352 3745 439 3821 nis
465 3744 687 3823 sismaticis
716 3751 758 3820 et
785 3743 985 3822 hereticis
1015 3742 1265 3830 manifestis,
1305 3741 1444 3820 conie-

351 3863 614 3944 derationem
641 3863 773 3942 inistis
794 3869 837 3941 et
854 3861 988 3956 iteam,
1015 3863 1212 3964 illamque
1234 3865 1443 3961 juramen·

351 3991 489 4061 tonum
517 3983 905 4087 interpositionibus
935 3991 978 4062 et
1004 4005 1205 4087 penarum
1247 3977 1443 4058 adiectio·

349 4107 470 4185 nibus
498 4106 742 4186 roborastis.
796 4105 914 4206 Quod
944 4107 1042 4184 iicet
1077 4109 1232 4183 attenta
1272 4099 1443 4179 sinceri-

350 4236 433 4309 tate
474 4229 713 4310 devotionis
740 4237 783 4306 et
809 4225 931 4319 fidei,
973 4251 1095 4330 quam
1131 4235 1175 4306 tu
1212 4227 1254 4303 et
1281 4222 1440 4302 dictum
