3226 5112
345 352 418 418 alc·

346 557 747 646 Castellanis,
783 556 836 637 de
873 555 1033 636 civibus
1075 555 1258 648 lltini,
1296 585 1347 638 ac
1384 559 1451 634 de·

347 681 506 762 civihua
535 679 714 758 civitalia
741 681 884 760 Aust
899 680 985 756 ria
1001 705 1035 756 e.

449 799 502 878 ut
529 825 584 878 ex
611 823 721 876 nunc
750 802 918 902 captum
946 797 1017 889 sit,
1060 801 1176 900 quod
1204 823 1282 904 peu
1310 799 1440 878 colle·

347 923 457 1022 glum
485 921 710 1021 elligantuc
737 927 780 998 et
808 920 1022 1000 mittantur
1050 919 1132 1000 duo
1161 922 1295 999 nostri
1322 921 1441 998 uubi-

349 1044 424 1129 lea4
453 1045 650 1118 oratores
678 1039 812 1119 nostri
839 1039 890 1116 ad
906 1039 1064 1119 dictum
1079 1042 1295 1118 dominum
1324 1038 1442 1116 des·

350 1177 418 1267 pn
436 1169 451 1239 t
466 1189 491 1240 u
508 1187 576 1255 m,
615 1163 668 1240 ad
708 1161 957 1240 visitandum
987 1163 1281 1242 excellentiam
1311 1185 1444 1255 suam,

348 1309 443 1362 cum
470 1285 541 1364 illa
572 1283 885 1372 commissione,
914 1308 1022 1385 quae
1050 1285 1308 1364 couveniens
1336 1285 1403 1361 ait.

710 1420 815 1487 Secu.
841 1441 942 1486 cona.
967 1441 1047 1507 rog.
1070 1421 1145 1488 Lib.
1168 1420 1244 1508 XV.
1269 1421 1325 1487 ch.
1346 1423 1398 1484 24.

530 1589 812 1692 ccccxl.
852 1613 965 1690 uno.
997 1617 1058 1690 ιο.
1085 1609 1262 1690 lunii.

371 1773 555 1846 Oauonupn
579 1786 771 1844 uocaauuny
796 1767 974 1844 Cpllcnorn
997 1787 1155 1842 aeonum,
1177 1788 1239 1828 nou
1265 1785 1362 1827 aulae
1385 1786 1424 1840 aa

521 1893 557 1932 ra
579 1876 755 1933 illaeaaaue
780 1873 868 1932 raaia
892 1891 1039 1950 npeueay
1060 1892 1081 1950 y
1103 1873 1271 1935 Auuauilo.

452 2009 574 2110 Quod
597 2009 773 2113 sapienti
799 2009 891 2088 vino
919 2009 1020 2089 Nic
1037 2036 1062 2090 o
1080 2012 1092 2088 l
1111 2035 1177 2088 ao
1204 2011 1258 2088 de
1288 2009 1447 2088 Cata·

222 2179 226 2184 ·
280 2203 282 2208 .
350 2160 437 2218 uo,
485 2131 872 2212 cancellario
911 2139 955 2209 et
996 2133 1234 2210 oratori
1275 2131 1448 2207 illus·

349 2257 463 2336 tris
497 2252 720 2332 domini
757 2254 997 2358 despoti
1026 2253 1268 2344 Bassia,'
1302 2254 1352 2330 ad
1383 2275 1448 2330 re-

350 2373 617 2478 quisitionem
646 2395 709 2472 ga
726 2373 737 2448 l
754 2397 777 2448 e
794 2399 817 2451 a
832 2395 854 2450 ι·
869 2397 894 2448 ιι
909 2397 948 2450 m
987 2379 1031 2450 et
1058 2373 1323 2474 navigiorum
1352 2394 1449 2448 nus·

350 2503 540 2580 tuocum,
569 2517 674 2594 quae
703 2517 801 2570 eum
830 2493 1139 2572 conducentia
1167 2490 1451 2578 Albania,

348 2612 688 2717 respondeatur}
709 2610 823 2710 quod
851 2637 1000 2690 revera
1024 2611 1450 2714 singulariteu‘affecli

348 2756 492 2814 sumus
518 2761 618 2813 suae
647 2735 930 2814 excellentiae
959 2743 1003 2813 et
1029 2761 1173 2814 sumus
1196 2756 1365 2836 semper
1380 2755 1450 2834 pa·

348 2859 428 2936 uati
455 2858 496 2937 in
525 2859 689 2937 cunctis
717 2856 991 2959 possibilibus
1017 2857 1148 2937 alacri
1176 2857 1315 2937 auimo
1335 2878 1452 2933 com-

348 2983 542 3083 placeam
584 2978 783 3080 quodque
811 2976 945 3056 videri
974 2979 1153 3056 fecimus
1180 2982 1220 3056 in
1249 2982 1451 3056 arsenalu

350 3104 522 3190 nostro,
566 3106 609 3177 et
649 3124 733 3177 non
774 3099 1013 3198 reperimus
1057 3123 1134 3177 uns
1161 3096 1212 3174 ad
1241 3121 1452 3200 praesens

348 3219 507 3298 habene
535 3217 613 3296 nisi
642 3220 803 3318 galeam
823 3227 967 3306 unam,
982 3226 1122 3322 aptam
1139 3219 1190 3295 ad
1206 3215 1451 3298 conducen-

350 3343 447 3418 dum
477 3365 626 3443 equos,
654 3365 775 3442 quam
802 3340 935 3442 parati
964 3365 1107 3418 sumus
1136 3339 1188 3418 ad
1213 3362 1338 3417 omne
1356 3337 1450 3416 eius

350 3463 663 3566 beneplacitum
693 3461 771 3539 sibi
800 3460 914 3551 dare,
942 3467 987 3539 ut
1011 3463 1225 3541 conducat
1238 3457 1452 3538 excellen-

350 3585 448 3662 tiam
477 3607 595 3660 suam
632 3580 683 3657 ad
721 3583 815 3660 loca
849 3607 922 3660 suu
963 3581 1288 3668 Albaniae,
1330 3588 1374 3658 et
1416 3579 1454 3654 ai

347 3704 470 3806 plura
498 3702 665 3803 navigia
693 3704 852 3780 habene
881 3704 979 3795 vult,
1007 3709 1149 3805 potest
1174 3725 1269 3780 cum
1290 3697 1453 3780 civibus

350 3834 393 3902 et
420 3823 597 3904 subditis
624 3825 809 3910 nostris,
849 3831 981 3928 prout
1007 3847 1187 3903 necesse
1216 3822 1255 3898 ei
1283 3821 1454 3899 videtui·

352 3949 594 4034 convenire,
622 3971 716 4024 uem
746 3946 925 4050 amplam
955 3945 1018 4024 eis
1046 3943 1258 4024 licentiam
1282 3941 1453 4022 exhibe·

351 4061 485 4142 bimus
512 4089 614 4144 suae
644 4065 925 4143 excellentiae
953 4066 998 4142 in
1027 4065 1115 4146 hnc
1142 4060 1370 4144 seniendi.

367 4171 373 4188 Ι
679 4202 783 4270 seer.
805 4219 911 4268 cuna.
934 4213 1051 4289 rogat.
1072 4202 1148 4270 Lib.
1171 4201 1247 4267 XV.
1271 4197 1332 4286 cll.
1352 4195 1409 4262 2⁵.
