3226 5112
340 575 545 716 spectant,
572 617 615 690 et
642 612 767 694 etiam
793 609 870 688 sub
897 619 1042 690 nostra
1068 609 1328 702 obedientia,
1356 616 1435 686 tan·

343 759 467 836 quam
495 735 575 812 suh
604 759 708 812 vero
738 733 912 812 domino
949 757 1096 813 eorum
1126 733 1265 814 redire
1294 732 1439 808 volunt
1516 757 1520 770 ·

341 911 353 933 .
380 910 392 932 .
418 911 429 932 .
457 855 638 955 ,itaque
665 851 964 932 honestissime
1004 853 1095 957 ipsa
1124 850 1354 966 accepisti,
1398 859 1438 930 et

343 974 435 1079 ipso
476 975 630 1053 nullam
673 997 843 1053 oausam
884 973 1013 1052 habet
1054 973 1276 1076 quaerele;
1327 981 1371 1050 et
1409 973 1440 1050 si
1574 1061 1575 1068 Ν

344 1095 508 1174 diceret
537 1093 651 1197 quod
688 1093 856 1172 fuerunt
896 1092 1074 1183 condam
1116 1091 1355 1181 Batnae,
1396 1099 1437 1169 ot

341 1217 575 1316 propterea
604 1213 645 1291 ei
674 1217 883 1315 spectant,
911 1208 1023 1289 dions
1050 1214 1163 1314 quod
1192 1236 1242 1291 ea
1260 1211 1438 1309 justiori·

343 1357 414 1412 mo
430 1331 540 1413 bello
556 1333 840 1437 munivimus,
869 1356 892 1410 a
914 1334 1032 1411 dioto
1048 1332 1228 1412 condam
1255 1331 1289 1409 Β
1305 1355 1328 1408 a
1344 1333 1355 1408 Ι
1371 1357 1392 1408 s
1407 1354 1439 1418 a,

345 1453 441 1553 quia
470 1452 1010 1532 condamdominus
1039 1451 1340 1551 Georgius
1374 1475 1439 1554 pa·

233 1623 238 1642 .
345 1577 538 1664 toranus,
565 1574 691 1652 nobis
714 1573 891 1654 dederat
917 1571 1028 1652 Seu
1044 1581 1095 1650 ta
1112 1595 1227 1650 rum
1256 1580 1298 1650 et
1325 1570 1438 1650 Dri-

344 1698 591 1782 vastum,
621 1697 780 1796 etipse
809 1694 931 1772 Balsa
959 1693 1072 1772 nulla
1101 1691 1286 1791 legitima
1311 1714 1438 1770 causa
1574 1741 1575 1776 ἕ

344 1813 657 1918 praecedente,
700 1815 919 1917 praedicta
961 1815 1055 1894 toea
1096 1811 1218 1892 nobis
1259 1811 1438 1891 aufferre

344 1933 476 2014 voluit
505 1987 666 2014 .....

447 2054 493 2131 li
519 2079 624 2134 vero
652 2057 776 2136 vobis
802 2055 1013 2136 videbitur
1040 2053 1307 2134 scribendum
1345 2077 1440 2132 esse

346 2177 470 2254 etlam
497 2178 535 2257 Α
550 2177 562 2254 l
579 2203 603 2256 e
618 2176 671 2254 ib
688 2202 807 2280 ego,
835 2177 1028 2257 debeatis
1045 2178 1085 2254 ei
1100 2173 1305 2268 seribere,
1324 2174 1439 2276 quod

345 2297 442 2378 toea
481 2305 628 2376 nostra
670 2299 840 2378 fuerunt
887 2305 929 2378 et
969 2298 1093 2378 nobis
1143 2303 1318 2400 accepta
1363 2317 1441 2400 per

346 2415 589 2496 nondam
643 2419 954 2526 despotum
1009 2419 1343 2503 stefanum,
1400 2423 1441 2494 et

344 2537 634 2638 despotus
663 2539 956 2639 Georgius
996 2539 1066 2616 illa
1095 2538 1218 2616 nobis
1248 2535 1438 2616 restitue·

343 2656 572 2748 revomit,
613 2659 785 2760 etipsa
823 2660 918 2739 loca
955 2656 1033 2735 sub
1070 2663 1219 2737 nostro
1250 2657 1440 2737 dominio

344 2835 389 2854 ..
418 2839 427 2852 .
456 2778 596 2857 redire
624 2781 850 2858 votuerunt
878 2840 885 2853 .
915 2838 923 2856 .
951 2834 962 2856 .
996 2778 1269 2860 nihilominus
1296 2784 1440 2881 potes·

342 2899 394 2975 tis
421 2897 580 2976 intrare
609 2923 704 2977 oum
720 2899 927 2998 Aleibogo
958 2901 1008 2977 ad
1036 2899 1254 3002 pratioam,
1281 2903 1326 2977 et
1340 2923 1439 3002 pro·

345 3019 512 3098 mitter'e
540 3019 730 3124 eiusque
758 3007 934 3101 ducatos
963 3021 1185 3099 Voentum
1214 3021 1253 3098 in
1275 3043 1443 3096 annum.

345 3137 398 3216 ut
423 3141 459 3216 si
489 3141 804 3220 eontentabitur
823 3143 944 3228 bene,
972 3142 1139 3220 sivero
1167 3165 1267 3231 non,
1295 3139 1443 3218 damus

346 3259 422 3337 tibi
451 3260 684 3342 libertatem
719 3260 934 3341 scribendi
970 3285 1122 3364 magno
1149 3262 1324 3341 Teucro
1354 3267 1443 3339 ete.

386 3421 395 3439 ι
423 3423 432 3442 ·
461 3419 472 3442 ·
531 3461 536 3474 ’
691 3466 796 3534 Secr.
820 3435 923 3534 cons.
947 3485 1025 3554 rog.
1048 3467 1122 3532 Lib.
1145 3467 1220 3533 XV.
1245 3465 1300 3532 ch.
1326 3466 1402 3530 117.

526 3687 766 3788 CDXIX·
796 3713 910 3790 1442.
938 3719 977 3792 5.
1005 3701 1083 3816 A'p
1101 3713 1148 3792 ri
1164 3712 1203 3792 li
1219 3737 1253 3792 s.

389 3869 573 3944 Oaroaopn
597 3887 838 3944 nooaarrnnnua
862 3889 965 3948 apaan
986 3875 1210 3932 Boeauonorn
1235 3890 1275 3931 na
1299 3890 1402 3932 unaue

636 3972 754 4032 unione
778 3991 960 4035 narrentur
983 3994 1003 4033 n
1027 3973 1147 4036 uoadn.

450 4105 569 4204 Quod
585 4104 939 4188 ambassatoribus
952 4109 1212 4188 serenissimi
1241 4107 1443 4187 domini

348 4225 495 4323 regis
521 4223 785 4308 Bossinae
813 4230 1134 4335 respondeatur.
