3186 5112
354 401 420 468 ltdd

355 605 534 688 dedra
550 635 587 692 e,
616 606 668 684 sit
694 605 887 682 situatum
914 601 956 680 iu
985 603 1108 689 loco,
1136 603 1269 704 quisi
1296 603 1441 706 perve'·

354 725 463 804 niret
492 726 543 805 ad
572 751 716 804 manus
744 723 905 823 regis
932 721 1289 823 Hungariae.
1319 723 1440 801 cede

354 855 419 928 ret
434 850 485 926 ad
502 871 695 948 magnum
716 845 948 948 periculum
977 844 1171 922 locorum
1198 851 1440 924 nostrorum

354 969 671 1060 Dalmatiae,
699 976 741 1045 et
767 968 803 1043 si
828 965 1070 1070 perveniret
1096 971 1148 1044 ad
1176 989 1319 1043 manus
1346 989 1440 1046 nos·

355 1101 440 1170 tras
466 1091 882 1186 velconservaretur
907 1089 948 1164 in
978 1088 1166 1164 manibus
1194 1085 1439 1174 sandali,
1584 1103 1586 1124 ¹

354 1221 399 1290 ut
426 1222 489 1291 est
517 1213 566 1289 ad
606 1235 832 1315 praesens,
872 1209 1128 1288 redundaret
1166 1209 1206 1286 in
1246 1231 1438 1306 magnam
1584 1287 1586 1320 Ι

354 1334 624 1412 securitatem
641 1338 683 1409 et
698 1329 1041 1410 commoditatem
1069 1331 1327 1429 agendorum
1344 1329 1437 1406 rios·
1585 1409 1586 1420 Ν

355 1461 514 1533 trorum
543 1455 797 1556 inpartibus
825 1449 905 1528 illis
935 1449 1176 1529 Dalmatiae.
1217 1447 1440 1530 Scribatur

354 1575 593 1655 rectoribus
621 1573 776 1652 nostris
804 1571 959 1652 dadrae
987 1572 1124 1652 iubae
1151 1572 1298 1658 forma.
1326 1570 1438 1648 vide·

354 1697 462 1774 licet.

455 1813 705 1919 Recepimus
749 1816 910 1893 litteras
949 1821 1110 1894 vestras
1137 1817 1254 1893 datas
1282 1821 1437 1894 octavo

352 1939 509 2015 mensis
537 1935 751 2032 instantis,
795 1935 1056 2013 continentes
1085 1936 1437 2013 castellanum

353 2057 520 2137 castri
557 2054 922 2156 Ostrovicae
949 2053 1123 2160 petiisse
1150 2078 1171 2129 a
1200 2057 1319 2134 vobis
1347 2055 1438 2136 sub·
1505 2097 1511 2106 -

350 2177 497 2256 sidium
524 2201 603 2280 pro
633 2175 952 2256 conservatione
979 2173 1079 2254 dicti
1107 2175 1247 2274 castri,
1281 2183 1324 2255 et
1350 2200 1437 2257 res·

350 2299 601 2401 ponsionem
628 2321 707 2399 per
733 2320 810 2373 vos
838 2296 990 2371 nuncio
1006 2317 1086 2372 suo
1114 2295 1279 2384 factam,
1307 2304 1350 2374 et
1375 2297 1433 2375 in·

351 2418 644 2496 formationem
684 2414 806 2494 vobis
834 2417 969 2493 datam
1004 2417 1226 2519 perillum
1262 2415 1435 2495 dadren-

350 2563 464 2627 sem,
508 2538 578 2640 qui
619 2535 721 2614 dicit
760 2537 956 2614 nuncium
1001 2529 1100 2615 dicti
1141 2538 1356 2616 castellani
1395 2539 1436 2615 ei

349 2658 585 2756 motioasse,
613 2657 877 2758 quodquam
906 2655 1062 2734 dictum
1077 2665 1263 2735 castrum
1288 2663 1437 2737 tenere

349 2803 432 2856 non
460 2785 619 2882 posset,
646 2777 786 2880 potius
811 2779 931 2856 daret
946 2777 1046 2855 iuud
1074 2783 1222 2857 nostro
1240 2777 1438 2870 dominio,

350 2921 473 3001 quam
502 2898 622 2977 alicui
651 2898 780 2978 alteri.
815 2899 867 2978 Et
894 2903 1126 3003 propterea
1155 2922 1250 2978 cum
1278 2899 1437 2979 nostris

350 3019 536 3098 consitiis
565 3028 814 3119 rogatorum
842 3027 885 3098 et
911 3018 1133 3100 additionis
1174 3019 1293 3101 vobis
1331 3022 1433 3100 scri·

349 3139 483 3218 bimus
512 3145 562 3216 et
582 3141 850 3233 mandamus,
891 3147 1095 3243 quatenus
1136 3142 1327 3222 debeatis
1354 3167 1435 3245 per

349 3261 463 3338 illum
502 3260 696 3350 modum,
738 3262 807 3364 qui
845 3261 966 3339 vobis
1007 3263 1193 3364 prestior
1232 3271 1275 3342 et
1312 3287 1432 3342 secu·

348 3381 437 3456 rior
463 3379 684 3472 videbitur,
711 3383 912 3484 prosequi
941 3381 993 3459 ad
1022 3383 1278 3461 tractandum
1306 3391 1348 3461 et
1375 3382 1433 3460 in·

348 3501 444 3578 duci
471 3499 705 3580 faciendum
735 3504 1007 3582 castellanum
1023 3503 1122 3583 dicti
1151 3505 1277 3583 castri
1290 3501 1436 3582 Ostro-

347 3623 495 3722 ricae,
535 3621 650 3725 quod
678 3624 749 3701 det
775 3633 817 3704 et
843 3624 1026 3724 assignet
1065 3625 1221 3704 dictum
1251 3633 1437 3704 castrum

347 3743 388 3820 in
428 3744 618 3823 manibus
660 3753 701 3823 et
736 3747 813 3822 sub
858 3745 1048 3824 custodia
1077 3749 1212 3824 nostri
1250 3745 1436 3825 dominii.

347 3861 400 3940 nt
418 3863 454 3940 si
480 3865 582 3941 illud
611 3873 793 3946 castrum
820 3865 980 3944 habere
1008 3869 1217 3970 poteritis,
1244 3865 1436 3947 debeatis

349 3981 487 4084 ipsum
528 3987 726 4092 accipere
762 3993 805 4064 et
833 3985 1035 4066 custodiri
1074 3988 1216 4068 facere
1256 3989 1367 4070 bane
1394 3993 1437 4066 et

348 4103 622 4196 sufficienter,
649 4118 693 4185 ut
722 4113 1000 4186 conservetur
1026 4109 1075 4186 ad
1104 4107 1314 4187 honorem
1340 4133 1434 4187 nos·

347 4231 471 4303 trum.
527 4225 699 4324 Quando
739 4252 845 4304 vero
887 4225 1021 4328 ipsum
1065 4235 1246 4308 castrum
1272 4227 1432 4308 habere

347 4369 430 4422 nou
458 4349 666 4449 possetis,
707 4345 894 4427 debeatis
930 4347 1031 4426 dare
1060 4347 1184 4429 dicto«
1205 4351 1432 4430 castellano
