3192 5112
339 389 383 453 74

342 593 436 678 darn
483 593 730 673 comitis
769 594 1048 696 Nelipcii‚
1095 596 1311 698 etipsum
1354 619 1433 674 co·
1529 615 1530 618 ‘

342 717 536 794 mitem
580 711 1033 792 Constantinum
1073 723 1115 794 et
1156 715 1433 796 comitem

342 833 723 921 Maledinum,
765 857 888 934 quarn
927 833 1026 911 alias
1062 833 1133 913 ubi
1162 841 1205 912 et
1230 837 1337 916 sicut
1365 861 1434 914 ex·
1586 873 1587 876 Ν

341 956 549 1061 pedierit,
590 953 705 1056 quod
732 962 871 1032 cesset
898 967 941 1031 et
967 953 1170 1033 abstineat
1198 979 1221 1030 a
1248 955 1434 1060 praedic·

342 1077 408 1161 tis,
437 1085 477 1154 et
506 1075 620 1177 quod
650 1084 769 1175 pacta
806 1084 1054 1166 serventur,
1090 1075 1366 1179 protestando
1393 1077 1434 1154 in

342 1194 429 1273 hoc
456 1195 677 1298 perillum
705 1193 898 1282 modurn,
939 1195 1009 1296 qui
1037 1196 1075 1270 ei
1105 1195 1250 1274 utilior
1276 1195 1433 1274 videbi·

346 1323 426 1394 tur.
466 1313 520 1392 Et
545 1315 756 1394 scribatur
783 1315 910 1392 etiam
938 1315 1148 1414 collegio,
1176 1314 1291 1417 quod
1320 1315 1435 1394 circa

345 1437 540 1516 ellectum
582 1435 823 1514 intentionis
871 1442 1040 1514 nostrae
1079 1437 1120 1512 in
1163 1436 1273 1538 lacto
1315 1458 1435 1539 prae·

343 1560 485 1649 misso,
514 1565 745 1660 procurent
773 1564 815 1634 et
843 1557 993 1636 iaciant
1020 1555 1061 1638 id
1090 1559 1190 1635 boni
1219 1558 1333 1660 quod
1359 1583 1433 1661 po·

345 1683 501 1756 terunt.

870 1777 976 1844 Secr.
998 1780 1089 1868 neg.
1114 1778 1187 1843 Lib.
1211 1777 1237 1842 l.
1261 1779 1316 1844 ch.
1341 1777 1393 1844 53.

494 1933 686 2029 Lxlll.
726 1955 835 2028 nuo.
872 1955 897 2026 n
933 1949 1285 2055 Septembris.

345 2147 529 2221 Osronopn
566 2158 666 2213 susae
703 2118 879 2202 Mserause
913 2161 954 2202 na
990 2159 1211 2220 upepuoatess
1245 2113 1435 2202 noesauasa

719 2249 801 2305 tiana
825 2252 1052 2307 Boceucsora.

450 2419 606 2524 Capta:
656 2417 910 2497 Examinatis
953 2419 1144 2522 capitulis
1192 2423 1436 2498 ambaxatae

346 2540 470 2619 nobis
497 2541 714 2645 expositae
742 2564 821 2642 per
857 2542 1163 2642 dompnum
1199 2539 1436 2642 llelyam

346 2687 425 2766 pro
453 2669 573 2766 parte
602 2659 760 2738 domini
794 2659 925 2736 beni
952 2659 1259 2760 Bossinae,
1290 2686 1437 2740 consu·

346 2786 436 2861 lunt
462 2780 670 2884 sapientes
699 2788 740 2858 et
768 2779 919 2882 primo,
959 2781 1021 2856 ad
1059 2783 1302 2884 primurn
1333 2785 1440 2886 capi·

347 2905 492 3010 tulum‚
523 2899 742 2978 continens
771 2899 823 2978 de
860 2903 1014 2980 [anione
1051 2910 1093 2978 et
1131 2899 1214 3002 lige
1249 2901 1439 2981 iacienda

347 3049 442 3103 curn
471 3047 523 3100 eo
553 3027 595 3098 et
624 3031 702 3098 cet.
757 3019 1079 3124 Respondentur
1120 3047 1215 3100 cunr
1243 3022 1324 3099 illis
1352 3047 1440 3099 ver·

349 3147 547 3246 hisquae
576 3141 766 3219 dominio
805 3141 1065 3226 videbuntur,
1094 3145 1206 3244 quod
1233 3152 1345 3221 tanta
1374 3152 1438 3222 est

346 3264 444 3344 lldei
473 3273 515 3342 et
541 3261 781 3340 dilectionis
821 3261 1066 3354 sinceritas,
1108 3286 1230 3364 quarn
1267 3262 1307 3339 in
1344 3264 1436 3366 ipso

347 3390 456 3466 bano
487 3381 762 3484 cognovimus
790 3384 840 3458 ad
868 3389 1039 3461 nostros
1076 3382 1284 3468 honores,
1322 3385 1437 3486 quod

348 3507 544 3588 fidissime
573 3503 651 3583 sibi
679 3505 880 3581 audemus
906 3505 1093 3606 pandere
1122 3505 1161 3580 in
1180 3511 1312 3582 totum
1341 3531 1438 3584 con·

346 3625 547 3704 ditionem
577 3625 836 3722 agendorum
864 3629 1132 3710 nostrorum,
1161 3648 1268 3725 quae
1295 3631 1439 3727 potest

348 3748 523 3850 propria
564 3751 788 3846 reputare,
824 3749 868 3818 ut
908 3743 1095 3847 ipsorum
1136 3741 1274 3823 habita
1318 3743 1438 3846 plena

349 3867 522 3955 notitia,
567 3865 699 3968 possit
740 3863 854 3941 circa
894 3887 944 3941 ea
985 3865 1282 3952 considerare,
1332 3887 1438 3966 quae

348 3987 518 4063 veniunt
566 3982 871 4063 rationabiliter
919 3984 1181 4063 attendenda.
1233 3983 1440 4087 Equidem

348 4131 496 4185 verum
513 4115 590 4194 est,
617 4107 725 4187 sicut
752 4129 831 4211 per
856 4111 1023 4185 nostras
1052 4107 1257 4208 speciales
1280 4107 1440 4184 litteras

349 4227 428 4310 sibi
456 4229 697 4334 scripsimus
737 4235 831 4308 ante
872 4225 1094 4304 adventurn
1133 4225 1232 4306 dicti
1269 4225 1440 4330 dompni
