<?xml version="1.0" encoding="UTF-8"?>
<!DOCTYPE html PUBLIC "-//W3C//DTD XHTML 1.0 Transitional//EN"
    "http://www.w3.org/TR/xhtml1/DTD/xhtml1-transitional.dtd">
<html xmlns="http://www.w3.org/1999/xhtml" xml:lang="en" lang="en">
 <head>
  <title>
</title>
<meta http-equiv="Content-Type" content="text/html;charset=utf-8" />
  <meta name='ocr-system' content='tesseract 3.04.00' />
  <meta name='ocr-capabilities' content='ocr_page ocr_carea ocr_par ocr_line ocrx_word'/>
</head>
<body>
  <div class='ocr_page' id='page_1' title='image "./actaarchivivene00sergoog_0759.png"; bbox 0 0 3206 5110; ppageno 0'>
   <div class='ocr_carea' id='block_1_1' title="bbox 1185 391 1255 466">
    <p class='ocr_par' dir='ltr' id='par_1_1' title="bbox 1185 391 1255 466">
     <span class='ocr_line' id='line_1_1' title="bbox 1185 391 1255 466; baseline 0 -7"><span class='ocrx_word' id='word_1_1' title='bbox 1185 391 1255 466; x_wconf 56' lang='grc' dir='ltr'>Μ</span> 
     </span>
    </p>
   </div>
   <div class='ocr_carea' id='block_1_2' title="bbox 147 598 1321 4322">
    <p class='ocr_par' dir='ltr' id='par_1_2' title="bbox 147 598 1264 3837">
     <span class='ocr_line' id='line_1_2' title="bbox 156 598 1250 704; baseline 0 -24"><span class='ocrx_word' id='word_1_2' title='bbox 156 601 262 680; x_wconf 79' lang='lat' dir='ltr'>exio.</span> <span class='ocrx_word' id='word_1_3' title='bbox 317 602 482 690; x_wconf 84' lang='lat' dir='ltr'>Item,</span> <span class='ocrx_word' id='word_1_4' title='bbox 525 601 620 680; x_wconf 86' lang='lat' dir='ltr'>chel</span> <span class='ocrx_word' id='word_1_5' title='bbox 658 603 824 704; x_wconf 79' lang='lat' dir='ltr'>prefato</span> <span class='ocrx_word' id='word_1_6' title='bbox 852 598 1250 704; x_wconf 75' lang='lat' dir='ltr'>magnifico&#39;signor</span> 
     </span>
     <span class='ocr_line' id='line_1_3' title="bbox 154 719 1247 824; baseline 0.002 -28"><span class='ocrx_word' id='word_1_7' title='bbox 154 719 283 799; x_wconf 77' lang='lat' dir='ltr'>Zorzi</span> <span class='ocrx_word' id='word_1_8' title='bbox 311 721 485 800; x_wconf 86' lang='lat' dir='ltr'>nornine</span> <span class='ocrx_word' id='word_1_9' title='bbox 515 747 600 824; x_wconf 91' lang='lat' dir='ltr'>quo</span> <span class='ocrx_word' id='word_1_10' title='bbox 629 721 845 824; x_wconf 77' lang='lat' dir='ltr'>supra,sia</span> <span class='ocrx_word' id='word_1_11' title='bbox 875 722 1057 823; x_wconf 85' lang='lat' dir='ltr'>tegnudo</span> <span class='ocrx_word' id='word_1_12' title='bbox 1087 720 1247 800; x_wconf 82' lang='lat' dir='ltr'>edebia</span> 
     </span>
     <span class='ocr_line' id='line_1_4' title="bbox 154 843 1247 924; baseline -0.002 -5"><span class='ocrx_word' id='word_1_13' title='bbox 154 843 296 921; x_wconf 80' lang='lat' dir='ltr'>deeior</span> <span class='ocrx_word' id='word_1_14' title='bbox 336 867 359 918; x_wconf 88' lang='lat' dir='ltr'>e</span> <span class='ocrx_word' id='word_1_15' title='bbox 402 845 551 921; x_wconf 81' lang='lat' dir='ltr'>brosor</span> <span class='ocrx_word' id='word_1_16' title='bbox 592 845 632 920; x_wconf 87' lang='lat' dir='ltr'>ie</span> <span class='ocrx_word' id='word_1_17' title='bbox 673 843 806 922; x_wconf 80' lang='lat' dir='ltr'>hasne</span> <span class='ocrx_word' id='word_1_18' title='bbox 843 844 926 923; x_wconf 78' lang='lat' dir='ltr'>iate</span> <span class='ocrx_word' id='word_1_19' title='bbox 953 869 1056 922; x_wconf 80' lang='lat' dir='ltr'>suso</span> <span class='ocrx_word' id='word_1_20' title='bbox 1094 845 1132 924; x_wconf 82' lang='lat' dir='ltr'>ie</span> <span class='ocrx_word' id='word_1_21' title='bbox 1159 843 1247 920; x_wconf 84' lang='lat' dir='ltr'>rivo</span> 
     </span>
     <span class='ocr_line' id='line_1_5' title="bbox 153 963 1249 1052; baseline -0.001 -12"><span class='ocrx_word' id='word_1_22' title='bbox 153 963 220 1041; x_wconf 87' lang='lat' dir='ltr'>dei</span> <span class='ocrx_word' id='word_1_23' title='bbox 248 963 334 1042; x_wconf 88' lang='lat' dir='ltr'>dito</span> <span class='ocrx_word' id='word_1_24' title='bbox 363 963 488 1042; x_wconf 86' lang='lat' dir='ltr'>flume</span> <span class='ocrx_word' id='word_1_25' title='bbox 517 965 570 1041; x_wconf 90' lang='lat' dir='ltr'>de</span> <span class='ocrx_word' id='word_1_26' title='bbox 601 963 637 1041; x_wconf 79' lang='lat' dir='ltr'>la</span> <span class='ocrx_word' id='word_1_27' title='bbox 667 963 829 1042; x_wconf 78' lang='lat' dir='ltr'>Boione</span> <span class='ocrx_word' id='word_1_28' title='bbox 870 965 936 1044; x_wconf 80' lang='lat' dir='ltr'>aio</span> <span class='ocrx_word' id='word_1_29' title='bbox 961 965 1113 1052; x_wconf 76' lang='lat' dir='ltr'>scotta,</span> <span class='ocrx_word' id='word_1_30' title='bbox 1143 974 1249 1040; x_wconf 84' lang='lat' dir='ltr'>ovet·</span> 
     </span>
     <span class='ocr_line' id='line_1_6' title="bbox 152 1083 1252 1191; baseline -0.003 -27"><span class='ocrx_word' id='word_1_31' title='bbox 152 1087 191 1164; x_wconf 80' lang='lat' dir='ltr'>oi</span> <span class='ocrx_word' id='word_1_32' title='bbox 220 1089 383 1162; x_wconf 79' lang='lat' dir='ltr'>stretto.</span> <span class='ocrx_word' id='word_1_33' title='bbox 411 1084 445 1160; x_wconf 77' lang='lat' dir='ltr'>lt</span> <span class='ocrx_word' id='word_1_34' title='bbox 474 1107 551 1186; x_wconf 88' lang='lat' dir='ltr'>per</span> <span class='ocrx_word' id='word_1_35' title='bbox 580 1085 621 1161; x_wconf 89' lang='lat' dir='ltr'>tc</span> <span class='ocrx_word' id='word_1_36' title='bbox 644 1085 805 1172; x_wconf 76' lang='lat' dir='ltr'>sinete,</span> <span class='ocrx_word' id='word_1_37' title='bbox 834 1085 875 1163; x_wconf 89' lang='lat' dir='ltr'>lo</span> <span class='ocrx_word' id='word_1_38' title='bbox 907 1086 1069 1191; x_wconf 74' lang='lat' dir='ltr'>prefato</span> <span class='ocrx_word' id='word_1_39' title='bbox 1098 1083 1252 1164; x_wconf 80' lang='lat' dir='ltr'>misser</span> 
     </span>
     <span class='ocr_line' id='line_1_7' title="bbox 152 1201 1247 1306; baseline -0.003 -26"><span class='ocrx_word' id='word_1_40' title='bbox 152 1205 195 1282; x_wconf 89' lang='lat' dir='ltr'>io</span> <span class='ocrx_word' id='word_1_41' title='bbox 225 1203 444 1304; x_wconf 82' lang='lat' dir='ltr'>capitaneo</span> <span class='ocrx_word' id='word_1_42' title='bbox 473 1201 614 1282; x_wconf 81' lang='lat' dir='ltr'>diebio</span> <span class='ocrx_word' id='word_1_43' title='bbox 641 1202 730 1280; x_wconf 84' lang='lat' dir='ltr'>iore</span> <span class='ocrx_word' id='word_1_44' title='bbox 760 1203 926 1283; x_wconf 75' lang='lat' dir='ltr'>desiere</span> <span class='ocrx_word' id='word_1_45' title='bbox 956 1231 979 1283; x_wconf 90' lang='lat' dir='ltr'>e</span> <span class='ocrx_word' id='word_1_46' title='bbox 1007 1203 1174 1306; x_wconf 81' lang='lat' dir='ltr'>spinnar</span> <span class='ocrx_word' id='word_1_47' title='bbox 1210 1205 1247 1280; x_wconf 83' lang='lat' dir='ltr'>io</span> 
     </span>
     <span class='ocr_line' id='line_1_8' title="bbox 152 1323 1248 1426; baseline 0.002 -26"><span class='ocrx_word' id='word_1_48' title='bbox 152 1324 313 1403; x_wconf 81' lang='lat' dir='ltr'>bostida</span> <span class='ocrx_word' id='word_1_49' title='bbox 343 1323 424 1402; x_wconf 81' lang='lat' dir='ltr'>iate</span> <span class='ocrx_word' id='word_1_50' title='bbox 453 1347 531 1426; x_wconf 86' lang='lat' dir='ltr'>per</span> <span class='ocrx_word' id='word_1_51' title='bbox 546 1347 668 1402; x_wconf 84' lang='lat' dir='ltr'>mezo</span> <span class='ocrx_word' id='word_1_52' title='bbox 698 1327 733 1404; x_wconf 86' lang='lat' dir='ltr'>ia</span> <span class='ocrx_word' id='word_1_53' title='bbox 759 1323 889 1405; x_wconf 79' lang='lat' dir='ltr'>boetio</span> <span class='ocrx_word' id='word_1_54' title='bbox 906 1327 957 1404; x_wconf 89' lang='lat' dir='ltr'>de</span> <span class='ocrx_word' id='word_1_55' title='bbox 975 1325 1106 1404; x_wconf 74' lang='lat' dir='ltr'>Sento</span> <span class='ocrx_word' id='word_1_56' title='bbox 1123 1323 1248 1424; x_wconf 81' lang='lat' dir='ltr'>Sergi</span> 
     </span>
     <span class='ocr_line' id='line_1_9' title="bbox 151 1443 1248 1551; baseline 0 -27"><span class='ocrx_word' id='word_1_57' title='bbox 151 1449 203 1524; x_wconf 83' lang='lat' dir='ltr'>dn</span> <span class='ocrx_word' id='word_1_58' title='bbox 232 1447 353 1524; x_wconf 82' lang='lat' dir='ltr'>lcitro</span> <span class='ocrx_word' id='word_1_59' title='bbox 378 1443 466 1522; x_wconf 82' lang='lat' dir='ltr'>&#39;tadi</span> <span class='ocrx_word' id='word_1_60' title='bbox 492 1445 543 1524; x_wconf 89' lang='lat' dir='ltr'>de</span> <span class='ocrx_word' id='word_1_61' title='bbox 561 1447 599 1524; x_wconf 89' lang='lat' dir='ltr'>io</span> <span class='ocrx_word' id='word_1_62' title='bbox 624 1445 794 1526; x_wconf 77' lang='lat' dir='ltr'>Boiano.</span> <span class='ocrx_word' id='word_1_63' title='bbox 823 1447 911 1525; x_wconf 85' lang='lat' dir='ltr'>lte</span> <span class='ocrx_word' id='word_1_64' title='bbox 928 1471 988 1536; x_wconf 88' lang='grc' dir='ltr'>ιιι,</span> <span class='ocrx_word' id='word_1_65' title='bbox 1017 1445 1178 1551; x_wconf 85' lang='lat' dir='ltr'>perche</span> <span class='ocrx_word' id='word_1_66' title='bbox 1208 1445 1248 1524; x_wconf 88' lang='lat' dir='ltr'>ei</span> 
     </span>
     <span class='ocr_line' id='line_1_10' title="bbox 151 1567 1250 1671; baseline 0 -27"><span class='ocrx_word' id='word_1_67' title='bbox 151 1568 317 1671; x_wconf 81' lang='lat' dir='ltr'>prefato</span> <span class='ocrx_word' id='word_1_68' title='bbox 377 1567 524 1668; x_wconf 80' lang='lat' dir='ltr'>signer</span> <span class='ocrx_word' id='word_1_69' title='bbox 568 1567 721 1646; x_wconf 79' lang='lat' dir='ltr'>misser</span> <span class='ocrx_word' id='word_1_70' title='bbox 759 1567 885 1648; x_wconf 80' lang='lat' dir='ltr'>Zorzi</span> <span class='ocrx_word' id='word_1_71' title='bbox 928 1567 1129 1646; x_wconf 79' lang='lat' dir='ltr'>domanda</span> <span class='ocrx_word' id='word_1_72' title='bbox 1170 1592 1250 1671; x_wconf 88' lang='lat' dir='ltr'>per</span> 
     </span>
     <span class='ocr_line' id='line_1_11' title="bbox 150 1685 1248 1790; baseline 0.003 -29"><span class='ocrx_word' id='word_1_73' title='bbox 150 1687 215 1762; x_wconf 84' lang='lat' dir='ltr'>soi</span> <span class='ocrx_word' id='word_1_74' title='bbox 256 1687 409 1764; x_wconf 76' lang='lat' dir='ltr'>errbditi</span> <span class='ocrx_word' id='word_1_75' title='bbox 446 1685 767 1785; x_wconf 66' lang='lat' dir='ltr'>tractionem,</span> <span class='ocrx_word' id='word_1_76' title='bbox 797 1687 810 1763; x_wconf 94' lang='lat' dir='ltr'>i</span> <span class='ocrx_word' id='word_1_77' title='bbox 846 1689 957 1790; x_wconf 79' lang='lat' dir='ltr'>quoii</span> <span class='ocrx_word' id='word_1_78' title='bbox 1003 1689 1040 1764; x_wconf 88' lang='lat' dir='ltr'>ei</span> <span class='ocrx_word' id='word_1_79' title='bbox 1082 1687 1248 1790; x_wconf 84' lang='lat' dir='ltr'>prefato</span> 
     </span>
     <span class='ocr_line' id='line_1_12' title="bbox 151 1805 1248 1910; baseline 0 -28"><span class='ocrx_word' id='word_1_80' title='bbox 151 1808 304 1884; x_wconf 81' lang='lat' dir='ltr'>misser</span> <span class='ocrx_word' id='word_1_81' title='bbox 332 1809 372 1884; x_wconf 89' lang='grc' dir='ltr'>Ιο</span> <span class='ocrx_word' id='word_1_82' title='bbox 395 1805 628 1910; x_wconf 74' lang='lat' dir='ltr'>Capitoneo</span> <span class='ocrx_word' id='word_1_83' title='bbox 657 1832 739 1886; x_wconf 90' lang='lat' dir='ltr'>non</span> <span class='ocrx_word' id='word_1_84' title='bbox 769 1809 822 1888; x_wconf 81' lang='lat' dir='ltr'>ho</span> <span class='ocrx_word' id='word_1_85' title='bbox 852 1807 1058 1888; x_wconf 77' lang='lat' dir='ltr'>tiberiade</span> <span class='ocrx_word' id='word_1_86' title='bbox 1075 1809 1126 1886; x_wconf 89' lang='lat' dir='ltr'>dc</span> <span class='ocrx_word' id='word_1_87' title='bbox 1143 1807 1248 1896; x_wconf 74' lang='lat' dir='ltr'>darii</span> 
     </span>
     <span class='ocr_line' id='line_1_13' title="bbox 151 1924 1264 2030; baseline 0.002 -28"><span class='ocrx_word' id='word_1_88' title='bbox 151 1936 368 2004; x_wconf 87' lang='lat' dir='ltr'>etc.sono</span> <span class='ocrx_word' id='word_1_89' title='bbox 398 1928 493 2005; x_wconf 82' lang='lat' dir='ltr'>stati</span> <span class='ocrx_word' id='word_1_90' title='bbox 523 1929 627 2006; x_wconf 87' lang='lat' dir='ltr'>ede</span> <span class='ocrx_word' id='word_1_91' title='bbox 656 1937 853 2030; x_wconf 77' lang='lat' dir='ltr'>presente</span> <span class='ocrx_word' id='word_1_92' title='bbox 895 1953 1003 2006; x_wconf 81' lang='lat' dir='ltr'>sono</span> <span class='ocrx_word' id='word_1_93' title='bbox 1048 1927 1100 2004; x_wconf 88' lang='lat' dir='ltr'>de</span> <span class='ocrx_word' id='word_1_94' title='bbox 1137 1924 1264 2030; x_wconf 49' lang='lat' dir='ltr'>ptam,</span> 
     </span>
     <span class='ocr_line' id='line_1_14' title="bbox 153 2043 1249 2150; baseline 0.002 -28"><span class='ocrx_word' id='word_1_95' title='bbox 153 2043 391 2124; x_wconf 91' lang='lat' dir='ltr'>concordio</span> <span class='ocrx_word' id='word_1_96' title='bbox 421 2047 431 2120; x_wconf 95' lang='lat' dir='ltr'>i</span> <span class='ocrx_word' id='word_1_97' title='bbox 462 2047 615 2150; x_wconf 84' lang='lat' dir='ltr'>prefati</span> <span class='ocrx_word' id='word_1_98' title='bbox 638 2047 811 2148; x_wconf 84' lang='lat' dir='ltr'>signori,</span> <span class='ocrx_word' id='word_1_99' title='bbox 840 2049 920 2128; x_wconf 89' lang='lat' dir='ltr'>che</span> <span class='ocrx_word' id='word_1_100' title='bbox 949 2049 960 2122; x_wconf 95' lang='lat' dir='ltr'>i</span> <span class='ocrx_word' id='word_1_101' title='bbox 989 2045 1249 2126; x_wconf 78' lang='lat' dir='ltr'>Pastrovichi</span> 
     </span>
     <span class='ocr_line' id='line_1_15' title="bbox 150 2167 1248 2270; baseline 0.003 -29"><span class='ocrx_word' id='word_1_102' title='bbox 150 2185 404 2263; x_wconf 78' lang='lat' dir='ltr'>romagnano</span> <span class='ocrx_word' id='word_1_103' title='bbox 433 2169 474 2244; x_wconf 94' lang='lat' dir='ltr'>in</span> <span class='ocrx_word' id='word_1_104' title='bbox 502 2168 826 2245; x_wconf 74' lang='lat' dir='ltr'>determination</span> <span class='ocrx_word' id='word_1_105' title='bbox 856 2171 920 2246; x_wconf 86' lang='lat' dir='ltr'>de.</span> <span class='ocrx_word' id='word_1_106' title='bbox 937 2169 974 2245; x_wconf 81' lang='lat' dir='ltr'>lc</span> <span class='ocrx_word' id='word_1_107' title='bbox 1002 2167 1164 2270; x_wconf 79' lang='lat' dir='ltr'>prefate</span> <span class='ocrx_word' id='word_1_108' title='bbox 1186 2192 1248 2244; x_wconf 81' lang='lat' dir='ltr'>se·</span> 
     </span>
     <span class='ocr_line' id='line_1_16' title="bbox 148 2283 1247 2388; baseline -0.001 -26"><span class='ocrx_word' id='word_1_109' title='bbox 148 2283 370 2364; x_wconf 81' lang='lat' dir='ltr'>renissime</span> <span class='ocrx_word' id='word_1_110' title='bbox 412 2284 533 2366; x_wconf 79' lang='lat' dir='ltr'>duco!</span> <span class='ocrx_word' id='word_1_111' title='bbox 575 2287 844 2388; x_wconf 79' lang='lat' dir='ltr'>signoriade</span> <span class='ocrx_word' id='word_1_112' title='bbox 872 2288 1076 2366; x_wconf 82' lang='lat' dir='ltr'>Veniexie</span> <span class='ocrx_word' id='word_1_113' title='bbox 1119 2309 1141 2363; x_wconf 86' lang='lat' dir='ltr'>c</span> <span class='ocrx_word' id='word_1_114' title='bbox 1180 2285 1247 2368; x_wconf 88' lang='lat' dir='ltr'>dei</span> 
     </span>
     <span class='ocr_line' id='line_1_17' title="bbox 148 2405 1249 2512; baseline 0.008 -30"><span class='ocrx_word' id='word_1_115' title='bbox 148 2405 317 2510; x_wconf 76' lang='lat' dir='ltr'>prefato</span> <span class='ocrx_word' id='word_1_116' title='bbox 347 2406 512 2510; x_wconf 82' lang='lat' dir='ltr'>illustre</span> <span class='ocrx_word' id='word_1_117' title='bbox 542 2410 735 2512; x_wconf 77' lang='lat' dir='ltr'>principe</span> <span class='ocrx_word' id='word_1_118' title='bbox 764 2410 816 2486; x_wconf 92' lang='lat' dir='ltr'>de</span> <span class='ocrx_word' id='word_1_119' title='bbox 845 2409 1042 2512; x_wconf 83' lang='lat' dir='ltr'>despoto.</span> <span class='ocrx_word' id='word_1_120' title='bbox 1083 2407 1249 2491; x_wconf 80' lang='lat' dir='ltr'>item,</span> 
     </span>
     <span class='ocr_line' id='line_1_18' title="bbox 149 2525 1248 2632; baseline 0.002 -28"><span class='ocrx_word' id='word_1_121' title='bbox 149 2525 231 2605; x_wconf 88' lang='lat' dir='ltr'>che</span> <span class='ocrx_word' id='word_1_122' title='bbox 262 2527 337 2606; x_wconf 81' lang='lat' dir='ltr'>tuti</span> <span class='ocrx_word' id='word_1_123' title='bbox 379 2527 389 2604; x_wconf 94' lang='lat' dir='ltr'>i</span> <span class='ocrx_word' id='word_1_124' title='bbox 426 2529 597 2630; x_wconf 81' lang='lat' dir='ltr'>preeoni</span> <span class='ocrx_word' id='word_1_125' title='bbox 639 2529 719 2608; x_wconf 91' lang='lat' dir='ltr'>che</span> <span class='ocrx_word' id='word_1_126' title='bbox 761 2555 867 2608; x_wconf 85' lang='lat' dir='ltr'>sono</span> <span class='ocrx_word' id='word_1_127' title='bbox 910 2529 1017 2609; x_wconf 82' lang='lat' dir='ltr'>stedi</span> <span class='ocrx_word' id='word_1_128' title='bbox 1058 2527 1172 2632; x_wconf 84' lang='lat' dir='ltr'>prosi</span> <span class='ocrx_word' id='word_1_129' title='bbox 1213 2529 1248 2606; x_wconf 86' lang='lat' dir='ltr'>si</span> 
     </span>
     <span class='ocr_line' id='line_1_19' title="bbox 149 2648 1248 2754; baseline 0.004 -30"><span class='ocrx_word' id='word_1_130' title='bbox 149 2668 232 2752; x_wconf 87' lang='lat' dir='ltr'>per</span> <span class='ocrx_word' id='word_1_131' title='bbox 260 2648 282 2724; x_wconf 89' lang='lat' dir='ltr'>i&#39;</span> <span class='ocrx_word' id='word_1_132' title='bbox 297 2671 376 2726; x_wconf 82' lang='lat' dir='ltr'>una</span> <span class='ocrx_word' id='word_1_133' title='bbox 404 2655 524 2751; x_wconf 83' lang='lat' dir='ltr'>perte</span> <span class='ocrx_word' id='word_1_134' title='bbox 554 2651 711 2728; x_wconf 84' lang='lat' dir='ltr'>chorno</span> <span class='ocrx_word' id='word_1_135' title='bbox 742 2651 910 2737; x_wconf 71' lang='lat' dir='ltr'>instra,</span> <span class='ocrx_word' id='word_1_136' title='bbox 940 2650 1005 2727; x_wconf 85' lang='lat' dir='ltr'>dol</span> <span class='ocrx_word' id='word_1_137' title='bbox 1034 2648 1248 2754; x_wconf 86' lang='lat' dir='ltr'>principio</span> 
     </span>
     <span class='ocr_line' id='line_1_20' title="bbox 147 2768 1246 2869; baseline 0 -23"><span class='ocrx_word' id='word_1_138' title='bbox 147 2769 200 2846; x_wconf 90' lang='lat' dir='ltr'>de</span> <span class='ocrx_word' id='word_1_139' title='bbox 229 2769 269 2844; x_wconf 87' lang='lat' dir='ltr'>ie</span> <span class='ocrx_word' id='word_1_140' title='bbox 296 2768 491 2869; x_wconf 83' lang='lat' dir='ltr'>predicte</span> <span class='ocrx_word' id='word_1_141' title='bbox 517 2769 727 2848; x_wconf 83' lang='lat' dir='ltr'>discordie</span> <span class='ocrx_word' id='word_1_142' title='bbox 745 2795 767 2848; x_wconf 88' lang='lat' dir='ltr'>e</span> <span class='ocrx_word' id='word_1_143' title='bbox 785 2772 995 2857; x_wconf 82' lang='lat' dir='ltr'>novitode,</span> <span class='ocrx_word' id='word_1_144' title='bbox 1011 2795 1121 2848; x_wconf 82' lang='lat' dir='ltr'>sono</span> <span class='ocrx_word' id='word_1_145' title='bbox 1139 2776 1246 2848; x_wconf 83' lang='lat' dir='ltr'>stote</span> 
     </span>
     <span class='ocr_line' id='line_1_21' title="bbox 148 2888 1246 2992; baseline 0.004 -28"><span class='ocrx_word' id='word_1_146' title='bbox 148 2888 258 2968; x_wconf 90' lang='lat' dir='ltr'>inter</span> <span class='ocrx_word' id='word_1_147' title='bbox 287 2890 324 2968; x_wconf 79' lang='lat' dir='ltr'>ia</span> <span class='ocrx_word' id='word_1_148' title='bbox 351 2889 514 2992; x_wconf 80' lang='lat' dir='ltr'>prefato</span> <span class='ocrx_word' id='word_1_149' title='bbox 551 2891 693 2970; x_wconf 81' lang='lat' dir='ltr'>inclite</span> <span class='ocrx_word' id='word_1_150' title='bbox 730 2891 915 2992; x_wconf 81' lang='lat' dir='ltr'>signoria</span> <span class='ocrx_word' id='word_1_151' title='bbox 946 2891 998 2970; x_wconf 87' lang='lat' dir='ltr'>de</span> <span class='ocrx_word' id='word_1_152' title='bbox 1025 2889 1246 2982; x_wconf 79' lang='lat' dir='ltr'>Venienin,</span> 
     </span>
     <span class='ocr_line' id='line_1_22' title="bbox 151 3009 1250 3116; baseline 0.001 -30"><span class='ocrx_word' id='word_1_153' title='bbox 151 3035 175 3086; x_wconf 87' lang='lat' dir='ltr'>e</span> <span class='ocrx_word' id='word_1_154' title='bbox 204 3010 231 3086; x_wconf 85' lang='lat' dir='ltr'>ii</span> <span class='ocrx_word' id='word_1_155' title='bbox 259 3009 418 3110; x_wconf 82' lang='lat' dir='ltr'>signori</span> <span class='ocrx_word' id='word_1_156' title='bbox 447 3009 639 3111; x_wconf 84' lang='lat' dir='ltr'>predicti,</span> <span class='ocrx_word' id='word_1_157' title='bbox 655 3011 731 3090; x_wconf 82' lang='lat' dir='ltr'>tuti</span> <span class='ocrx_word' id='word_1_158' title='bbox 760 3036 839 3114; x_wconf 86' lang='lat' dir='ltr'>per</span> <span class='ocrx_word' id='word_1_159' title='bbox 866 3036 945 3091; x_wconf 86' lang='lat' dir='ltr'>uno</span> <span class='ocrx_word' id='word_1_160' title='bbox 969 3021 1090 3116; x_wconf 80' lang='lat' dir='ltr'>parte</span> <span class='ocrx_word' id='word_1_161' title='bbox 1119 3036 1143 3088; x_wconf 90' lang='lat' dir='ltr'>e</span> <span class='ocrx_word' id='word_1_162' title='bbox 1171 3035 1250 3115; x_wconf 89' lang='lat' dir='ltr'>per</span> 
     </span>
     <span class='ocr_line' id='line_1_23' title="bbox 153 3129 1248 3235; baseline 0.002 -29"><span class='ocrx_word' id='word_1_163' title='bbox 153 3130 297 3218; x_wconf 82' lang='lat' dir='ltr'>i’altro,</span> <span class='ocrx_word' id='word_1_164' title='bbox 313 3129 430 3208; x_wconf 82' lang='lat' dir='ltr'>siano</span> <span class='ocrx_word' id='word_1_165' title='bbox 463 3131 613 3210; x_wconf 84' lang='lat' dir='ltr'>iaesadi</span> <span class='ocrx_word' id='word_1_166' title='bbox 642 3133 695 3210; x_wconf 88' lang='lat' dir='ltr'>de</span> <span class='ocrx_word' id='word_1_167' title='bbox 723 3141 922 3235; x_wconf 77' lang='lat' dir='ltr'>presente</span> <span class='ocrx_word' id='word_1_168' title='bbox 951 3132 1004 3210; x_wconf 88' lang='lat' dir='ltr'>de</span> <span class='ocrx_word' id='word_1_169' title='bbox 1031 3133 1248 3212; x_wconf 78' lang='lat' dir='ltr'>Thomoso</span> 
     </span>
     <span class='ocr_line' id='line_1_24' title="bbox 153 3249 1247 3358; baseline 0.002 -32"><span class='ocrx_word' id='word_1_170' title='bbox 153 3249 354 3338; x_wconf 63' lang='lat' dir='ltr'>Seniani,</span> <span class='ocrx_word' id='word_1_171' title='bbox 383 3253 421 3332; x_wconf 87' lang='lat' dir='ltr'>ei</span> <span class='ocrx_word' id='word_1_172' title='bbox 451 3254 546 3353; x_wconf 86' lang='lat' dir='ltr'><strong>qual</strong></span> <span class='ocrx_word' id='word_1_173' title='bbox 574 3279 622 3330; x_wconf 83' lang='lat' dir='ltr'>za</span> <span class='ocrx_word' id='word_1_174' title='bbox 650 3253 876 3332; x_wconf 82' lang='lat' dir='ltr'>iomenoto</span> <span class='ocrx_word' id='word_1_175' title='bbox 903 3279 980 3358; x_wconf 92' lang='lat' dir='ltr'>per</span> <span class='ocrx_word' id='word_1_176' title='bbox 1006 3255 1188 3354; x_wconf 85' lang='lat' dir='ltr'>prixone</span> <span class='ocrx_word' id='word_1_177' title='bbox 1208 3253 1247 3328; x_wconf 90' lang='lat' dir='ltr'>in</span> 
     </span>
     <span class='ocr_line' id='line_1_25' title="bbox 153 3369 1246 3474; baseline 0.008 -28"><span class='ocrx_word' id='word_1_178' title='bbox 153 3369 419 3450; x_wconf 77' lang='lat' dir='ltr'>Schiovonic.</span> <span class='ocrx_word' id='word_1_179' title='bbox 446 3371 494 3452; x_wconf 85' lang='grc' dir='ltr'>ΕΙ</span> <span class='ocrx_word' id='word_1_180' title='bbox 510 3373 674 3474; x_wconf 79' lang='lat' dir='ltr'>prefato</span> <span class='ocrx_word' id='word_1_181' title='bbox 703 3374 927 3474; x_wconf 80' lang='lat' dir='ltr'>magnifico</span> <span class='ocrx_word' id='word_1_182' title='bbox 958 3373 1246 3474; x_wconf 82' lang='lat' dir='ltr'>signoiZorzi</span> 
     </span>
     <span class='ocr_line' id='line_1_26' title="bbox 151 3495 1248 3597; baseline 0.005 -28"><span class='ocrx_word' id='word_1_183' title='bbox 151 3498 364 3595; x_wconf 82' lang='lat' dir='ltr'>prometto</span> <span class='ocrx_word' id='word_1_184' title='bbox 391 3517 517 3597; x_wconf 81' lang='lat' dir='ltr'>sopra</span> <span class='ocrx_word' id='word_1_185' title='bbox 548 3495 584 3570; x_wconf 82' lang='lat' dir='ltr'>ie</span> <span class='ocrx_word' id='word_1_186' title='bbox 615 3495 710 3572; x_wconf 77' lang='lat' dir='ltr'>tede</span> <span class='ocrx_word' id='word_1_187' title='bbox 750 3518 823 3572; x_wconf 76' lang='lat' dir='ltr'>ene</span> <span class='ocrx_word' id='word_1_188' title='bbox 856 3495 916 3572; x_wconf 66' lang='lat' dir='ltr'>de‘</span> <span class='ocrx_word' id='word_1_189' title='bbox 939 3495 1002 3572; x_wconf 78' lang='lat' dir='ltr'>iar</span> <span class='ocrx_word' id='word_1_190' title='bbox 1023 3499 1145 3596; x_wconf 80' lang='lat' dir='ltr'>juxte</span> <span class='ocrx_word' id='word_1_191' title='bbox 1173 3521 1248 3574; x_wconf 79' lang='lat' dir='ltr'>cun</span> 
     </span>
     <span class='ocr_line' id='line_1_27' title="bbox 150 3613 717 3714; baseline 0.005 -24"><span class='ocrx_word' id='word_1_192' title='bbox 150 3637 296 3714; x_wconf 70' lang='lat' dir='ltr'>peresa,</span> <span class='ocrx_word' id='word_1_193' title='bbox 327 3613 422 3692; x_wconf 86' lang='lat' dir='ltr'>chel</span> <span class='ocrx_word' id='word_1_194' title='bbox 451 3613 510 3694; x_wconf 81' lang='lat' dir='ltr'>sie</span> <span class='ocrx_word' id='word_1_195' title='bbox 542 3615 717 3694; x_wconf 81' lang='lat' dir='ltr'>icesado.</span> 
     </span>
     <span class='ocr_line' id='line_1_28' title="bbox 254 3731 1247 3837; baseline 0.004 -27"><span class='ocrx_word' id='word_1_196' title='bbox 254 3731 422 3818; x_wconf 86' lang='lat' dir='ltr'>item,</span> <span class='ocrx_word' id='word_1_197' title='bbox 453 3735 533 3816; x_wconf 90' lang='lat' dir='ltr'>che</span> <span class='ocrx_word' id='word_1_198' title='bbox 563 3758 639 3837; x_wconf 86' lang='lat' dir='ltr'>per</span> <span class='ocrx_word' id='word_1_199' title='bbox 676 3735 798 3834; x_wconf 83' lang='lat' dir='ltr'>aigun</span> <span class='ocrx_word' id='word_1_200' title='bbox 827 3737 985 3813; x_wconf 89' lang='lat' dir='ltr'>mnodo</span> <span class='ocrx_word' id='word_1_201' title='bbox 1014 3735 1079 3812; x_wconf 87' lang='lat' dir='ltr'>vio</span> <span class='ocrx_word' id='word_1_202' title='bbox 1108 3735 1247 3814; x_wconf 78' lang='lat' dir='ltr'>forme</span> 
     </span>
    </p>

    <p class='ocr_par' dir='ltr' id='par_1_3' title="bbox 150 3839 1321 4322">
     <span class='ocr_line' id='line_1_29' title="bbox 150 3839 1321 3960; baseline 0.002 -28"><span class='ocrx_word' id='word_1_203' title='bbox 150 3875 283 3932; x_wconf 79' lang='lat' dir='ltr'>roxon</span> <span class='ocrx_word' id='word_1_204' title='bbox 314 3877 418 3932; x_wconf 89' lang='lat' dir='ltr'>over</span> <span class='ocrx_word' id='word_1_205' title='bbox 447 3879 595 3944; x_wconf 78' lang='lat' dir='ltr'>coxon,</span> <span class='ocrx_word' id='word_1_206' title='bbox 623 3861 738 3937; x_wconf 80' lang='lat' dir='ltr'>tento</span> <span class='ocrx_word' id='word_1_207' title='bbox 763 3856 979 3960; x_wconf 74' lang='lat' dir='ltr'>inpretato</span> <span class='ocrx_word' id='word_1_208' title='bbox 1009 3857 1148 3935; x_wconf 77' lang='lat' dir='ltr'>inclito</span> <span class='ocrx_word' id='word_1_209' title='bbox 1176 3857 1245 3944; x_wconf 83' lang='lat' dir='ltr'>du·</span> <span class='ocrx_word' id='word_1_210' title='bbox 1319 3839 1321 3849; x_wconf 45' lang='lat'>⁵</span> 
     </span>
     <span class='ocr_line' id='line_1_30' title="bbox 151 3973 1246 4079; baseline 0.002 -25"><span class='ocrx_word' id='word_1_211' title='bbox 151 3975 215 4054; x_wconf 82' lang='lat' dir='ltr'>cel</span> <span class='ocrx_word' id='word_1_212' title='bbox 232 3973 422 4073; x_wconf 75' lang='lat' dir='ltr'>signoria</span> <span class='ocrx_word' id='word_1_213' title='bbox 438 3976 492 4053; x_wconf 89' lang='lat' dir='ltr'>de</span> <span class='ocrx_word' id='word_1_214' title='bbox 506 3975 724 4061; x_wconf 79' lang='lat' dir='ltr'>Venienin¹</span> <span class='ocrx_word' id='word_1_215' title='bbox 741 3999 764 4052; x_wconf 90' lang='lat' dir='ltr'>e</span> <span class='ocrx_word' id='word_1_216' title='bbox 781 3975 809 4052; x_wconf 87' lang='lat' dir='ltr'>li</span> <span class='ocrx_word' id='word_1_217' title='bbox 826 3977 888 4052; x_wconf 84' lang='lat' dir='ltr'>soi</span> <span class='ocrx_word' id='word_1_218' title='bbox 906 3975 1073 4064; x_wconf 74' lang='lat' dir='ltr'>onerati,</span> <span class='ocrx_word' id='word_1_219' title='bbox 1091 3983 1246 4079; x_wconf 82' lang='lat' dir='ltr'>quanto</span> 
     </span>
     <span class='ocr_line' id='line_1_31' title="bbox 150 4092 1244 4197; baseline 0.002 -25"><span class='ocrx_word' id='word_1_220' title='bbox 150 4097 161 4172; x_wconf 96' lang='lat' dir='ltr'>i</span> <span class='ocrx_word' id='word_1_221' title='bbox 186 4092 338 4197; x_wconf 87' lang='lat' dir='ltr'>prediti</span> <span class='ocrx_word' id='word_1_222' title='bbox 364 4094 527 4193; x_wconf 80' lang='lat' dir='ltr'>signori</span> <span class='ocrx_word' id='word_1_223' title='bbox 551 4103 593 4174; x_wconf 89' lang='lat' dir='ltr'>et</span> <span class='ocrx_word' id='word_1_224' title='bbox 620 4096 649 4174; x_wconf 87' lang='lat' dir='ltr'>li</span> <span class='ocrx_word' id='word_1_225' title='bbox 677 4097 741 4176; x_wconf 82' lang='lat' dir='ltr'>eoi</span> <span class='ocrx_word' id='word_1_226' title='bbox 771 4095 944 4176; x_wconf 74' lang='lat' dir='ltr'>officiali</span> <span class='ocrx_word' id='word_1_227' title='bbox 973 4105 1015 4174; x_wconf 86' lang='lat' dir='ltr'>et</span> <span class='ocrx_word' id='word_1_228' title='bbox 1043 4097 1244 4176; x_wconf 81' lang='lat' dir='ltr'>etiemdio</span> 
     </span>
     <span class='ocr_line' id='line_1_32' title="bbox 151 4213 1243 4322; baseline 0 -28"><span class='ocrx_word' id='word_1_229' title='bbox 151 4213 179 4294; x_wconf 86' lang='lat' dir='ltr'>ii</span> <span class='ocrx_word' id='word_1_230' title='bbox 208 4213 274 4293; x_wconf 76' lang='lat' dir='ltr'>soi</span> <span class='ocrx_word' id='word_1_231' title='bbox 304 4213 523 4296; x_wconf 78' lang='lat' dir='ltr'>adherenti</span> <span class='ocrx_word' id='word_1_232' title='bbox 552 4217 749 4322; x_wconf 85' lang='lat' dir='ltr'>complici</span> <span class='ocrx_word' id='word_1_233' title='bbox 769 4217 941 4320; x_wconf 82' lang='lat' dir='ltr'>sequaci</span> <span class='ocrx_word' id='word_1_234' title='bbox 956 4216 1110 4298; x_wconf 81' lang='lat' dir='ltr'>subditi</span> <span class='ocrx_word' id='word_1_235' title='bbox 1126 4239 1243 4296; x_wconf 83' lang='lat' dir='ltr'>roco·</span> 
     </span>
    </p>
   </div>
   <div class='ocr_carea' id='block_1_3' title="bbox 0 0 1608 5110">
    <p class='ocr_par' dir='ltr' id='par_1_4' title="bbox 0 0 1608 5110">
     <span class='ocr_line' id='line_1_33' title="bbox 0 0 1608 5110; baseline 0 2"><span class='ocrx_word' id='word_1_236' title='bbox 0 0 1608 5110; x_wconf 95' lang='lat' dir='ltr'> </span> 
     </span>
    </p>
   </div>
  </div>
 </body>
</html>
