3220 5118
320 453 326 466 .
379 389 451 462 <oro

374 606 472 682 ‚sius
500 601 661 682 domini
687 599 810 680 Bnise
839 599 950 678 butte
969 623 1043 682 suo
1069 598 1467 707 buttecouperqnus

382 724 563 804 ratificet
600 725 756 802 dictam
796 745 945 825 pacem
974 733 1018 802 et
1045 727 1185 803 omniu
1225 733 1268 808 et
1307 724 1467 825 singulo

384 849 581 922 contentu
610 845 649 920 in
680 868 754 930 eu,
796 842 987 922 debeatis
1011 842 1125 924 'dictu
1152 845 1249 930 locu
1278 845 1467 948 Dulcigni

383 972 424 1042 et
450 962 677 1054 Budue,nd
705 983 871 1044 omnem
899 963 1213 1064 requisitionem
1240 968 1467 1071 suprurcip·

383 1081 413 1161 ti
441 1082 596 1162 domini
624 1081 836 1173 munatii,
876 1089 1101 1186 prenotuto
1130 1085 1303 1172 domino
1331 1085 1468 1172 Bulse.

382 1211 451 1282 aut
488 1207 577 1302 ejus
615 1203 801 1305 legitimo
830 1201 999 1310 nuntio.
1040 1212 1237 1308 utsupra
1275 1206 1469 1298 diximus,

381 1345 476 1401 cum
504 1323 694 1401 omnibus
711 1347 859 1401 eorum
881 1323 1060 1419 juribus,
1085 1325 1364 1429 pertinentiis,
1391 1326 1469 1404 dis·
1543 1319 1546 1322 ’

382 1445 574 1524 trictibus
603 1445 794 1524 confiniis
822 1445 957 1523 iibere
986 1445 1263 1548 consignare,
1309 1473 1384 1526 seu
1413 1448 1469 1524 fu·

350 1638 351 1646 i
382 1589 483 1643 cere
511 1573 589 1669 'per
603 1572 799 1644 rectores
825 1577 995 1644 nostros
1023 1566 1233 1647 dictorum
1263 1571 1470 1660 iocorum,

379 1685 527 1787 quibus
556 1685 783 1790 superinde
805 1684 1026 1764 scribimus
1053 1713 1133 1790 per
1159 1689 1302 1766 literas
1330 1689 1468 1786 ciliga·

380 1813 441 1882 tus
467 1804 746 1910 presentibus
775 1829 877 1908 quas
905 1805 964 1882 eis
993 1805 1161 1886 mittere
1188 1807 1391 1896 debeatis,
1418 1807 1464 1885 ii·

379 1928 482 2005 bere
511 1925 768 2027 consignari.
794 1923 1069 2006 Observando
1097 1929 1223 2008 etium
1251 1937 1293 2008 et
1314 1927 1467 2006 incien-

377 2048 431 2126 do
459 2045 657 2149 predicto
679 2047 851 2124 domino
867 2045 1004 2137 Baius,
1023 2049 1074 2124 de
1089 2049 1303 2127 solutione
1330 2071 1467 2130 unnnu

377 2165 490 2244 mitte
518 2165 781 2264 ducatorum,
809 2169 855 2243 et
874 2166 1141 2244 deomnibus
1167 2168 1259 2244 eliis
1285 2167 1326 2245 in
1351 2169 1466 2248 dictu

376 2311 483 2390 pace
511 2287 750 2374 conventis,
779 2293 977 2389 quantum
1003 2288 1044 2366 in
1062 2285 1192 2370 *vobis
1219 2287 1370 2376 inerit,
1409 2289 1465 2366 in·

376 2405 632 2486 violabiliter
659 2405 887 2487 observari.
916 2405 1160 2492 Mandonius
1176 2407 1464 2506 autemrobis,

376 2530 488 2629 quod
517 2526 749 2608 rstiiiounte
772 2529 866 2632 ipso
887 2527 1057 2606 domino
1085 2527 1207 2606 Bnisu
1232 2527 1465 2634 predictum

374 2673 538 2750 pacem,
566 2649 682 2752 prius
711 2673 834 2752 quum
863 2647 1119 2751 consignetis
1148 2648 1308 2740 eidem,
1335 2655 1380 2733 et
1405 2649 1460 2732 iu·

376 2769 494 2848 cistis
521 2771 760 2870 consignari
787 2770 979 2872 predicte
1008 2771 1118 2868 loco,
1147 2767 1336 2852 debeatis
1361 2771 1464 2852 dex·

374 2896 442 2968 tro
470 2891 599 2966 modo
624 2887 906 2992 indetrnhere
933 2911 1080 2970 omnes
1097 2888 1364 2978 munitiones,
1379 2893 1464 2972 tum

373 3007 615 3088 victualium
644 3032 768 3110 quum
809 3031 1024 3086 armorum
1066 3011 1369 3109 cuiuscumque
1397 3029 1464 3108 ge·

373 3129 488 3206 neris
513 3127 609 3220 sint,
636 3136 679 3208 et
706 3130 914 3206 reducere
942 3128 1012 3208 ilio
1038 3125 1233 3237 Bouiani,
1273 3151 1367 3212 nam
1394 3153 1460 3210 vo·

374 3248 509 3328 lumus
547 3249 619 3326 iliu
658 3271 737 3352 pro
778 3253 925 3328 nostro
981 3248 1176 3340 comuni,
1229 3255 1275 3326 ut
1302 3251 1463 3347 justum

373 3373 448 3448 est.
478 3376 559 3448 etc.
585 3367 653 3448 die
673 3367 874 3452 XXVIIII
899 3369 1150 3450 Novembris
1177 3365 1466 3453 mccccxll.

869 3488 1180 3558 Commemoriaie
1203 3488 1245 3554 X.
1269 3487 1325 3556 ch.
1349 3487 1422 3554 133.

427 3589 789 3692 CCLXXVH·
820 3614 931 3689 1412.
957 3617 1020 3693 29.
1048 3613 1259 3694 Novem
1275 3610 1412 3694 bris.

373 3737 572 3808 Hanunece
593 3753 693 3812 nnesy
718 3753 736 3792 u
761 3753 925 3812 naneruny
957 3737 1115 3810 Μυκη,
1152 3754 1191 3812 μ
1221 3755 1260 3796 ιιι
1282 3737 1464 3798 semenare

416 3854 577 3896 nanenauu
602 3839 847 3913 Csunnpcnm,
868 3856 978 3920 npeue
1001 3857 1105 3918 rpunn
1128 3841 1267 3912 Vennum
1288 3840 1421 3898 Bumu.

383 3953 534 4034 Litora
560 3957 686 4034 missa
713 3957 859 4036 comiti
887 3963 930 4035 et
958 3961 1279 4062 capitaneo
1316 3957 1436 4038 Dui-

629 4078 791 4179 cigni
817 4101 897 4182 pro
926 4079 1039 4158 dictu
1066 4101 1203 4186 causo.

473 4212 537 4294 Ad
563 4215 803 4296 instantiam
829 4221 874 4294 et
900 4213 1223 4318 requisitionem
1250 4213 1454 4317 megniiici

369 4332 528 4416 domini
555 4331 800 4417 sanduli
827 4337 1017 4437 magni
1047 4337 1302 4420 vaivode
1326 4336 1477 4460 Bos-l
