3190 5110
1205 331 1399 481 ,γ’

172 603 349 686 hanni
391 601 760 708 Rupe-rantis
802 605 959 706 inelyte
1000 603 1272 682 venetiarum

174 725 283 824 duci,
315 753 368 806 ex
405 735 526 828 parte
555 726 716 827 egregii
745 733 787 802 et
815 725 1022 827 magnifici
1060 725 1164 810 viri,
1200 727 1270 804 du·

173 847 274 924 mini
306 846 599 924 dohaunis
643 847 773 924 hant
813 847 1002 923 totius
1040 846 1270 926 Sclave-

174 967 327 1046 ui'ae
1087 994 1094 1004 ’

275 1087 500 1186 Magnifice
539 1089 629 1166 viro
674 1098 714 1166 et
760 1089 922 1190 patenti
972 1089 1143 1167 domino
1184 1088 1268 1166 do·

175 1209 351 1286 hanni
391 1207 548 1306 inclyto
585 1206 681 1285 duei
709 1209 995 1299 venetiarum,
1025 1210 1271 1288 deminuet

174 1329 308 1408 amieo
338 1353 414 1406 suo
444 1330 704 1418 reverando,
738 1329 1041 1408 iohannes
1087 1335 1269 1408 banus

174 1453 329 1528 totius
357 1451 705 1530 sclavoniae
733 1452 907 1528 satutem
934 1479 1027 1530 uum
1053 1455 1268 1554 prumtitu-

173 1572 270 1650 diue
299 1571 533 1650 reverendi.
588 1571 634 1648 ln
665 1571 812 1649 titteris
849 1572 1001 1648 vestris
1030 1561 1153 1650 nobis
1181 1573 1268 1651 inti·

173 1693 342 1777 mastis,
380 1698 423 1768 ut
460 1697 656 1792 quantum
699 1692 876 1792 pecunia
917 1696 1061 1768 nostra
1097 1700 1267 1795 recepta

174 1819 289 1891 esset
316 1812 438 1892 vohis
462 1811 543 1890 tide
559 1819 702 1890 nostra
730 1814 941 1892 mediante
972 1814 1267 1892 scriberemus.

171 1928 255 2010 Nos
284 1933 410 2010 stiam
437 1931 557 2009 vobis
599 1933 868 2022 nunciamus,
904 1935 1016 2035 quod
1053 1959 1132 2012 nos
1160 1933 1267 2036 capi·

174 2055 298 2132 tatem
342 2052 559 2155 pausaniam
602 2060 788 2132 nostram
839 2055 1058 2132 habuimus
1108 2053 1266 2134 LXXX.

173 2176 367 2254 marchas
396 2182 439 2252 at
465 2177 738 2277 postmodum
779 2179 845 2254 itte
883 2179 1028 2256 iudeus
1065 2177 1267 2280 expendit

90 2395 94 2406 .
172 2295 441 2398 quadraginta
471 2296 521 2388 ad
550 2303 734 2376 nostram
764 2300 987 2388 rationem,
1013 2297 1122 2376 sieut
1145 2298 1266 2376 nobis

172 2419 288 2496 dixit.
335 2417 504 2494 Summa
531 2419 570 2494 in
600 2425 690 2496 toto
721 2427 891 2498 nostrae
920 2422 1123 2521 pecuniae
1154 2419 1266 2498 CXX

171 2537 367 2624 marche,
398 2538 596 2640 exceptis
632 2539 797 2624 usuris;
840 2565 933 2617 earm
963 2541 1098 2616 usuris
1128 2547 1263 2616 autem

172 2657 220 2734 ad
258 2678 335 2734 nos
373 2665 417 2735 et
444 2657 514 2737 hX
541 2660 733 2737 marchas
767 2661 1056 2761 ¹eourputavit,
1097 2661 1171 2738 sed
1212 2661 1264 2738 de

172 2778 335 2868 usuris,
376 2779 483 2858 sieut
520 2781 642 2858 vultis
681 2782 864 2871 faciatis,
903 2789 1090 2860 nostram
1128 2791 1265 2858 autem

170 2898 388 3000 pecuniam
428 2901 537 2978 sicat
578 2903 780 2990 diximus,
820 2904 923 2982 Cet
957 2903 1037 2980 XX
1072 2902 1263 2979 marchas

171 3019 293 3098 uubis
310 3021 415 3096 salvi
432 3023 591 3100 faciatis
606 3032 648 3100 et
663 3027 929 3125 postmodum
958 3025 1117 3102 litteras
1145 3050 1262 3102 seeu-

171 3139 304 3216 ritatis
332 3141 483 3218 vestris
498 3143 804 3221 mercatoribus
827 3167 905 3246 per
931 3145 1143 3233 districtus
1168 3169 1261 3222 nos·

169 3259 221 3335 tri
236 3258 408 3338 dominii
438 3271 480 3340 et
507 3272 747 3340 nostrorum
778 3267 1006 3342 amicorum
1036 3265 1262 3342 durifuaie·

169 3405 274 3467 mus,
312 3381 421 3458 sicut
448 3383 574 3460 etism
603 3409 624 3460 a
652 3383 775 3462 nobis
803 3410 944 3462 sumus
973 3386 1189 3488 cupientes
1220 3391 1261 3462 et

169 3502 365 3602 quidquid
392 3509 533 3580 restra
561 3505 798 3604 magnitudo
830 3503 980 3583 feeerit
1006 3507 1046 3582 in
1074 3506 1260 3608 praedie-

169 3621 234 3707 tis,
261 3619 384 3698 uobis
412 3623 453 3698 iu
482 3622 631 3702 titteris
659 3625 794 3702 velitis
823 3625 1027 3702 intimare.
1061 3628 1259 3704 Datum

169 3742 222 3818 iu
264 3741 415 3829 zris,
451 3743 491 3818 in
531 3745 640 3821 testo
676 3747 889 3822 martirum
918 3746 1088 3824 Fabiani
1117 3757 1159 3824 et
1189 3747 1257 3824 Se·
1296 3745 1297 3748 ’

170 3863 343 3942 hastiaui
371 3865 602 3945 beatorum.
699 3931 717 3960 0

929 4035 1031 4105 Gom.
1058 4043 1083 4104 Ι.
1108 4041 1160 4105 ch·
1186 4043 1214 4104 l.
