3206 5110
1179 430 1245 495 ⁵⁷⁷
1395 509 1397 516 .

140 635 524 724 desuererunt,
561 636 603 708 nt
645 635 793 732 omnes
835 632 939 708 atibs
982 631 1176 712 introitus
1204 643 1246 714 et

139 751 487 832 honorificentias
526 751 751 828 comitatus
792 745 1028 838 consuetas,
1057 759 1244 854 excepto

139 873 314 952 introitu
343 871 455 951 satis.
509 869 693 948 Obsides
722 877 861 949 nutem
890 873 1049 950 dabunt
1076 869 1245 970 Rugusi·

140 993 182 1069 ni
212 991 437 1071 duodecim
467 991 521 1069 de
548 989 778 1070 duodecim
805 991 1099 1094 parentatibus
1128 989 1245 1067 nobi·

141 1113 294 1191 tiuruin
325 1113 435 1190 itlius
463 1119 578 1190 terre
606 1115 849 1191 moraturos
873 1117 1044 1215 semper
1071 1135 1149 1188 sex
1177 1109 1247 1189 'ob-

140 1233 254 1310 sides
283 1233 324 1309 in
352 1233 531 1314 Venetici
573 1234 623 1311 ud
652 1232 903 1338 expendium
932 1223 1244 1332 Rugusinorum

78 1369 83 1390 ¹
143 1355 184 1431 in
213 1352 353 1431 medio
381 1377 506 1440 enno,
534 1359 576 1430 et
603 1353 710 1430 utios
736 1378 907 1456 semper
933 1353 973 1430 in
1003 1352 1142 1433 medio
1178 1377 1244 1432 un·

141 1477 197 1552 no'
227 1473 266 1550 in
296 1472 561 1552 concambio.
601 1473 654 1550 nt
681 1473 716 1548 si
745 1472 893 1574 uliquis
932 1479 1081 1550 eorum
1112 1494 1247 1550 ruore.
1364 1545 1367 1554 .

144 1600 262 1670 retur
287 1593 354 1668 vei
384 1593 555 1692 sugerit,
583 1591 741 1670 dubunt
767 1593 892 1670 ulium
935 1593 975 1670 in
1005 1593 1101 1672 tuco
1143 1593 1248 1690 ujus.

143 1711 347 1790 lurubunt
374 1717 512 1788 eutem
542 1711 869 1810 eomesRugusii
886 1717 928 1789 et
956 1710 1185 1814 antepositi
1206 1709 1246 1787 in

146 1831 288 1934 utiquo
333 1832 481 1910 officio
522 1831 727 1923 civitatis,
755 1837 797 1909 et
824 1831 1113 1936 unusquisque
1140 1831 1247 1910 insu·

145 1976 226 2056 per
250 1977 329 2055 pro
357 1975 436 2028 suo
467 1949 621 2056 cupite,
647 1976 694 2028 se
722 1951 783 2028 sic
824 1952 963 2030 omnia
1004 1961 1247 2031 servaturos

146 2073 224 2152 nisi
253 2073 504 2151 remanserit
517 2097 596 2176 per
621 2071 836 2151 danninum
858 2071 1022 2165 ducem,
1050 2077 1092 2150 ct
1120 2074 1246 2172 muto·

146 2218 235 2271 rem
264 2202 427 2296 putrem
457 2196 522 2272 sui
552 2193 735 2282 cnn'sitii,
763 2197 807 2270 et
834 2191 987 2272 fideles
1024 2189 1148 2272 erunt
1174 2197 1247 2272 do·
1378 2251 1383 2262 -

145 2313 259 2390 mino
290 2313 452 2392 Marino
480 2312 745 2391 Menrueenu
773 2311 1112 2391 inclituVenetie
1139 2312 1249 2401 duci,

146 2433 379 2537 usquedum
414 2426 567 2511 vixerit
607 2431 648 2509 in
689 2431 859 2512 ducatu.
910 2431 961 2510 nt
989 2433 1071 2513 he'c
1108 2432 1247 2514 secru-

148 2561 287 2634 mentu
315 2555 580 2633 renovabunt
607 2551 807 2654 Rugusini
837 2555 1017 2656 quisque
1058 2577 1138 2658 pru
1167 2577 1246 2633 sun

147 2676 285 2778 cupite
314 2675 356 2750 in
385 2671 577 2752 omnibus
605 2673 906 2776 suprascriptis
935 2675 1105 2774 singuiis
1128 2676 1247 2754 arinis

146 2798 312 2873 decem.
341 2791 544 2872 Preteruu
561 2791 761 2892 Rugusin'i
789 2793 842 2870 de
867 2793 1086 2874 mercibus
1103 2793 1250 2873 Romu·

147 2916 242 3006 nie,
284 2939 386 3014 quus
429 2914 651 2991 Venetiam
695 2913 986 3015 aportavertnt
1021 2909 1180 2991 debunt
1207 2912 1247 2989 in
1386 2949 1388 2954 ·

147 3033 325 3114 Venetia
354 3025 523 3113 comuni
565 3032 759 3110 Venetie.
788 3031 970 3134 quinque
999 3055 1079 3138 pro
1108 3029 1249 3111 cente·

148 3143 286 3230 nurio'i
316 3161 359 3232 et
386 3153 439 3230 de
465 3150 679 3230 mercibus
707 3151 816 3230 uttru
844 3153 1040 3242 murinis,
1063 3159 1106 3230 et
1134 3161 1250 3231 terre

146 3271 310 3372 Egypti,
337 3271 522 3362 'l'unixii
551 3277 594 3351 et
619 3269 823 3349 Barbarie
851 3272 1018 3352 seirent
1046 3273 1250 3376 quintum,

147 3391 269 3469 etde
311 3389 526 3470 mercibus
553 3391 675 3490 regni
701 3390 875 3470 Sciciiie
915 3397 957 3472 et
985 3393 1138 3495 Apuiie
1166 3393 1247 3472 sut·

146 3517 245 3592 vent
272 3511 636 3615 quadragesimum
675 3514 843 3589 comuni
871 3513 1064 3594 Venetie.
1118 3513 1249 3592 Setun

148 3633 261 3736 qruud
290 3631 666 3732 hominesliegusii
693 3657 779 3712 nnn
807 3632 987 3712 debeant
1014 3637 1077 3713 ire
1092 3635 1132 3712 in
1160 3654 1249 3735 reg·

1 3819 2 3826 t
120 3764 246 3830 'rrum
274 3751 446 3831 Scieitie
474 3761 518 3830 et
557 3752 709 3855 Apulis
749 3755 784 3831 si
823 3751 1082 3857 prohibitum
1123 3753 1250 3834 fuerit

149 3871 390 3951 hominibus
418 3871 597 3951 Venetis
626 3896 679 3950 ne
707 3871 858 3952 vadunt
895 3875 935 3950 in
972 3873 1130 3953 dictum
1160 3895 1248 3974 reg-

1 4065 3 4070 ,
150 4019 247 4073 num
277 3991 449 4072 Scicitie'
478 3999 521 4070 et
548 3992 711 4096 Aputie,
740 3997 784 4071 et
811 3993 922 4094 quod
951 3993 1144 4073 homines
1174 3996 1247 4074 flu·

150 4113 258 4214 gusii
300 4113 354 4191 de
380 4111 596 4193 mercibus
625 4137 729 4214 quas
763 4113 990 4193 detulerint
1028 4117 1249 4196 Venetiam
1375 4127 1380 4134 '

1 4207 6 4290 ἰ
150 4236 203 4312 re
231 4259 367 4336 regno
396 4235 587 4322 Sciottte,
616 4237 658 4311 et
686 4231 836 4337 spuue
864 4233 962 4312 suus
975 4237 1149 4420 2(ὲῗιῑιιιιι
1179 4257 1247 4318 co·
