3226 5112
1221 397 1284 465 841

189 607 349 694 damus,
379 605 492 707 quod
522 603 562 682 iu
590 605 759 682 nomine
797 604 955 684 domini
990 605 1286 684 nostri'dehsu

63 786 68 795 .
191 724 344 802 Christi
373 723 572 826 accipere
601 724 794 803 debeatis
819 725 1059 826 impresiam
1087 727 1286 804 univer·

191 869 281 924 sae
323 843 527 922 Zeutae
565 843 854 921 inferioris
882 851 925 922 et
951 845 1189 925 Buduae
1224 869 1287 924 ac

191 965 373 1043 omnium
412 987 656 1066 passuum
686 963 1135 1044 etaliorumlocorum
1163 966 1285 1044 Zen-

190 1095 275 1165 tae
311 1084 643 1188 superioris,
673 1085 743 1186 qui
769 1085 912 1163 favere
940 1095 1118 1189 possunt
1146 1089 1197 1165 ad
1225 1112 1286 1164 se·

189 1205 423 1310 caritatem
439 1211 481 1281 et
521 1203 755 1280 clausuram
794 1203 952 1282 Zeutao
980 1205 1207 1286 inferioris.
1236 1205 1286 1284 ut

190 1351 271 1430 pro
300 1325 410 1402 bona
447 1323 700 1402 executione
735 1324 960 1426 impresiae
1000 1327 1102 1403 dare
1140 1301 1287 1402 dcisea·

189 1445 240 1524 tis
269 1445 401 1522 tribus
430 1442 628 1522 iratribus
668 1445 1087 1540 durassevich‚
1130 1445 1286 1546 eutitii

191 1590 341 1661 eorum
372 1569 443 1668 qui
470 1571 643 1644 nostrae
670 1565 895 1668 impresiae
924 1567 1107 1654 favebit,
1137 1591 1285 1646 omnes

189 1689 289 1765 illos
318 1686 499 1778 favores,
528 1686 599 1788 qui
626 1685 745 1763 vobis
758 1686 1022 1778 videbuntur,
1047 1711 1177 1790 posse
1190 1709 1287 1788 pro·

63 1853 69 1860 ·
190 1809 315 1886 desse
359 1807 410 1884 ad
453 1807 723 1886 obtinendam
773 1815 959 1888 nostram
999 1807 1286 1908 intentionem,

190 1927 478 2031 promittendo
507 1927 564 2004 iili
592 1929 659 2004 vel
689 1928 768 2004 iilis
796 1929 835 2007 id
863 1928 976 2030 quod
992 1953 1071 2029 per
1097 1928 1196 2007 aiios
1218 1951 1286 2004 noa

192 2055 302 2126 stras
328 2047 449 2126 vobis
476 2047 721 2150 scripsimus
750 2057 793 2127 et
819 2050 952 2127 minus
990 2050 1025 2128 si
1050 2049 1145 2128 fieri
1162 2056 1285 2152 pote·

161 2245 166 2250 „
194 2168 262 2255 rit,
291 2166 579 2270 confirmando
608 2169 745 2246 omnia
773 2171 990 2270 praedicta
1018 2177 1061 2248 ct
1088 2169 1286 2272 aliaquae
1326 2253 1328 2256 ,

190 2288 379 2366 feceritis
415 2315 495 2389 per
534 2290 766 2393 scripturas
807 2299 850 2368 et
889 2299 1224 2382 sacramentum,
1245 2291 1286 2370 si

190 2408 272 2488 crit
300 2433 482 2488 necesse
511 2419 553 2490 et
579 2412 701 2490 vobis
729 2413 932 2496 videatur.
960 2413 1124 2516 thuia
1140 2417 1287 2517 petunt

189 2531 268 2609 XX
295 2556 458 2634 pannos
497 2531 794 2632 quaraniinos,
835 2533 1091 2634 provideatis
1125 2535 1286 2614 habere

189 2651 285 2728 illos
314 2653 367 2729 de
397 2650 553 2730 Cataro
582 2656 652 2728 aut
680 2650 884 2739 Scutaro,
913 2653 984 2754 qui
1012 2679 1159 2734 comes
1187 2653 1287 2732 Scu-

190 2769 269 2844 tari
303 2768 432 2848 habet
471 2771 710 2848 mandatum
747 2798 770 2850 a
803 2771 931 2875 uobis¹
968 2773 1158 2852 mittendi
1191 2774 1286 2850 ilios

192 2886 325 2976 vobis,
352 2887 587 2967 advisuntes
620 2914 697 2966 vos
726 2889 839 2991 quod
874 2915 1019 2966 sumus
1047 2890 1287 2994 expeditori

189 3010 351 3110 pedites
394 3008 478 3088 CC.
517 3034 595 3113 pro
631 3013 742 3090 dicta
784 3011 1004 3113 impresia‚
1033 3013 1107 3091 sed
1148 3017 1284 3091 tamen

191 3153 275 3208 uon
304 3129 482 3209 desinite
517 3133 722 3235 prosequi
756 3133 996 3237 impresium
1024 3159 1106 3235 pro
1136 3121 1284 3234 expec=
1335 3208 1339 3220 ,

146 3275 149 3281 ·
193 3251 328 3328 tondis
368 3253 461 3330 iilis.
516 3253 811 3356 docuimusque
863 3253 1009 3334 comiti
1051 3262 1093 3334 ot
1135 3256 1285 3359 capita·

192 3395 272 3448 neo
302 3371 492 3460 Scutari,
520 3383 566 3453 ut
591 3399 637 3452 se
666 3375 820 3453 fortem
862 3375 989 3453 iaciat
1015 3375 1055 3452 in
1085 3376 1179 3454 lacu
1206 3399 1285 3477 pro
1347 3399 1349 3414 ·

193 3495 302 3570 bona
343 3497 596 3574 executione
635 3495 862 3598 impresiao
902 3496 1154 3598 praedictae.
1200 3493 1283 3572 Pro

191 3612 386 3693 habendo
403 3621 542 3695 autem
556 3615 758 3695 Antibaro
786 3619 830 3695 et
851 3617 1044 3694 Drivasto
1061 3617 1285 3693 scribimus

191 3739 337 3817 comiti
367 3745 409 3816 et
437 3737 659 3840 capitaneo
677 3737 983 3824 Scutarisicut
1010 3759 1090 3836 per
1117 3741 1283 3838 copiam

192 3881 316 3957 quam
345 3858 467 3936 vohis
495 3857 693 3936 mittimus
721 3857 787 3935 his
813 3857 1014 3934 inclusam
1045 3855 1246 3934 videbitis.

633 4021 838 4032 -u———n——n-

295 4099 450 4179 Comiti
478 4109 616 4180 autem
646 4109 688 4180 et
715 4103 938 4204 capitaneo
979 4101 1145 4180 sectari
1185 4091 1282 4178 scri·

189 4220 312 4299 batur
338 4229 380 4302 ct
407 4223 640 4309 mandetur.
671 4223 782 4324 quod
812 4224 1007 4327 accipere
1035 4223 1187 4302 dehoat
1212 4225 1281 4302 im·
1354 4311 1358 4319 ,
