3220 5118
210 623 362 700 atomo
406 618 605 699 Cataro
645 617 699 700 ha
728 643 855 722 perso
884 621 972 724 proi
1007 621 1302 702 (13ιηί113113-

210 741 342 830 meni,
383 747 446 817 tra
488 740 694 842 aquiatadi
723 766 747 817 e
774 741 914 818 deffati
956 741 1021 818 del
1057 742 1237 833 mondo,
1275 765 1299 817 e

209 860 383 939 mottie
424 859 625 963 scampati
668 861 708 938 in
751 859 954 947 Bassa,
997 863 1178 962 equelli
1217 862 1299 943 che

209 1001 290 1056 eno
321 978 479 1061 1331311,
507 1003 687 1058 morena
716 981 769 1056 dc
798 982 835 1059 la
864 979 973 1058 bella
1002 983 1110 1060 farne
1139 1007 1163 1056 e
1198 982 1297 1081 dog·

209 1098 249 1176 31
277 1105 484 1176 seneetro.
538 1097 583 1176 Si
612 1101 691 1179 che
719 1124 789 1178 mo
818 1127 842 1178 e
881 1103 919 1178 et
948 1113 1092 1208 tempo
1122 1127 1145 1180 a
1171 1102 1299 1184 deffur

207 1218 249 1295 13
278 1219 346 1296 del
374 1220 543 1310 mundo,
571 1222 840 1324 aprociedcr
867 1228 1014 1300 eontra
1043 1247 1153 1334 esso.
1182 1221 1294 1301 Rea·

205 1337 512 1437 pandemus:
553 1338 667 1440 quod
694 1337 805 1418 sicut
831 1339 932 1418 dicti
972 1342 1297 1422 ambassiatores

205 1453 399 1534 Balsae
426 1457 597 1536 fuerunt
610 1459 661 1536 ad
676 1462 956 1560 praesentiam
972 1467 1171 1555 nostram,
1202 1482 1296 1547 cum

68 1651 76 1660 ,
207 1575 358 1677 quihus
385 1601 469 1656 non
498 1576 650 1656 ruimus
680 1579 934 1666 concorden
958 1589 1000 1657 et
1026 1593 1297 1658 recesserunt

207 1719 302 1776 cum
344 1697 616 1796 elongatione
648 1704 831 1798 treugae
870 1723 1004 1802 usqne
1045 1722 1121 1801 per
1159 1705 1293 1778 totum

205 1837 391 1896 mensem
415 1815 518 1898 Maii
543 1817 794 1920 proximum.
824 1825 865 1896 et
878 1817 1193 1922 providebimus
1219 1843 1297 1922 per
1390 1889 1391 1892 1

205 1936 320 2016 illam
345 1935 452 2014 viam
482 1942 552 2018 ant
566 1938 686 2040 pacis
712 1947 784 2016 aut
810 1962 1004 2038 guerrae,
1035 1963 1156 2042 quam
1184 1940 1295 2020 vide-

203 2056 339 2140 bimus
367 2064 409 2136 et
437 2080 749 2156 cognoscemus
783 2058 877 2138 fore
907 2085 1002 2140 cum
1028 2062 1195 2140 honore
1223 2085 1293 2140 no·
1356 2095 1362 2108 ¹

204 2176 281 2256 stri
308 2177 505 2262 dominii.
548 2183 591 2254 et
619 2203 713 2258 cum
743 2178 968 2258 commodo
998 2191 1044 2279 ct¹
1069 2180 1296 2260 securitate

204 2299 471 2380 comunitatn
509 2301 680 2378 nostrae
710 2299 851 2379 Catari
895 2309 936 2378 et
963 2301 1141 2378 aliorum
1183 2301 1292 2378 loco·
1336 2383 1339 2392 ¹

202 2441 293 2498 rum
323 2425 365 2496 et
392 2416 655 2498 subditorum
684 2443 733 2502 ac
759 2418 943 2498 fidelium
971 2425 1230 2500 nostrorum.

272 2539 369 2620 =Ad
407 2540 727 2620 secundum
782 2540 1131 2622 huiusteuoris:
1186 2540 1293 2645 Item

126 2753 129 2758 ¹
201 2661 467 2764 suplichemo
497 2659 577 2738 che
605 2663 642 2736 13
670 2667 813 2739 vostra
842 2660 966 2762 dogal
994 2661 1191 2762 signorm,
1218 2683 1295 2762 per

202 2781 239 2858 le
267 2803 399 2884 spexc
442 2781 543 2870 fatte
582 2804 659 2881 per
688 2781 724 2858 13
752 2779 849 2858 ville
879 2809 902 2857 e
933 2790 1054 2858 zente
1092 2777 1295 2881 aquinae,

202 2903 241 2977 13
270 2901 365 3004 qua!
393 2900 503 2979 fode
530 2899 715 2995 Balsa,
751 2902 790 2976 le
819 2904 914 3004 qual
942 2927 1075 3004 spexe
1103 2901 1171 2978 nui
1199 2918 1293 3002 pro·

201 3027 456 3099 metassemo
486 3045 507 3096 a
536 3021 734 3098 miserto
764 3031 888 3099 conte
917 3046 939 3097 3
967 3045 1097 3124 pagar
1126 3048 1149 3097 e
1178 3021 1289 3098 satis·

203 3139 267 3247 far
294 3141 346 3219 de
377 3141 411 3220 13
441 3150 586 3219 nostra
613 3143 867 3243 povertade,
896 3168 941 3219 se
969 3141 1006 3218 la
1035 3147 1178 3217 vostra
1205 3161 1293 3238 gra·

205 3263 379 3341 cia'non
408 3261 448 3339 le
477 3267 635 3352 accen,
664 3261 843 3364 eqnelle
873 3262 1136 3362 chescgrira
1165 3257 1290 3335 inho·

204 3405 284 3457 nor
312 3380 364 3456 de
406 3381 444 3457 la
472 3389 614 3462 vostra
656 3383 864 3483 signante,
901 3385 1024 3463 enele
1065 3405 1197 3484 spexe
1226 3381 1293 3459 de·

202 3498 470 3592 xordinarie,
512 3503 680 3603 quando
712 3505 749 3582 la
778 3511 899 3583 zente
937 3501 979 3579 fo
1009 3503 1062 3579 de
1091 3502 1210 3578 suora
1240 3500 1292 3576 de

203 3619 240 3697 13
270 3618 406 3697 citade
434 3647 458 3696 c
487 3628 630 3708 torna,
667 3647 745 3724 per
772 3623 810 3699 13
838 3623 934 3724 quel
964 3605 1225 3720 suplichemo
1255 3619 1293 3694 13

202 3750 343 3816 vostra
385 3741 525 3840 grazia
564 3765 616 3817 ve
656 3743 773 3844 piaza
815 3743 1034 3818 rezeverle
1077 3742 1119 3818 in
1146 3747 1291 3817 vostra

203 3883 360 3944 raxon,
402 3861 653 3965 respetando
695 3862 731 3940 13
758 3868 899 3938 nostra
928 3859 1139 3938 fadeltade
1168 3883 1191 3935 e
1217 3884 1289 3960 po·

199 3980 383 4058 vertude.
425 3977 608 4083 Respo
624 4005 649 4056 n
666 3979 691 4054 d
708 4003 857 4058 emus
885 3981 997 4082 quod
1026 4003 1167 4056 numus
1190 4002 1287 4055 con

200 4101 330 4185 tenti,
369 4101 482 4204 qnod
512 4101 648 4181 dictae
688 4121 900 4204 expensae
930 4100 1066 4180 sactae
1112 4107 1154 4175 et
1182 4123 1289 4199 quae

202 4219 353 4299 florent
380 4219 608 4302 occasione
635 4221 831 4300 contenta
873 4223 913 4300 ia
943 4220 1058 4301 dicto
1088 4219 1288 4324 capitulo,

1044 4341 1086 4406 3*
