3154 5102
317 602 413 678 snas
443 587 580 658 terras
600 579 763 664 babere
791 581 1009 660 transitum
1032 605 1229 662 securum
1257 583 1308 662 ad
1337 579 1414 662 Sa·

319 701 559 794 ionicbi,
586 707 729 804 partes
757 697 1074 780 {lomaniae
1103 711 1145 782 et
1170 703 1212 780 in
1239 702 1414 782 Raxia

418 819 577 918 illustri
605 828 648 900 et
675 816 899 918 magnifico
927 821 1020 898 viro
1050 823 1222 902 domino
1251 821 1414 900 Fran·

319 941 485 1034 cisco
527 939 799 1018 Dandu10
842 939 909 1016 dei
938 941 1070 1039 gratia
1098 941 1196 1030 duci
1223 941 1415 1020 Venetia·
1543 965 1552 974 ·

317 1061 652 1164 rum„proximo
682 1086 760 1139 suo
790 1041 1032 1151 durissimo,
1070 1057 1321 1141 Urosius
1350 1086 1416 1142 ea·

318 1184 416 1262 dem
443 1181 576 1282 gratia
604 1179 854 1260 Serviae
895 1205 1010 1274 rex,
1038 1167 1216 1264 salutem
1245 1190 1287 1262 et
1318 1207 1416 1286 pro·

318 1304 453 1406 speris
480 1305 754 1384 successibus
781 1304 822 1382 in
850 1305 1023 1382 domino
1051 1306 1309 1384 habundare.
1348 1305 1417 1386 Ar-

319 1424 457 1504 fectus
484 1449 614 1526 quem
643 1425 694 1502 ad
722 1431 906 1502 vestram
933 1425 1250 1528 proximitatem
1279 1433 1321 1504 et
1349 1453 1418 1505 co·

320 1569 444 1638 mune
471 1545 746 1623 Venetiarum
789 1545 1002 1644 gerimus,
1042 1571 1120 1624 nos
1146 1547 1333 1639 inducit,
1375 1555 1421 1626 ut

321 1669 372 1746 ad
398 1676 540 1748 vestra
568 1665 833 1768 beneplacita
869 1673 911 1744 et
939 1669 1123 1746 comoda
1163 1677 1337 1748 nostros
1363 1670 1419 1746 in·

320 1789 448 1868 tuitus
475 1787 716 1886 dirigamus.
772 1783 878 1864 Cum
904 1785 1033 1886 igitur
1060 1789 1161 1866 alias
1187 1791 1310 1868 vobis
1337 1813 1421 1866 me·

186 1997 190 2006 ¹
320 1909 512 1987 minimus
541 1907 861 2009 conscripsisse,
888 1907 923 1983 si
950 1909 1001 1985 ad
1018 1915 1205 1987 vestrum
1233 1933 1420 1988 commo·

295 2030 420 2108 dum
458 2029 639 2106 deberet
677 2029 861 2120 cedere,
903 2028 938 2104 si
964 2029 1015 2106 ad
1052 2037 1196 2132 partes
1234 2027 1421 2108 Roma·

322 2151 452 2226 niae
492 2149 651 2228 velient
678 2156 948 2228 mercatores
974 2152 1107 2228 vestri
1141 2175 1327 2257 pergere
1353 2151 1421 2229 vei

246 2280 250 2290 '
322 2271 418 2364 aiio,
447 2279 490 2350 et
516 2271 711 2376 placeret
747 2273 807 2349 eis
834 2273 1053 2350 transitum
1082 2273 1227 2354 iacere
1254 2296 1335 2378 per
1362 2295 1423 2348 re·

323 2415 450 2494 gnum
478 2417 554 2468 seu
591 2397 735 2494 pertas
771 2398 964 2484 nostras,
1005 2394 1121 2494 quod
1152 2392 1288 2470 iibere
1317 2399 1424 2469 trau·

322 2513 423 2592 situs
449 2520 591 2618 pateat
628 2511 687 2591 eis
716 2513 767 2589 ad
797 2513 958 2592 libitum
984 2514 1225 2594 voluntatis.
1283 2512 1422 2614 Quare

321 2635 487 2715 iccirco
531 2633 660 2738 vobis
682 2635 877 2713 duximus
910 2635 1207 2730 intimandum,
1246 2635 1361 2737 quod
1388 2632 1426 2710 si

321 2753 550 2862 praedictis
585 2755 897 2834 mercatoribus
926 2758 1078 2834 vestris
1104 2755 1314 2861 placuerit
1341 2755 1424 2834 dic·

322 2884 410 2955 tum
451 2875 597 2972 iacere
637 2875 880 2969 transitum,
909 2879 960 2956 ad
988 2885 1133 2983 partes
1174 2876 1426 2980 praedictas,

322 3001 509 3098 excepto
539 2997 589 3073 ad
618 3009 764 3097 partes
792 2995 1141 3097 burgariae,
1183 2997 1295 3100 quod
1326 2993 1425 3099 ipsis

322 3115 471 3193 demus
499 3115 718 3194 transitum
748 3118 969 3194 liberalem
998 3124 1040 3196 et
1069 3119 1328 3197 conductum
1365 3139 1426 3192 se·

324 3257 498 3326 curum,
540 3235 664 3313 etiam
700 3237 804 3314 siin
844 3245 993 3316 nostro
1036 3261 1171 3337 regna
1212 3235 1425 3314 voluerint
1543 3283 1547 3288 -

323 3377 397 3432 sua
425 3355 701 3434 mercimonia
732 3357 967 3450 exercere,
996 3359 1110 3458 quod
1140 3357 1274 3435 iibere
1304 3377 1426 3432 exer·

325 3486 459 3568 ceant;
497 3501 605 3580 quos
640 3501 931 3556 assecuramus
970 3503 1100 3581 super
1139 3479 1256 3578 regia
1284 3483 1428 3554 nostra

324 3595 426 3692 fida,
452 3607 583 3702 prout
608 3599 732 3676 vobis
768 3599 877 3678 haec
905 3605 946 3677 et
974 3599 1053 3676 alia
1079 3599 1234 3678 nobilis
1259 3599 1324 3676 vir
1349 3593 1376 3672 J
1390 3619 1429 3672 a·

326 3719 513 3796 cobus
552 3715 769 3798 Poiani
820 3719 1009 3798 concivis
1048 3727 1216 3811 vester,
1267 3719 1309 3795 in
1352 3737 1430 3793 ore

325 3839 444 3918 cuius
483 3840 700 3942 posuimus
726 3841 858 3918 verba
894 3845 1064 3932 nostra,
1107 3841 1271 3944 plenius
1305 3835 1429 3916 vobis

326 3962 503 4040 oraculo
533 3963 776 4066 explicabit.
829 3962 980 4041 Datum
1007 3961 1146 4067 primo
1175 3961 1243 4038 die
1271 3951 1424 4038 mensis

325 4083 462 4177 madii,
489 4081 589 4161 xiil
614 4083 859 4164 indictione.

1037 4219 1178 4288 comm.
1200 4217 1227 4286 1.
1250 4219 1308 4286 eb.
1329 4217 1381 4284 tu
