3206 5110
332 369 397 435 ow

331 579 636 676 procuratores
679 572 808 650 nobili
850 573 927 650 riri
962 573 1128 652 ¹domini
1156 573 1351 651 Stlrelani
1378 573 1433 648 de

331 692 501 771 'Pedieis
529 693 582 769 de
611 696 785 771 Ancona
813 695 1045 792 potestatis,
1076 693 1255 781 consilii,
1291 715 1434 770 comu-

334 813 396 888 nis
424 819 466 888 ct
495 811 708 890 hominum
737 813 896 914 Spoleti
924 813 976 888 ad
1004 813 1274 916 infrascripta
1297 811 1432 913 speri·

332 932 454 1040 aliter
481 931 719 1023 constituti,
764 937 807 1007 ut
836 937 950 1035 patet
989 957 1068 1033 per
1109 935 1432 1034 instrumentum

333 1049 544 1154 publicum
574 1051 673 1130 dicti
703 1052 961 1152 applicatus,
989 1055 1192 1156 scriptum
1233 1077 1312 1156 per
1352 1073 1432 1128 ma-

333 1197 430 1250 num
472 1172 640 1250 Thome
680 1174 843 1252 Vizalis‘
880 1175 933 1251 de
963 1175 1141 1252 Perusio
1177 1173 1433 1253 auctoritate

332 1293 538 1393 imperiali
567 1293 733 1404 notarit,
749 1299 792 1370 et
822 1293 1000 1372 civitatis
1030 1295 1191 1396 Spoleti
1212 1294 1343 1390 Jurati
1360 1317 1431 1367 no·

333 1411 423 1506 tari,
454 1419 495 1488 et
527 1412 682 1490 lactum
709 1411 787 1490 sub
816 1437 925 1490 annno
964 1413 1125 1491 domini
1155 1417 1267 1492 1294.
1304 1411 1430 1490 indic·

335 1534 449 1609 tione
480 1531 557 1608 Vll
587 1530 656 1607 die
684 1537 747 1608 21.
768 1530 927 1608 mensis
971 1531 1111 1608 Martii
1155 1556 1177 1608 a
1206 1555 1272 1608 me
1306 1533 1432 1609 Anto·

334 1653 405 1728 nio
436 1649 601 1735 iudico,
642 1655 685 1726 et
724 1653 892 1729 notario
933 1651 1230 1752 infrascripto,
1258 1651 1364 1736 viso,
1391 1655 1433 1724 et

336 1773 478 1857 lecto,
507 1771 677 1848 nomine
719 1777 761 1846 et
787 1770 883 1848 vice
912 1771 1103 1873 ipsorum
1133 1769 1293 1848 domini
1318 1775 1432 1872 pote-

332 1891 448 1966 statis
477 1887 671 1974 consilii,
701 1889 890 1966 comunis
933 1895 975 1966 et
1015 1889 1230 1968 hominum
1260 1887 1433 1992 Spoleti,

334 2019 376 2088 et
404 2031 483 2111 pro
512 2007 613 2112 ipsis
641 2007 833 2084 omnibus
860 2010 1315 2113 solepnistipulalione
1337 2033 1432 2112 pro·

334 2131 539 2208 miserunt
565 2153 610 2206 se
639 2129 843 2217 tacturos,
874 2139 917 2208 et
945 2139 1194 2216 curaturos,
1223 2129 1337 2206 omui
1364 2153 1430 2206 ex·

335 2251 547 2351 ceptione,
576 2255 618 2326 et
648 2249 881 2330 occasione
913 2249 1101 2336 remotis,
1130 2250 1243 2350 quod
1271 2249 1433 2352 predic·

336 2382 400 2448 tus
431 2369 627 2448 domiuus
657 2393 802 2449 comes
830 2370 1050 2470 Georgius,
1078 2379 1160 2448 tam
1188 2393 1264 2448 suo
1306 2369 1430 2447 nomi·

333 2515 398 2581 ne,
428 2497 470 2567 et
497 2513 670 2568 suorum
700 2491 944 2576 hominurn,
986 2517 1107 2592 quarn
1145 2493 1363 2570 hominurn
1391 2501 1432 2570 et

333 2611 526 2688 comunis
553 2611 732 2702 Almisii‚
749 2609 871 2686 firma
901 2617 944 2688 et
972 2620 1059 2689 rata
1088 2611 1339 2702 habebit‚ct
1365 2615 1430 2690 ad·

338 2729 527 2833 implebit
572 2730 714 2806 omnia
755 2731 920 2829 singula
948 2732 1246 2837 suprascripta,
1268 2739 1311 2810 et
1337 2757 1431 2833 que·

335 2852 439 2928 libet
467 2876 628 2943 coriam,
647 2857 700 2927 ct
727 2873 812 2929 uon
842 2851 1135 2940 contraistiet,
1176 2852 1243 2929 rel
1272 2851 1433 2928 reniret

333 2973 468 3072 aliqua
499 2972 662 3049 ratione
689 2975 754 3048 rel
783 2972 970 3072 ingenio,
998 2974 1090 3050 sive
1128 2997 1254 3052 causa
1296 2975 1350 3051 de
1371 2975 1432 3068 ju·

333 3115 379 3167 re
407 3093 474 3169 vel
504 3093 557 3169 de
586 3093 803 3185 lacto‚sub
834 3117 942 3194 pena
973 3095 1176 3172 librarum
1206 3093 1285 3171 tria
1315 3093 1432 3168 milli-

332 3235 401 3288 um
430 3212 702 3292 denariorum
732 3215 999 3290 Venetorum
1029 3237 1271 3316 parvorum,
1284 3214 1431 3320 solem·

331 3333 401 3435 poi
429 3335 695 3438 stipulatione
723 3336 943 3436 premissa,
970 3342 1011 3414 et
1040 3333 1430 3435 obbligationcom-

333 3457 444 3532 nium
488 3453 699 3532 bonorum
741 3453 845 3532 dicti
886 3455 1105 3542 comunis,
1146 3461 1187 3530 rt
1217 3454 1468 3532 hominum-

333 3569 503 3676 Spalati,
539 3573 767 3664 mobilium,
784 3580 826 3650 et
852 3571 1148 3672 immobilium,
1176 3573 1434 3674 presentium

333 3703 375 3771 et
402 3693 650 3770 litturorum.

430 3813 542 3912 sltem
572 3817 726 3893 eodem
755 3813 885 3890 modo
928 3812 1092 3892 nobiles
1133 3813 1209 3889 viri
1238 3812 1435 3891 dominus

333 3935 577 4012 laurentius
606 3934 658 4010 do
686 3933 907 4012 Zaralellis
934 3931 1036 4008 civis
1048 3933 1181 4012 Jadrc
1205 3931 1436 4028 fidejubeo.

248 4038 251 4048 ¹
333 4057 401 4150 do,
433 4060 475 4132 et
503 4081 547 4134 se
576 4079 655 4154 pro
684 4053 886 4156 predictis
914 4057 956 4130 et
991 4054 1183 4152 quolibet
1221 4051 1435 4155 predicto·

334 4201 439 4264 rum,
465 4199 544 4277 pro
574 4174 689 4252 dicto
733 4173 891 4252 comite
920 4172 1104 4272 Georgio
1145 4172 1442 4275 principaliter
