3192 5112
1256 385 1336 464 aar

223 587 349 668 dictis
377 585 536 668 duobus
555 585 714 668 civibus
742 585 956 688 Raguseis,
973 590 1230 692 redarguant
1246 621 1323 672 eos

224 732 321 784 uum
348 709 426 785 iilis
453 707 597 785 verbis
628 713 669 782 et
699 731 747 783 ea
777 707 935 798 torma,
964 733 1087 810 quam
1117 710 1307 790 bonane

223 827 336 927 gocii
366 852 516 904 aarum
548 827 744 904 noverint
773 828 990 929 expedire.
1340 817 1349 833 ⁹

605 960 699 1028 Mitti
734 965 763 1026 d.
789 963 913 1054 Sonat.
937 963 1011 1030 Lib.
1036 963 1144 1032 XXV.
1169 967 1224 1032 ch.
1248 967 1279 1032 7.

470 1117 610 1216 XC!-
640 1139 753 1215 1349.
781 1141 808 1214 a
833 1137 1078 1239 Aprilis.

223 1333 362 1389 Rama
387 1346 426 1388 ca
452 1345 618 1403 aanerauy
654 1327 764 1386 rassin
790 1331 925 1410 ityaoa,
952 1348 989 1398 aa
1016 1348 1163 1405 npeaaaa
1186 1351 1203 1408 y
1230 1335 1321 1408 Tpa-

224 1453 310 1510 ιιιρι.
336 1449 476 1492 rucuma
501 1435 676 1506 Karapasy
701 1435 867 1510 anagyao,
893 1451 1041 1510 cynpyry
1069 1453 1168 1495 suasa
1199 1437 1325 1514 nausa,

471 1537 574 1609 apat-a
600 1537 754 1605 artagena
788 1535 1061 1610 ocupauaauora

328 1671 475 1775 Capta:
503 1671 625 1771 Quod
655 1673 704 1748 ad
734 1671 936 1752 instantes
968 1676 1194 1776 petitiones
1239 1701 1320 1755 co·
1398 1697 1400 1706 ·

222 1793 383 1872 mitis
426 1789 604 1881 Pauli,
633 1791 774 1870 fratris
828 1793 1036 1893 quondam
1080 1795 1321 1874 comitis

224 1915 267 1992 M
283 1915 295 1991 l
310 1939 332 1988 a
347 1913 371 1990 d
388 1938 412 1990 a
429 1939 453 1989 n
468 1915 495 2006 i,
526 1912 744 1990 mandetur
774 1915 994 2015 capitaneo
1021 1923 1170 1995 nostro
1203 1915 1321 2004 Culti,

224 2033 336 2136 quod
365 2031 548 2110 nobilem
578 2032 789 2110 dominam
820 2033 1157 2112 Catarinam
1195 2035 1322 2112 Dan·

223 2155 360 2234 durio
391 2153 570 2234 condam
600 2153 665 2230 Sr.
689 2153 869 2242 tahanis,
899 2180 1141 2262 uxorem
1171 2155 1321 2236 dicti

223 2275 467 2352 comitis
497 2273 690 2362 Pauli,
719 2299 824 2374 quae
853 2276 917 2352 ire
946 2276 1075 2354 debet
1117 2299 1211 2354 cum
1253 2298 1320 2376 ga·

225 2395 287 2472 iea
317 2391 540 2472 Romaniae
569 2421 726 2499 usquae
755 2395 946 2489 ladrum,
973 2382 1008 2474 si
1037 2397 1171 2474 dictus
1214 2393 1322 2498 capi-

179 2513 185 2534 '
222 2523 369 2592 taneus
400 2513 511 2594 Cuiti
539 2518 750 2620 repererit
777 2543 823 2594 se
855 2518 960 2596 citra
988 2515 1252 2618 Tragurium,
1270 2515 1322 2591 ie·

221 2658 324 2712 vara
353 2635 506 2713 debeat
534 2637 687 2716 dictam
716 2637 957 2724 dominam,
999 2663 1130 2740 super
1158 2662 1237 2715 una
1267 2661 1320 2716 ex

223 2755 354 2858 galeis
394 2761 563 2848 nostris,
591 2767 633 2834 et
660 2760 792 2864 ipsam
837 2782 931 2836 cum
961 2757 1113 2836 familia
1154 2765 1196 2836 et
1231 2759 1321 2856 ejus

224 2878 387 2956 arnesis
414 2865 606 2969 lauhun,
635 2879 816 2957 conduci
871 2878 1015 2956 facere
1057 2879 1321 2980 Tragurium,

222 3020 307 3078 non
334 2996 581 3078 sinistrando
626 3006 762 3076 tamen
804 2999 972 3100 negotia
1002 3025 1080 3077 uec
1122 3005 1318 3078 armatam

223 3125 421 3198 nostram.

636 3221 729 3287 Misti
753 3223 882 3288 risen
912 3223 984 3288 Lib.
1013 3221 1121 3290 XXV.
1148 3223 1203 3287 ch.
1229 3221 1277 3286 10.

445 3373 611 3474 xcll.
657 3399 819 3474 aaran.
855 3395 1090 3500 Aprilis

327 3587 553 3647 Baasrnuaao:
579 3603 756 3644 aaroaaru
795 3605 988 3663 nocsaaury
1025 3605 1086 3645 suu
1114 3603 1172 3658 aga
1210 3603 1321 3661 apaan

226 3693 423 3768 cusano-a,
445 3707 483 3762 ga
509 3707 650 3766 uonyma
686 3709 988 3769 noapegcraonara
1015 3709 1051 3750 aa
1075 3707 1164 3767 uana
1198 3695 1319 3764 saussay

226 3813 328 3872 apaan
364 3795 541 3870 Cpttasorn
568 3811 585 3850 ιι
610 3813 695 3868 napa
733 3797 1083 3872 iiaparpagoauma
1121 3813 1203 3856 aero
1239 3813 1319 3854 raao

371 3919 388 3958 ιι
414 3903 540 3978 sanat]
565 3917 667 3974 spara
693 3903 871 3974 opacam
899 3921 915 3957 u
943 3904 1026 3965 unua
1051 3905 1174 3962 Bonna.

327 4070 470 4175 Capta:
506 4069 627 4170 erod
656 4097 735 4174 pro
757 4069 822 4147 dei
841 4071 1078 4147 reuerentia
1096 4069 1317 4150 ethonore

226 4199 388 4280 nostru,
404 4215 453 4270 ao
467 4215 547 4294 pro
566 4191 677 4268 omni
693 4191 805 4269 bona
822 4213 959 4281 causa,
984 4191 1226 4271 comittatur
1242 4217 1318 4269 am-
