<?xml version="1.0" encoding="UTF-8"?>
<!DOCTYPE html PUBLIC "-//W3C//DTD XHTML 1.0 Transitional//EN"
    "http://www.w3.org/TR/xhtml1/DTD/xhtml1-transitional.dtd">
<html xmlns="http://www.w3.org/1999/xhtml" xml:lang="en" lang="en">
 <head>
  <title>
</title>
<meta http-equiv="Content-Type" content="text/html;charset=utf-8" />
  <meta name='ocr-system' content='tesseract 3.04.00' />
  <meta name='ocr-capabilities' content='ocr_page ocr_carea ocr_par ocr_line ocrx_word'/>
</head>
<body>
  <div class='ocr_page' id='page_1' title='image "./actaarchivivene00sergoog_0856.png"; bbox 0 0 3226 5112; ppageno 0'>
   <div class='ocr_carea' id='block_1_1' title="bbox 276 572 1450 3926">
    <p class='ocr_par' dir='ltr' id='par_1_1' title="bbox 276 572 1439 1395">
     <span class='ocr_line' id='line_1_1' title="bbox 276 572 1438 675; baseline -0.001 -23"><span class='ocrx_word' id='word_1_1' title='bbox 276 647 278 652; x_wconf 85' lang='grc'><em>,</em></span> <span class='ocrx_word' id='word_1_2' title='bbox 356 575 512 656; x_wconf 78' lang='lat' dir='ltr'><strong>Cntnro</strong></span> <span class='ocrx_word' id='word_1_3' title='bbox 540 578 594 655; x_wconf 87' lang='lat' dir='ltr'><strong>sit</strong></span> <span class='ocrx_word' id='word_1_4' title='bbox 620 574 750 675; x_wconf 84' lang='lat' dir='ltr'><strong>ipsius</strong></span> <span class='ocrx_word' id='word_1_5' title='bbox 779 572 938 653; x_wconf 89' lang='lat' dir='ltr'><strong>domini</strong></span> <span class='ocrx_word' id='word_1_6' title='bbox 964 573 1142 652; x_wconf 83' lang='lat' dir='ltr'><strong>vnivodc</strong></span> <span class='ocrx_word' id='word_1_7' title='bbox 1171 573 1359 666; x_wconf 71' lang='lat' dir='ltr'><strong>stefani,</strong></span> <span class='ocrx_word' id='word_1_8' title='bbox 1398 581 1438 652; x_wconf 90' lang='lat' dir='ltr'><strong>ct</strong></span> 
     </span>
     <span class='ocr_line' id='line_1_2' title="bbox 352 693 1437 798; baseline -0.002 -26"><span class='ocrx_word' id='word_1_9' title='bbox 352 720 525 773; x_wconf 76' lang='lat' dir='ltr'><strong>suornm</strong></span> <span class='ocrx_word' id='word_1_10' title='bbox 554 693 787 784; x_wconf 69' lang='lat' dir='ltr'><strong>heredem,-</strong></span> <span class='ocrx_word' id='word_1_11' title='bbox 823 702 864 773; x_wconf 89' lang='lat' dir='ltr'><strong>ct</strong></span> <span class='ocrx_word' id='word_1_12' title='bbox 900 693 1093 772; x_wconf 80' lang='lat' dir='ltr'><strong>similiter</strong></span> <span class='ocrx_word' id='word_1_13' title='bbox 1121 697 1234 796; x_wconf 91' lang='lat' dir='ltr'><strong>quod</strong></span> <span class='ocrx_word' id='word_1_14' title='bbox 1262 719 1340 798; x_wconf 76' lang='lat' dir='ltr'><strong>pro</strong></span> <span class='ocrx_word' id='word_1_15' title='bbox 1381 718 1437 782; x_wconf 87' lang='lat' dir='ltr'><strong>se,</strong></span> 
     </span>
     <span class='ocr_line' id='line_1_3' title="bbox 354 812 1438 893; baseline 0 -1"><span class='ocrx_word' id='word_1_16' title='bbox 354 823 396 893; x_wconf 88' lang='lat' dir='ltr'><strong>et</strong></span> <span class='ocrx_word' id='word_1_17' title='bbox 422 814 507 892; x_wconf 90' lang='lat' dir='ltr'><strong>suis</strong></span> <span class='ocrx_word' id='word_1_18' title='bbox 533 813 765 891; x_wconf 78' lang='lat' dir='ltr'>heredibus</span> <span class='ocrx_word' id='word_1_19' title='bbox 806 815 858 891; x_wconf 89' lang='lat' dir='ltr'><strong>dc</strong></span> <span class='ocrx_word' id='word_1_20' title='bbox 901 819 1047 892; x_wconf 79' lang='lat' dir='ltr'><strong>cetero</strong></span> <span class='ocrx_word' id='word_1_21' title='bbox 1089 812 1249 890; x_wconf 78' lang='lat' dir='ltr'><strong>hebere</strong></span> <span class='ocrx_word' id='word_1_22' title='bbox 1289 817 1438 892; x_wconf 83' lang='lat' dir='ltr'><strong>debent</strong></span> 
     </span>
     <span class='ocr_line' id='line_1_4' title="bbox 354 919 1438 1012; baseline 0.002 -4"><span class='ocrx_word' id='word_1_23' title='bbox 354 933 536 1010; x_wconf 75' lang='lat' dir='ltr'><strong>annatim</strong></span> <span class='ocrx_word' id='word_1_24' title='bbox 564 933 738 1010; x_wconf 79' lang='lat' dir='ltr'><strong>ducatos</strong></span> <span class='ocrx_word' id='word_1_25' title='bbox 767 939 994 1012; x_wconf 85' lang='lat' dir='ltr'><strong>sexcentos</strong></span> <span class='ocrx_word' id='word_1_26' title='bbox 1040 957 1062 1008; x_wconf 83' lang='lat' dir='ltr'><strong>c</strong></span> <span class='ocrx_word' id='word_1_27' title='bbox 1104 953 1271 1010; x_wconf 82' lang='lat' dir='ltr'><strong>camera</strong></span> <span class='ocrx_word' id='word_1_28' title='bbox 1297 919 1438 1010; x_wconf 74' lang='lat' dir='ltr'><strong>nostin</strong></span> 
     </span>
     <span class='ocr_line' id='line_1_5' title="bbox 354 1052 1437 1147; baseline 0.001 -16"><span class='ocrx_word' id='word_1_29' title='bbox 354 1055 452 1134; x_wconf 81' lang='lat' dir='ltr'><strong>salis</strong></span> <span class='ocrx_word' id='word_1_30' title='bbox 482 1052 637 1132; x_wconf 76' lang='lat' dir='ltr'><strong>catari.</strong></span> <span class='ocrx_word' id='word_1_31' title='bbox 693 1053 856 1132; x_wconf 77' lang='lat' dir='ltr'><strong>Eodem</strong></span> <span class='ocrx_word' id='word_1_32' title='bbox 885 1054 1058 1131; x_wconf 87' lang='lat' dir='ltr'><strong>domino</strong></span> <span class='ocrx_word' id='word_1_33' title='bbox 1088 1052 1274 1147; x_wconf 78' lang='lat' dir='ltr'><strong>stefano,</strong></span> <span class='ocrx_word' id='word_1_34' title='bbox 1303 1062 1345 1132; x_wconf 87' lang='lat' dir='ltr'><strong>et</strong></span> <span class='ocrx_word' id='word_1_35' title='bbox 1371 1053 1437 1132; x_wconf 89' lang='lat' dir='ltr'><strong>he·</strong></span> 
     </span>
     <span class='ocr_line' id='line_1_6' title="bbox 353 1171 1439 1262; baseline -0.001 -12"><span class='ocrx_word' id='word_1_36' title='bbox 353 1171 525 1251; x_wconf 78' lang='lat' dir='ltr'><strong>nedibus</strong></span> <span class='ocrx_word' id='word_1_37' title='bbox 567 1176 677 1262; x_wconf 90' lang='lat' dir='ltr'><strong>suis,</strong></span> <span class='ocrx_word' id='word_1_38' title='bbox 719 1171 956 1252; x_wconf 84' lang='lat' dir='ltr'><strong>tenentibus</strong></span> <span class='ocrx_word' id='word_1_39' title='bbox 985 1175 1078 1252; x_wconf 84' lang='lat' dir='ltr'><strong>loca</strong></span> <span class='ocrx_word' id='word_1_40' title='bbox 1120 1181 1162 1251; x_wconf 88' lang='lat' dir='ltr'><strong>ct</strong></span> <span class='ocrx_word' id='word_1_41' title='bbox 1202 1171 1439 1262; x_wconf 88' lang='lat' dir='ltr'><strong>dominium,</strong></span> 
     </span>
     <span class='ocr_line' id='line_1_7' title="bbox 354 1293 1439 1395; baseline 0 -25"><span class='ocrx_word' id='word_1_42' title='bbox 354 1318 435 1395; x_wconf 91' lang='lat' dir='ltr'><strong>que</strong></span> <span class='ocrx_word' id='word_1_43' title='bbox 462 1293 553 1395; x_wconf 86' lang='lat' dir='ltr'><strong>ipse</strong></span> <span class='ocrx_word' id='word_1_44' title='bbox 581 1293 777 1372; x_wconf 89' lang='lat' dir='ltr'><strong>dominus</strong></span> <span class='ocrx_word' id='word_1_45' title='bbox 800 1294 966 1374; x_wconf 81' lang='lat' dir='ltr'><strong>Sondnli</strong></span> <span class='ocrx_word' id='word_1_46' title='bbox 983 1294 1168 1387; x_wconf 80' lang='lat' dir='ltr'><strong>tenebat,</strong></span> <span class='ocrx_word' id='word_1_47' title='bbox 1195 1293 1439 1370; x_wconf 80' lang='lat' dir='ltr'><strong>facientibus</strong></span> 
     </span>
    </p>

    <p class='ocr_par' dir='ltr' id='par_1_2' title="bbox 313 1414 1450 3926">
     <span class='ocr_line' id='line_1_8' title="bbox 313 1414 1439 1516; baseline -0.003 -27"><span class='ocrx_word' id='word_1_48' title='bbox 313 1458 315 1462; x_wconf 94' lang='lat'>·</span> <span class='ocrx_word' id='word_1_49' title='bbox 355 1436 528 1516; x_wconf 88' lang='lat' dir='ltr'><strong>quoque</strong></span> <span class='ocrx_word' id='word_1_50' title='bbox 544 1414 658 1516; x_wconf 89' lang='lat' dir='ltr'><strong>ipsis,</strong></span> <span class='ocrx_word' id='word_1_51' title='bbox 678 1416 792 1515; x_wconf 87' lang='lat' dir='ltr'><strong>qnod</strong></span> <span class='ocrx_word' id='word_1_52' title='bbox 809 1437 1013 1492; x_wconf 76' lang='lat' dir='ltr'><strong>cacnvnne</strong></span> <span class='ocrx_word' id='word_1_53' title='bbox 1043 1418 1086 1490; x_wconf 89' lang='lat' dir='ltr'><strong>et</strong></span> <span class='ocrx_word' id='word_1_54' title='bbox 1113 1421 1249 1490; x_wconf 80' lang='lat' dir='ltr'><strong>tunmc</strong></span> <span class='ocrx_word' id='word_1_55' title='bbox 1277 1435 1356 1514; x_wconf 82' lang='lat' dir='ltr'><strong>pcc</strong></span> <span class='ocrx_word' id='word_1_56' title='bbox 1382 1419 1439 1488; x_wconf 86' lang='lat' dir='ltr'><strong>to·</strong></span> 
     </span>
     <span class='ocr_line' id='line_1_9' title="bbox 354 1530 1440 1635; baseline -0.006 -21"><span class='ocrx_word' id='word_1_57' title='bbox 354 1545 441 1614; x_wconf 88' lang='lat' dir='ltr'><strong>tum</strong></span> <span class='ocrx_word' id='word_1_58' title='bbox 479 1557 625 1635; x_wconf 77' lang='lat' dir='ltr'><strong>eccum</strong></span> <span class='ocrx_word' id='word_1_59' title='bbox 654 1531 884 1610; x_wconf 84' lang='lat' dir='ltr'><strong>dominium</strong></span> <span class='ocrx_word' id='word_1_60' title='bbox 921 1533 1085 1634; x_wconf 83' lang='lat' dir='ltr'>possint</span> <span class='ocrx_word' id='word_1_61' title='bbox 1125 1533 1187 1610; x_wconf 82' lang='lat' dir='ltr'><strong>ire</strong></span> <span class='ocrx_word' id='word_1_62' title='bbox 1215 1530 1362 1622; x_wconf 84' lang='lat' dir='ltr'><strong>iibere,</strong></span> <span class='ocrx_word' id='word_1_63' title='bbox 1399 1538 1440 1610; x_wconf 85' lang='lat' dir='ltr'><strong>et</strong></span> 
     </span>
     <span class='ocr_line' id='line_1_10' title="bbox 353 1651 1439 1755; baseline -0.004 -23"><span class='ocrx_word' id='word_1_64' title='bbox 353 1653 435 1733; x_wconf 80' lang='lat' dir='ltr'><strong>clio</strong></span> <span class='ocrx_word' id='word_1_65' title='bbox 474 1678 558 1755; x_wconf 92' lang='lat' dir='ltr'><strong>quo</strong></span> <span class='ocrx_word' id='word_1_66' title='bbox 596 1653 835 1740; x_wconf 72' lang='lat' dir='ltr'><strong>voluerint,</strong></span> <span class='ocrx_word' id='word_1_67' title='bbox 877 1651 987 1732; x_wconf 89' lang='lat' dir='ltr'><strong>siout</strong></span> <span class='ocrx_word' id='word_1_68' title='bbox 1015 1659 1209 1752; x_wconf 81' lang='lat' dir='ltr'><strong>tempore</strong></span> <span class='ocrx_word' id='word_1_69' title='bbox 1252 1653 1439 1750; x_wconf 87' lang='lat' dir='ltr'><strong>ejusdcm</strong></span> 
     </span>
     <span class='ocr_line' id='line_1_11' title="bbox 353 1773 1439 1876; baseline -0.005 -23"><span class='ocrx_word' id='word_1_70' title='bbox 353 1775 513 1853; x_wconf 90' lang='lat' dir='ltr'><strong>domini</strong></span> <span class='ocrx_word' id='word_1_71' title='bbox 542 1774 711 1854; x_wconf 82' lang='lat' dir='ltr'><strong>Sendeii</strong></span> <span class='ocrx_word' id='word_1_72' title='bbox 737 1773 963 1860; x_wconf 79' lang='lat' dir='ltr'><strong>faciebant,</strong></span> <span class='ocrx_word' id='word_1_73' title='bbox 994 1798 1073 1876; x_wconf 77' lang='lat' dir='ltr'><strong>pro</strong></span> <span class='ocrx_word' id='word_1_74' title='bbox 1090 1797 1166 1850; x_wconf 81' lang='lat' dir='ltr'><strong>sue</strong></span> <span class='ocrx_word' id='word_1_75' title='bbox 1181 1773 1439 1852; x_wconf 81' lang='lat' dir='ltr'><strong>comoditate</strong></span> 
     </span>
     <span class='ocr_line' id='line_1_12' title="bbox 354 1892 1440 1997; baseline -0.007 -21"><span class='ocrx_word' id='word_1_76' title='bbox 354 1921 450 1976; x_wconf 70' lang='lat' dir='ltr'><strong>ciem</strong></span> <span class='ocrx_word' id='word_1_77' title='bbox 478 1893 810 1997; x_wconf 87' lang='lat' dir='ltr'><strong>quibuscumque</strong></span> <span class='ocrx_word' id='word_1_78' title='bbox 839 1895 925 1972; x_wconf 87' lang='lat' dir='ltr'><strong>suis</strong></span> <span class='ocrx_word' id='word_1_79' title='bbox 967 1895 1087 1974; x_wconf 89' lang='lat' dir='ltr'><strong>bonis</strong></span> <span class='ocrx_word' id='word_1_80' title='bbox 1117 1900 1160 1970; x_wconf 88' lang='lat' dir='ltr'><strong>et</strong></span> <span class='ocrx_word' id='word_1_81' title='bbox 1186 1892 1440 1982; x_wconf 76' lang='lat' dir='ltr'><strong>mercantiis.</strong></span> 
     </span>
     <span class='ocr_line' id='line_1_13' title="bbox 354 2011 1439 2114; baseline -0.004 -22"><span class='ocrx_word' id='word_1_82' title='bbox 354 2040 433 2093; x_wconf 87' lang='lat' dir='ltr'><strong>nco</strong></span> <span class='ocrx_word' id='word_1_83' title='bbox 474 2040 558 2094; x_wconf 91' lang='lat' dir='ltr'><strong>non</strong></span> <span class='ocrx_word' id='word_1_84' title='bbox 598 2014 919 2094; x_wconf 78' lang='lat' dir='ltr'><strong>observantibus</strong></span> <span class='ocrx_word' id='word_1_85' title='bbox 961 2014 1124 2114; x_wconf 79' lang='lat' dir='ltr'><strong>celique</strong></span> <span class='ocrx_word' id='word_1_86' title='bbox 1152 2011 1317 2102; x_wconf 81' lang='lat' dir='ltr'><strong>omnia,</strong></span> <span class='ocrx_word' id='word_1_87' title='bbox 1357 2037 1439 2113; x_wconf 80' lang='lat' dir='ltr'><strong>que</strong></span> 
     </span>
     <span class='ocr_line' id='line_1_14' title="bbox 353 2129 1441 2234; baseline -0.004 -22"><span class='ocrx_word' id='word_1_88' title='bbox 353 2137 462 2214; x_wconf 85' lang='lat' dir='ltr'><strong>idem</strong></span> <span class='ocrx_word' id='word_1_89' title='bbox 491 2136 736 2234; x_wconf 79' lang='lat' dir='ltr'><strong>magnificus</strong></span> <span class='ocrx_word' id='word_1_90' title='bbox 763 2134 959 2216; x_wconf 75' lang='lat' dir='ltr'><strong>dominus</strong></span> <span class='ocrx_word' id='word_1_91' title='bbox 987 2132 1157 2212; x_wconf 81' lang='lat' dir='ltr'><strong>Sandaii</strong></span> <span class='ocrx_word' id='word_1_92' title='bbox 1177 2129 1441 2212; x_wconf 80' lang='lat' dir='ltr'><strong>dehcbotob·</strong></span> 
     </span>
     <span class='ocr_line' id='line_1_15' title="bbox 353 2254 1442 2362; baseline 0 -28"><span class='ocrx_word' id='word_1_93' title='bbox 353 2279 537 2343; x_wconf 75' lang='lat' dir='ltr'><strong>servare,</strong></span> <span class='ocrx_word' id='word_1_94' title='bbox 576 2257 727 2356; x_wconf 77' lang='lat' dir='ltr'><strong>vigore</strong></span> <span class='ocrx_word' id='word_1_95' title='bbox 753 2257 964 2362; x_wconf 73' lang='lat' dir='ltr'><strong>privilegii</strong></span> <span class='ocrx_word' id='word_1_96' title='bbox 991 2257 1093 2336; x_wconf 74' lang='lat' dir='ltr'><strong>aiios</strong></span> <span class='ocrx_word' id='word_1_97' title='bbox 1131 2278 1209 2355; x_wconf 80' lang='lat' dir='ltr'><strong>pcc</strong></span> <span class='ocrx_word' id='word_1_98' title='bbox 1235 2278 1316 2334; x_wconf 88' lang='lat' dir='ltr'><strong>nos</strong></span> <span class='ocrx_word' id='word_1_99' title='bbox 1345 2254 1442 2334; x_wconf 79' lang='lat' dir='ltr'><strong>fecti</strong></span> 
     </span>
     <span class='ocr_line' id='line_1_16' title="bbox 352 2371 1442 2456; baseline -0.001 -2"><span class='ocrx_word' id='word_1_100' title='bbox 352 2377 394 2454; x_wconf 88' lang='lat' dir='ltr'><strong>in</strong></span> <span class='ocrx_word' id='word_1_101' title='bbox 423 2373 757 2456; x_wconf 81' lang='lat' dir='ltr'><strong>Mccccxxnl</strong></span> <span class='ocrx_word' id='word_1_102' title='bbox 796 2377 862 2456; x_wconf 88' lang='lat' dir='ltr'><strong>die</strong></span> <span class='ocrx_word' id='word_1_103' title='bbox 890 2376 989 2456; x_wconf 88' lang='lat' dir='ltr'><strong>XVl</strong></span> <span class='ocrx_word' id='word_1_104' title='bbox 1031 2377 1185 2456; x_wconf 88' lang='lat' dir='ltr'><strong>mensis</strong></span> <span class='ocrx_word' id='word_1_105' title='bbox 1224 2371 1442 2454; x_wconf 76' lang='lat' dir='ltr'>Februarii</span> 
     </span>
     <span class='ocr_line' id='line_1_17' title="bbox 352 2493 1442 2598; baseline -0.001 -24"><span class='ocrx_word' id='word_1_106' title='bbox 352 2493 580 2575; x_wconf 75' lang='lat' dir='ltr'><strong>indictione</strong></span> <span class='ocrx_word' id='word_1_107' title='bbox 607 2496 806 2576; x_wconf 81' lang='lat' dir='ltr'><strong>secunde.</strong></span> <span class='ocrx_word' id='word_1_108' title='bbox 834 2496 954 2596; x_wconf 86' lang='lat' dir='ltr'><strong>Quod</strong></span> <span class='ocrx_word' id='word_1_109' title='bbox 982 2495 1248 2598; x_wconf 75' lang='lat' dir='ltr'><strong>privilegium</strong></span> <span class='ocrx_word' id='word_1_110' title='bbox 1271 2517 1442 2598; x_wconf 75' lang='lat' dir='ltr'><strong>pennos</strong></span> 
     </span>
     <span class='ocr_line' id='line_1_18' title="bbox 353 2615 1441 2720; baseline 0.003 -26"><span class='ocrx_word' id='word_1_111' title='bbox 353 2618 491 2720; x_wconf 76' lang='lat' dir='ltr'><strong>primo</strong></span> <span class='ocrx_word' id='word_1_112' title='bbox 522 2617 679 2694; x_wconf 82' lang='lat' dir='ltr'><strong>foetum</strong></span> <span class='ocrx_word' id='word_1_113' title='bbox 709 2625 749 2695; x_wconf 90' lang='lat' dir='ltr'><strong>et</strong></span> <span class='ocrx_word' id='word_1_114' title='bbox 778 2639 1031 2695; x_wconf 86' lang='lat' dir='ltr'><strong>concessum</strong></span> <span class='ocrx_word' id='word_1_115' title='bbox 1059 2615 1350 2718; x_wconf 76' lang='lat' dir='ltr'><strong>suprascripto</strong></span> <span class='ocrx_word' id='word_1_116' title='bbox 1371 2615 1441 2698; x_wconf 89' lang='lat' dir='ltr'><strong>do·</strong></span> 
     </span>
     <span class='ocr_line' id='line_1_19' title="bbox 353 2735 1443 2829; baseline 0.001 -15"><span class='ocrx_word' id='word_1_117' title='bbox 353 2737 467 2815; x_wconf 89' lang='lat' dir='ltr'><strong>mino</strong></span> <span class='ocrx_word' id='word_1_118' title='bbox 497 2735 690 2829; x_wconf 82' lang='lat' dir='ltr'><strong>Scndcii,</strong></span> <span class='ocrx_word' id='word_1_119' title='bbox 732 2735 911 2816; x_wconf 87' lang='lat' dir='ltr'><strong>dominis</strong></span> <span class='ocrx_word' id='word_1_120' title='bbox 945 2736 1152 2814; x_wconf 85' lang='lat' dir='ltr'><strong>Voichcm</strong></span> <span class='ocrx_word' id='word_1_121' title='bbox 1194 2744 1238 2814; x_wconf 87' lang='lat' dir='ltr'><strong>ct</strong></span> <span class='ocrx_word' id='word_1_122' title='bbox 1272 2737 1443 2816; x_wconf 87' lang='lat' dir='ltr'><strong>Vulcho</strong></span> 
     </span>
     <span class='ocr_line' id='line_1_20' title="bbox 355 2855 1441 2945; baseline 0.004 -11"><span class='ocrx_word' id='word_1_123' title='bbox 355 2855 579 2945; x_wconf 77' lang='lat' dir='ltr'><strong>fratribus,</strong></span> <span class='ocrx_word' id='word_1_124' title='bbox 620 2883 670 2944; x_wconf 78' lang='lat' dir='ltr'><strong>nc</strong></span> <span class='ocrx_word' id='word_1_125' title='bbox 700 2857 836 2936; x_wconf 87' lang='lat' dir='ltr'><strong>eidem</strong></span> <span class='ocrx_word' id='word_1_126' title='bbox 865 2865 965 2935; x_wconf 90' lang='lat' dir='ltr'><strong>tunc</strong></span> <span class='ocrx_word' id='word_1_127' title='bbox 994 2857 1138 2934; x_wconf 87' lang='lat' dir='ltr'><strong>comiti</strong></span> <span class='ocrx_word' id='word_1_128' title='bbox 1164 2856 1343 2938; x_wconf 76' lang='lat' dir='ltr'><strong>stefano</strong></span> <span class='ocrx_word' id='word_1_129' title='bbox 1373 2885 1441 2938; x_wconf 87' lang='lat' dir='ltr'><strong>nc·</strong></span> 
     </span>
     <span class='ocr_line' id='line_1_21' title="bbox 353 2976 1444 3082; baseline 0.003 -27"><span class='ocrx_word' id='word_1_130' title='bbox 353 2981 455 3082; x_wconf 85' lang='lat' dir='ltr'><strong>poti,</strong></span> <span class='ocrx_word' id='word_1_131' title='bbox 490 3003 598 3056; x_wconf 87' lang='lat' dir='ltr'><strong>nuno</strong></span> <span class='ocrx_word' id='word_1_132' title='bbox 635 3001 784 3077; x_wconf 60' lang='lat' dir='ltr'><strong>menno</strong></span> <span class='ocrx_word' id='word_1_133' title='bbox 821 2977 999 3056; x_wconf 85' lang='lat' dir='ltr'><strong>vnivodc</strong></span> <span class='ocrx_word' id='word_1_134' title='bbox 1028 2976 1222 3066; x_wconf 88' lang='lat' dir='ltr'><strong>Bossine,</strong></span> <span class='ocrx_word' id='word_1_135' title='bbox 1251 3003 1331 3082; x_wconf 81' lang='lat' dir='ltr'><strong>per</strong></span> <span class='ocrx_word' id='word_1_136' title='bbox 1358 2980 1444 3060; x_wconf 87' lang='lat' dir='ltr'><strong>hoc</strong></span> 
     </span>
     <span class='ocr_line' id='line_1_22' title="bbox 351 3097 1441 3202; baseline 0.003 -27"><span class='ocrx_word' id='word_1_137' title='bbox 351 3105 543 3176; x_wconf 83' lang='lat' dir='ltr'><strong>nostrum</strong></span> <span class='ocrx_word' id='word_1_138' title='bbox 570 3097 834 3202; x_wconf 71' lang='lat' dir='ltr'><strong>privilegium</strong></span> <span class='ocrx_word' id='word_1_139' title='bbox 864 3099 1178 3180; x_wconf 77' lang='lat' dir='ltr'><strong>confirmamus,</strong></span> <span class='ocrx_word' id='word_1_140' title='bbox 1206 3104 1253 3176; x_wconf 88' lang='lat' dir='ltr'><strong>ut</strong></span> <span class='ocrx_word' id='word_1_141' title='bbox 1279 3101 1331 3178; x_wconf 74' lang='lat' dir='ltr'><strong>ab</strong></span> <span class='ocrx_word' id='word_1_142' title='bbox 1360 3123 1441 3178; x_wconf 78' lang='lat' dir='ltr'><strong>nm·</strong></span> 
     </span>
     <span class='ocr_line' id='line_1_23' title="bbox 352 3217 1442 3320; baseline -0.004 -22"><span class='ocrx_word' id='word_1_143' title='bbox 352 3221 483 3301; x_wconf 68' lang='lat' dir='ltr'><strong>bubus</strong></span> <span class='ocrx_word' id='word_1_144' title='bbox 512 3218 698 3320; x_wconf 78' lang='lat' dir='ltr'><strong>pontibus</strong></span> <span class='ocrx_word' id='word_1_145' title='bbox 725 3220 878 3299; x_wconf 81' lang='lat' dir='ltr'><strong>debeat</strong></span> <span class='ocrx_word' id='word_1_146' title='bbox 893 3220 1190 3298; x_wconf 76' lang='lat' dir='ltr'><strong>inviolabiliter</strong></span> <span class='ocrx_word' id='word_1_147' title='bbox 1210 3217 1442 3298; x_wconf 79' lang='lat' dir='ltr'><strong>observari.</strong></span> 
     </span>
     <span class='ocr_line' id='line_1_24' title="bbox 351 3341 1444 3444; baseline 0 -24"><span class='ocrx_word' id='word_1_148' title='bbox 351 3343 398 3420; x_wconf 92' lang='lat' dir='ltr'><strong>ln</strong></span> <span class='ocrx_word' id='word_1_149' title='bbox 422 3364 602 3442; x_wconf 78' lang='lat' dir='ltr'><strong>quorum</strong></span> <span class='ocrx_word' id='word_1_150' title='bbox 629 3341 815 3419; x_wconf 80' lang='lat' dir='ltr'><strong>omnium</strong></span> <span class='ocrx_word' id='word_1_151' title='bbox 845 3343 969 3422; x_wconf 86' lang='lat' dir='ltr'><strong>fidem</strong></span> <span class='ocrx_word' id='word_1_152' title='bbox 985 3365 1161 3444; x_wconf 80' lang='lat' dir='ltr'><strong>presens</strong></span> <span class='ocrx_word' id='word_1_153' title='bbox 1178 3341 1444 3444; x_wconf 77' lang='lat' dir='ltr'><strong>privilegium</strong></span> 
     </span>
     <span class='ocr_line' id='line_1_25' title="bbox 354 3463 1444 3560; baseline 0 -18"><span class='ocrx_word' id='word_1_154' title='bbox 354 3464 446 3542; x_wconf 77' lang='lat' dir='ltr'><strong>ficei</strong></span> <span class='ocrx_word' id='word_1_155' title='bbox 466 3463 669 3560; x_wconf 84' lang='lat' dir='ltr'><strong>jussimus</strong></span> <span class='ocrx_word' id='word_1_156' title='bbox 698 3463 810 3542; x_wconf 84' lang='lat' dir='ltr'><strong>bollo</strong></span> <span class='ocrx_word' id='word_1_157' title='bbox 840 3471 986 3542; x_wconf 76' lang='lat' dir='ltr'><strong>nostro</strong></span> <span class='ocrx_word' id='word_1_158' title='bbox 1014 3485 1141 3540; x_wconf 76' lang='lat' dir='ltr'><strong>curce</strong></span> <span class='ocrx_word' id='word_1_159' title='bbox 1170 3463 1444 3542; x_wconf 85' lang='lat' dir='ltr'><strong>comunitum.</strong></span> 
     </span>
     <span class='ocr_line' id='line_1_26' title="bbox 353 3582 1442 3686; baseline 0.005 -27"><span class='ocrx_word' id='word_1_160' title='bbox 353 3583 457 3662; x_wconf 78' lang='lat' dir='ltr'><strong>Data</strong></span> <span class='ocrx_word' id='word_1_161' title='bbox 484 3583 526 3660; x_wconf 88' lang='lat' dir='ltr'><strong>in</strong></span> <span class='ocrx_word' id='word_1_162' title='bbox 554 3587 703 3660; x_wconf 79' lang='lat' dir='ltr'><strong>nostro</strong></span> <span class='ocrx_word' id='word_1_163' title='bbox 731 3582 866 3662; x_wconf 82' lang='lat' dir='ltr'><strong>ducali</strong></span> <span class='ocrx_word' id='word_1_164' title='bbox 891 3585 1059 3686; x_wconf 71' lang='lat' dir='ltr'><strong>palatio,</strong></span> <span class='ocrx_word' id='word_1_165' title='bbox 1087 3584 1154 3662; x_wconf 88' lang='lat' dir='ltr'><strong>die</strong></span> <span class='ocrx_word' id='word_1_166' title='bbox 1170 3585 1315 3684; x_wconf 86' lang='lat' dir='ltr'><strong>quinto</strong></span> <span class='ocrx_word' id='word_1_167' title='bbox 1332 3583 1442 3664; x_wconf 88' lang='lat' dir='ltr'><strong>dcci·</strong></span> 
     </span>
     <span class='ocr_line' id='line_1_27' title="bbox 353 3701 1450 3802; baseline -0.001 -21"><span class='ocrx_word' id='word_1_168' title='bbox 353 3728 423 3781; x_wconf 90' lang='lat' dir='ltr'><strong>mo</strong></span> <span class='ocrx_word' id='word_1_169' title='bbox 469 3702 623 3782; x_wconf 86' lang='lat' dir='ltr'><strong>mensis</strong></span> <span class='ocrx_word' id='word_1_170' title='bbox 653 3703 765 3802; x_wconf 84' lang='lat' dir='ltr'><strong>Meij,</strong></span> <span class='ocrx_word' id='word_1_171' title='bbox 805 3704 1036 3783; x_wconf 84' lang='lat' dir='ltr'><strong>indictione</strong></span> <span class='ocrx_word' id='word_1_172' title='bbox 1063 3701 1177 3794; x_wconf 86' lang='lat' dir='ltr'>XIV,</span> <span class='ocrx_word' id='word_1_173' title='bbox 1217 3703 1450 3782; x_wconf 83' lang='lat' dir='ltr'><strong>millesimo</strong></span> 
     </span>
     <span class='ocr_line' id='line_1_28' title="bbox 354 3823 1198 3926; baseline 0.006 -27"><span class='ocrx_word' id='word_1_174' title='bbox 354 3823 787 3926; x_wconf 76' lang='lat' dir='ltr'><strong>quadringentessimo</strong></span> <span class='ocrx_word' id='word_1_175' title='bbox 817 3824 1030 3925; x_wconf 82' lang='lat' dir='ltr'><strong>trigesimo</strong></span> <span class='ocrx_word' id='word_1_176' title='bbox 1060 3833 1198 3904; x_wconf 83' lang='lat' dir='ltr'><strong>sexto.</strong></span> 
     </span>
    </p>
   </div>
   <div class='ocr_carea' id='block_1_2' title="bbox 847 3997 1398 4098">
    <p class='ocr_par' dir='ltr' id='par_1_3' title="bbox 847 3997 1398 4098">
     <span class='ocr_line' id='line_1_29' title="bbox 847 3997 1398 4098; baseline -0.013 -1"><span class='ocrx_word' id='word_1_177' title='bbox 847 4028 1120 4097; x_wconf 80' lang='lat' dir='ltr'><strong>Comemcriclc</strong></span> <span class='ocrx_word' id='word_1_178' title='bbox 1146 3997 1222 4098; x_wconf 82' lang='lat' dir='ltr'><strong>xli.</strong></span> <span class='ocrx_word' id='word_1_179' title='bbox 1248 4031 1304 4096; x_wconf 88' lang='lat' dir='ltr'><strong>ch.</strong></span> <span class='ocrx_word' id='word_1_180' title='bbox 1327 4030 1398 4096; x_wconf 83' lang='lat'>159.</span> 
     </span>
    </p>
   </div>
   <div class='ocr_carea' id='block_1_3' title="bbox 0 0 1622 5112">
    <p class='ocr_par' dir='ltr' id='par_1_4' title="bbox 0 0 1622 5112">
     <span class='ocr_line' id='line_1_30' title="bbox 0 0 1622 5112; baseline 0 0"><span class='ocrx_word' id='word_1_181' title='bbox 0 0 1622 5112; x_wconf 95' lang='lat' dir='ltr'><strong> </strong></span> 
     </span>
    </p>
   </div>
  </div>
 </body>
</html>
