3154 5102
192 502 335 587 honor
373 527 472 584 sune
513 507 727 604 maiestati
754 531 836 587 nee
864 511 1001 599 nobis,
1040 512 1136 614 quio
1172 527 1282 590 nuno

191 623 368 726 umptius
408 628 743 726 ymagines-entur
781 629 892 731 quod
921 632 1096 711 anobis
1134 653 1282 737 prooe-

193 747 326 828 deret,
355 747 1017 848 quodpiurimumineonveuiens
1044 761 1169 840 esset,
1186 771 1280 830 eum

187 864 379 972 'ipsorum
408 865 595 954 intersit,
635 876 821 946 nostram
853 871 920 972 qui
949 871 1171 973 antiquitus
1208 871 1283 948 iui-

195 1011 285 1064 nrus
312 995 354 1062 et
383 1007 476 1063 esse
504 985 752 1066 intendimus
795 981 942 1065 eorum
988 989 1169 1089 domini,
1211 993 1281 1068 mi·

194 1107 467 1186 sericordiom
503 1107 742 1212 implorare.
798 1109 936 1208 Quare
976 1117 1169 1212 majestas
1209 1135 1283 1190 sun

196 1229 234 1306 iu
261 1227 343 1306 hoe
370 1237 489 1329 porte
516 1253 594 1308 nos
634 1231 795 1309 hebere
840 1237 981 1336 potest
1021 1237 1172 1314 merito
1215 1257 1284 1314 ex·

195 1356 376 1431 eusutos.
397 1349 604 1428 Faciendo
623 1351 924 1452 responsiones
937 1355 1172 1454 praedictos
1189 1378 1282 1436 cnm

195 1469 275 1548 hiis
304 1476 346 1548 et
372 1471 463 1548 otiis
488 1470 647 1571 puteris
676 1471 829 1560 verbis,
859 1493 966 1576 quoe
994 1473 1258 1554 videiiuntnr.
1325 1491 1330 1510 '

712 1622 814 1725 Ἐκ.
841 1659 929 1748 ung.
956 1661 1026 1724 nu.
1050 1665 1087 1726 Α.
1112 1664 1168 1728 cn.
1192 1661 1243 1728 ss.

300 1865 394 1964 ht.
434 1883 1186 1994 1sns.1no.xrursnprtns.

206 2078 393 2152 (ωυρμ
407 2079 583 2136 naevum
608 2093 708 2148 nasse
732 2093 923 2153 nocuasusy
950 2081 1032 2136 ons·
1055 2081 1290 2156 Boeotum-s,

197 2199 259 2240 uon
286 2183 349 2240 oto
371 2199 410 2253 pa
435 2197 712 2257 uoepeperoyoy
739 2197 859 2252 oasnpn
886 2184 1040 2242 Muenna
1065 2199 1109 2240 en
1134 2185 1285 2258 upum

410 2285 625 2360 yrapessuu,
649 2283 759 2341 soors.
786 2285 912 2352 oocspe
935 2285 1051 2360 impu.

299 2431 455 2535 Copto:
498 2433 610 2536 quod
650 2459 729 2537 pro
759 2435 953 2512 laudabili
981 2445 1023 2514 et
1049 2436 1165 2514 bono
1193 2460 1287 2542 por·

196 2553 681 2657 iumentoquodhabuit
710 2557 903 2636 freter
931 2555 1288 2658 Peregrinus

198 2676 239 2754 in
282 2675 438 2754 nostris
478 2675 670 2762 servitiis,
697 2675 796 2754 tiunt
835 2677 875 2754 ei
913 2677 1022 2756 dono
1071 2680 1286 2781 quomodo

199 2795 411 2874 videbitur
438 2797 638 2884 dominio,
668 2823 800 2900 usqne
829 2800 879 2877 od
907 2799 1289 2878 summomduouto·

200 2941 291 2994 rum
324 2926 502 2995 eentum.
555 2917 608 2996 lit
636 2920 729 3019 quia
758 2921 848 3024 ipse
875 2918 1042 2996 volebat
1066 2941 1288 2998 remouere

200 3035 268 3114 hio
297 3039 348 3116 od
378 3037 621 3140 capitutum,
663 3047 917 3141 procuretur
945 3037 1288 3141 per-dominium,

198 3156 311 3259 quod
339 3156 429 3260 ipse
458 3165 695 3237 revertatur
723 3183 817 3236 cum
846 3155 1288 3236 ombuxstoribus

197 3279 345 3371 banni,
377 3279 473 3380 quio
500 3278 659 3380 poterit
699 3303 792 3356 esse
832 3283 1002 3354 muttum
1041 3279 1142 3354 utite
1170 3277 1319 3354 foetis·

199 3401 365 3478 nostris.
792 3403 795 3409 ’

302 3519 443 3620 Copta:
478 3519 589 3620 quod
620 3521 924 3622 respondentur
952 3515 1289 3596 umboxotoribus

198 3641 415 3718 domini
459 3639 935 3730 buniBossinne‚
974 3661 1066 3716 oum
1096 3637 1287 3743 iltisput·

198 3761 283 3840 oris
309 3763 463 3854 verbis,
492 3787 598 3863 qnne
625 3759 873 3840 videbuntur
900 3759 1115 3846 dominio,
1151 3781 1287 3856 regna·

200 3867 349 3961 eiondo
377 3883 416 3959 ei
444 3883 496 3960 de
523 3883 614 3969 hiis,
644 3907 751 3984 quine
794 3883 892 3960 iecit
929 3880 968 3956 in
1006 3880 1215 3959 honorem
1244 3887 1286 3956 et

200 4003 424 4083 comodum
466 4003 586 4081 huius
626 4003 822 4090 dominii,
850 4009 890 4080 et
918 4001 969 4077 de
998 4001 1287 4078 notificatione
1398 4059 1405 4066 -

201 4123 406 4205 amicabili
435 4123 558 4206 nobis
586 4123 718 4222 facta,
748 4125 838 4200 eius
867 4121 977 4225 quod
1006 4120 1208 4202 sentiebat
1235 4121 1286 4202 de
1314 4201 1316 4205 ,
