3224 5110
341 565 452 646 mine
480 585 660 666 quorum
696 561 901 648 interest,
929 559 994 638 vel
1021 558 1227 642 interesse
1268 565 1436 664 poterit,

342 683 647 788 quoquomodo
676 680 906 761 observare
934 689 977 762 et
1003 683 1250 786 adimplere,
1280 691 1322 761 et
1349 687 1437 764 ullo

340 831 521 908 unquam
550 811 744 906 tempore
772 826 856 880 non
886 804 1186 882 contrafacere
1223 806 1291 884 vel
1328 807 1435 883 veni-

340 953 400 1017 re,
429 927 567 1029 alique
583 925 748 1004 ratione
771 928 869 1022 jure
898 925 1025 1000 modo
1053 927 1120 1002 vel
1148 931 1357 1019 eausa‚de
1373 931 1436 1026 jn-

342 1069 389 1126 re
416 1046 483 1121 vel
510 1045 563 1122 de
591 1043 717 1132 lecto,
746 1043 909 1121 directe
937 1044 1004 1121 rel
1034 1043 1269 1144 indirecte,
1311 1047 1436 1126 tacite

340 1167 405 1246 vel
433 1189 652 1269 expresse,
679 1166 746 1244 vel
767 1165 847 1244 alio
864 1189 1041 1268 quoquo
1064 1165 1209 1258 modo,
1236 1170 1314 1246 sub
1331 1195 1437 1272 pena

342 1287 587 1364 ducatorum
616 1285 761 1386 viginti
791 1285 975 1386 quinque
1005 1285 1181 1363 millium
1219 1289 1335 1376 aurl,
1372 1290 1437 1365 sti·

341 1407 557 1510 palatione
584 1406 748 1484 solenni
776 1405 875 1483 binc
904 1403 1002 1483 inde
1037 1407 1266 1508 promissa,
1293 1433 1342 1487 ac
1369 1411 1439 1488 eti·

341 1551 407 1607 am
437 1525 673 1606 relectione
702 1524 951 1606 damnorum
980 1531 1023 1603 et
1049 1549 1332 1631 expensarum
1357 1529 1438 1608 litis

341 1657 384 1726 et
412 1653 543 1726 extre.
582 1646 671 1744 Qua
712 1667 822 1750 pena
860 1645 1001 1723 soluta
1045 1649 1111 1724 vel
1140 1671 1251 1740 non,
1294 1649 1439 1726 nibilo-

341 1768 478 1846 minus
508 1767 648 1845 omnia
676 1773 718 1844 et
744 1765 904 1866 singula
945 1775 1162 1851 maneant,
1206 1775 1251 1844 et
1291 1769 1439 1871 perdo·

342 1892 435 1965 rent
449 1894 492 1965 et
507 1884 805 1964 iuviolabiliter
821 1887 1118 1965 observentur.
1147 1885 1200 1964 at
1213 1909 1293 1990 pro
1310 1887 1437 1966 omni·

344 2009 423 2087 bns
465 2013 508 2084 et
546 2003 720 2105 singulis
761 2002 1033 2084 observandis
1068 2011 1112 2082 et
1149 2005 1441 2105 adimplendis,

342 2129 425 2234 ipsi
454 2132 758 2231 procuratores
786 2124 1025 2209 nominibus
1053 2126 1206 2228 quibua
1233 2129 1442 2229 suprasi-

343 2248 386 2328 bi
414 2247 593 2326 iovloem
622 2252 767 2326 mutuo
797 2253 841 2324 et
868 2245 1063 2334 vicissim,
1091 2250 1135 2323 et
1157 2245 1442 2328 mibinotario

342 2370 637 2470 iniraecrlpto,
666 2375 710 2446 ul
735 2367 904 2470 publice
931 2391 1120 2471 persone
1158 2365 1372 2470 stipulanti
1399 2377 1444 2446 et

342 2489 593 2593 recipienti,
620 2511 702 2592 pro
732 2487 926 2566 omnibus
967 2495 1009 2566 et
1048 2487 1221 2586 singulis
1259 2509 1444 2589 quornm

342 2609 517 2686 interest
555 2609 623 2686 vel
674 2607 882 2686 interesse
922 2609 1105 2711 poterit,
1146 2608 1446 2706 obligaverunt

342 2734 385 2806 et
410 2729 737 2831 ipotcuaverunt
765 2729 905 2808 omnia
933 2729 1045 2812 bena
1072 2751 1246 2806 suornm
1289 2729 1446 2807 consti·

342 2840 546 2929 tuentium
575 2855 618 2930 et
644 2871 943 2930 successorum
965 2850 1442 2953 suorum‚prcscntiact

342 2969 494 3048 lutura.
535 2969 586 3048 nt
614 2971 957 3050 renuntiaverunt
985 2969 1095 3048 dlcte
1131 2976 1275 3073 partes
1312 2971 1443 3047 uomi-

342 3092 462 3169 olbns
503 3088 654 3192 quibus
691 3113 832 3195 supra,
860 3091 1103 3196 exceptioni
1129 3089 1313 3194 predicti
1342 3113 1442 3169 cou-

341 3216 513 3297 traotus,
542 3215 584 3288 et
612 3211 799 3289 omnium
826 3211 1120 3314 predictorum
1149 3209 1440 3291 contactisen

342 3355 427 3408 non
444 3329 648 3409 laetorum
677 3337 845 3414 autnon
872 3333 934 3408 sic
961 3337 1191 3429 gestorum,
1218 3330 1307 3408 doli
1327 3331 1441 3420 mall,

343 3449 573 3530 conditioni
599 3449 690 3528 sinc
717 3473 857 3546 censa,
887 3456 930 3526 et
958 3471 1010 3526 ex
1038 3449 1187 3548 iniusta
1214 3471 1368 3535 cansa,
1396 3461 1442 3528 et

344 3569 456 3672 quud
498 3576 633 3648 metus
674 3591 825 3658 caussa,
866 3566 1088 3671 privilegio
1117 3568 1228 3660 lori,
1255 3579 1298 3648 et
1324 3571 1440 3648 omni

343 3698 386 3768 et
413 3687 589 3772 cuilibet
603 3686 672 3764 alii
694 3685 819 3784 juris,
838 3686 989 3785 legum,
1016 3691 1267 3766 statutorum
1283 3695 1440 3768 eleon·

340 3807 600 3888 alltutienum
636 3803 817 3896 auxilio,
858 3814 1007 3887 contra
1047 3808 1239 3911 predict·
1274 3809 1340 3884 vel
1367 3809 1440 3886 ali·

340 3929 451 4032 quod
482 3926 784 4032 predictorum,
801 3951 884 4028 qno
915 3925 1016 4006 libet
1035 3925 1279 4006 iacientium
1296 3935 1339 4004 et
1353 3927 1439 4004 erni·

340 4049 550 4148 libellari
575 4047 642 4124 vel
672 4045 753 4146 lagi
780 4047 963 4141 dicenti,
1004 4049 1246 4147 generalem
1287 4071 1437 4126 renun-

342 4169 554 4250 tiationem
597 4194 681 4250 oon
721 4168 921 4249 sufficere
957 4171 1024 4248 vel
1059 4195 1145 4250 non
1185 4169 1346 4252 ualere.
1382 4167 1440 4248 nt
