3220 5118
23 651 28 660 ·
174 607 335 716 ⁴gratia
359 609 536 688 deicmn
564 611 729 690 iusticia
757 617 899 690 nostra
927 611 1180 691 succedente
1192 607 1287 687 Ἰον-
1445 711 1450 718 ι

203 735 314 820 tuna,
340 739 383 808 et
411 734 701 834 acquisivimus
722 733 763 810 in
778 733 866 836 ipsa
894 755 1047 833 guerra
1078 733 1173 809 ioca
1201 753 1285 809 om·

202 846 269 926 nia
311 871 418 950 quac
453 850 726 954 possidebat,
767 851 874 928 iuste
917 859 958 928 et
992 847 1183 928 iuridice.
1237 848 1288 926 bt

202 975 350 1069 postea
393 974 698 1052 interveniente
725 973 867 1050 medio
897 978 939 1048 et
965 971 1285 1074 interpositione

202 1091 517 1188 magnifici
570 1092 794 1172 domiui
837 1091 1108 1178 Sandaii.
1153 1090 1286 1169 etad

200 1231 355 1309 preces
397 1219 440 1289 et
479 1213 760 1315 promisiones
800 1233 880 1316 per
922 1237 1017 1290 eum
1065 1216 1285 1315 porrectas

200 1337 347 1410 nostro
376 1333 585 1423 dominio,
612 1355 691 1410 nos
720 1340 1047 1435 perseverantes
1073 1335 1116 1412 in
1143 1341 1286 1412 nostra

202 1460 401 1530 consueta
428 1461 472 1531 et
499 1452 610 1531 bona
637 1451 939 1554 dispositione,
968 1454 1057 1555 ipsa
1086 1455 1181 1534 ioca
1209 1479 1287 1558 per

198 1577 389 1648 nostrum
419 1572 644 1650 dominium
673 1575 866 1675 inquisita,
895 1575 1013 1652 etde
1042 1574 1135 1652 eius
1161 1576 1285 1654 mani·

200 1686 277 1774 bus
305 1713 398 1768 cnm
427 1689 537 1770 bona
564 1699 608 1768 et
635 1689 740 1770 iusta
769 1711 924 1791 guerra
953 1701 1147 1795 accepta,
1175 1693 1285 1772 dedi

197 1827 289 1886 mus
315 1816 461 1890 nostru
492 1809 746 1890 iiberalitate
773 1811 852 1915 ipsi
878 1809 1050 1897 Baisae,
1094 1816 1165 1914 qui
1190 1809 1287 1892 nde.-

200 1929 358 2008 iitatem
387 1937 430 2008 et
456 1951 605 2034 pacem
632 1951 834 2034 pereum
863 1929 1113 2034 promissam
1139 1935 1286 2010 nostro

199 2050 385 2129 dominio
414 2071 586 2130 servare
614 2048 806 2140 debebat,
835 2051 931 2130 etin
962 2059 1159 2155 quantum
1187 2075 1284 2130 con·

198 2169 451 2257 traieceret,
489 2172 744 2274 promiserat
770 2171 880 2249 idem
916 2168 1160 2272 magnificus
1201 2169 1284 2254 do·

198 2291 383 2370 micus
410 2289 700 2369 Sandaina
730 2299 772 2370 et
800 2292 1021 2371 tenebatur
1049 2292 1189 2370 iacere
1213 2313 1286 2370 no·

197 2410 260 2490 bis
285 2411 451 2490 restitui
480 2413 575 2492 locs
603 2411 836 2511 proedicto,
866 2413 1129 2516 compellens
1149 2411 1285 2516 ipsum

198 2531 427 2609 Bnlsam
469 2553 564 2608 cum
592 2551 671 2608 suo
700 2529 857 2606 auxilio
886 2540 929 2609 et
956 2529 1125 2626 favore,
1164 2529 1284 2607 etad

196 2649 289 2727 eius
314 2649 647 2728 ¹destructionem
675 2673 949 2753 persequens.
976 2649 1135 2748 Quibus
1154 2649 1283 2728 omni·

198 2771 275 2848 bus
314 2793 398 2846 uon
440 2768 697 2848 obstantibus
737 2777 779 2848 et
815 2770 855 2846 in
884 2778 1019 2848 totum
1060 2770 1281 2868 neglectis,

173 2889 287 2990 ipse
303 2889 425 2968 Balsa
446 2892 668 2968 immemor
697 2887 889 2969 beneficii
916 2889 1095 2991 accepti,
1124 2891 1284 2967 addens

193 3009 304 3090 mala
329 3010 477 3104 malis,
517 3011 674 3114 incepit
700 3013 852 3091 iterum
880 3011 1092 3108 continuis
1119 3009 1282 3089 infesta-

195 3129 378 3210 tionibus
419 3141 546 3234 atque
586 3133 773 3228 damnis,
817 3131 912 3212 ioca
953 3138 1216 3210 mercatores
1241 3137 1284 3208 et

196 3249 385 3328 subditos
424 3254 593 3331 nostros
631 3252 797 3332 illarum
824 3253 1003 3357 partium
1040 3241 1281 3332 molestare,

195 3372 306 3450 etde
320 3370 402 3450 illis
430 3395 599 3476 capere,
625 3397 723 3452 cum
751 3372 1062 3450 evidentissimo
1091 3368 1281 3474 periculo
1338 3455 1341 3464 ,
1386 3425 1388 3432 ,

194 3491 429 3572 eversionis
457 3497 586 3570 status
614 3492 746 3572 nostri
772 3493 961 3594 ipsorum
989 3493 1183 3569 iocorum
1210 3515 1282 3569 no·

194 3619 380 3688 atrorum
408 3610 461 3688 de
488 3612 599 3690 inde.
653 3609 718 3690 Ob
747 3611 860 3715 quod
896 3612 946 3688 ad
974 3633 1170 3712 guerram
1202 3632 1281 3687 nos

195 3729 347 3808 iterum
375 3731 636 3832 provocavit.
663 3733 783 3809 Vnde
809 3730 1066 3832 providimus
1080 3729 1280 3810 adversus

194 3871 290 3927 essm
306 3856 347 3928 et
363 3849 457 3947 ioca
482 3873 592 3951 quae
617 3852 800 3938 tenebat,
826 3857 1017 3930 nostrum
1046 3851 1280 3929 exereitum

194 3965 418 4046 destinare.
445 3967 497 4044 ut
513 3991 593 4072 per
618 3969 882 4074 capitaneum
910 3977 1098 4048 nostrum
1128 3967 1280 4072 Cuiphi

193 4090 271 4170 fuit
297 4095 573 4192 recuperatus
602 4088 723 4166 iocus
752 4095 898 4167 noster
937 4089 1197 4177 Budroe,
1236 4095 1280 4168 et

198 4209 261 4287 sic
290 4207 566 4312 pendentibus
593 4207 780 4288 terminis
805 4209 1162 4315 ipsius-guerrae,
1189 4231 1278 4292 suc·
