3226 5112
364 419 429 490 818

364 627 579 705 dominum
621 623 720 700 des
736 649 762 726 p
779 649 805 700 o
822 629 837 701 t
852 647 946 744 um,
987 628 1032 700 ut
1070 646 1147 701 nos
1173 620 1332 700 babere
1360 625 1455 709 velit

364 748 517 825 merito
547 749 785 824 excusatos.
1567 855 1573 866 ¹

465 867 546 947 Alii
574 866 741 944 volunt:
770 869 883 970 quod
912 865 1221 967 respondeatur
1237 865 1288 941 ad
1303 865 1455 943 laetum

364 985 647 1086 Duleigni
694 993 738 1064 ut
789 986 981 1088 superius
1026 989 1284 1068 conbustum
1329 989 1371 1060 et
1409 983 1457 1058 ad

303 1087 312 1108 ’
366 1095 973 1204 ΐαοῑυῐπΙθξςθῐίοῃίε
1022 1105 1349 1184 mittendae
1396 1107 1456 1184 ad

363 1227 683 1314 Tuuohum,
724 1225 909 1312 dicatur,
951 1225 1062 1325 quod
1105 1232 1297 1326 optantes
1336 1222 1376 1297 ei
1413 1233 1458 1301 ut

365 1347 654 1451 praediximus
682 1347 978 1450 complacere,
1008 1345 1193 1424 contenti
1221 1367 1389 1434 sumus,
1424 1345 1456 1419 si

367 1469 406 1548 ei
421 1470 562 1573 plaoet
582 1468 748 1546 mittere
777 1491 909 1544 unum*
931 1473 1124 1544 nostrum
1154 1493 1179 1544 o
1196 1491 1254 1546 ra
1271 1473 1288 1541 t
1304 1493 1329 1544 o
1345 1491 1367 1542 n
1381 1491 1404 1544 e
1418 1489 1458 1542 m

366 1591 417 1668 ad
444 1589 875 1690 Tarchon-pro
903 1586 1216 1691 interponendo
1246 1612 1342 1675 nos,
1379 1595 1457 1688 p'no
1607 1655 1608 1658 a

366 1710 669 1790 concordando
713 1709 1008 1788 excellentiam
1050 1733 1167 1787 suam
1220 1733 1313 1786 cum
1367 1709 1458 1810 ipso

363 1829 551 1916 Tuneho,
578 1829 649 1928 qui
677 1835 824 1907 orator
852 1834 1002 1906 noster
1029 1829 1152 1906 vadat
1181 1853 1277 1910 oum
1304 1829 1376 1907 illa
1406 1829 1460 1906 la-

367 1948 488 2044 milia,
519 1975 627 2050 quae
654 1949 836 2026 honesta
851 1947 915 2036 sit,
944 1955 1097 2024 etcum
1126 1948 1383 2034 munenibus,
1409 1946 1459 2026 ad
1607 2023 1608 2030 Ν

367 2093 515 2148 omnes
555 2094 763 2172 expensas
798 2093 897 2146 suae
937 2069 1232 2161 excellentiae,
1263 2070 1462 2169 utpetiit;

367 2192 572 2292 elipeum
602 2199 819 2270 oratorem
849 2190 1050 2289 eligemus
1077 2215 1154 2293 peu
1188 2196 1334 2270 nostua
1364 2214 1460 2269 eou-

364 2311 470 2390 silla.
496 2311 596 2390 Nam
625 2310 886 2390 obstantibus
916 2311 1136 2390 ordinibus
1162 2312 1461 2391 nostrisaliten

369 2432 512 2510 faeere
539 2456 625 2512 non
653 2455 895 2534 possumus.

685 2603 790 2669 Seer.
815 2623 916 2671 eous.
943 2613 1064 2691 rogat.
1087 2601 1165 2669 Lib.
1190 2605 1265 2671 XV.
1288 2605 1344 2670 eb.
1366 2607 1421 2668 27.

71 2827 74 2836 Δ
187 2898 189 2906 1
422 2823 757 2928 CCCCXffl·
788 2849 902 2924 1440.
934 2851 994 2925 13.
1026 2846 1421 2952 Septembris.

366 3022 551 3098 Opi-osope
576 3036 816 3091 uocaaununua
840 3021 996 3080 Cueoaaa
1028 3039 1199 3084 uenenum·
1224 3021 1378 3094 nonnose
1401 3027 1467 3082 Βο-

532 3141 711 3194 eanenora,
737 3141 775 3180 aa
800 3141 897 3182 eume
922 3123 1039 3183 usiosis
1064 3143 1297 3204 upapaozseaa.

466 3277 588 3376 Quod
617 3275 667 3356 ad
696 3301 747 3358 oa
776 3303 885 3381 quae
928 3279 1166 3358 retulerunt
1205 3278 1466 3382 spectabiles

366 3403 562 3476 oratores
586 3396 795 3498 magnifici
820 3399 979 3480 domini
1008 3400 1068 3478 St
1084 3425 1107 3478 e
1122 3427 1148 3504 p
1165 3399 1191 3478 b
1208 3423 1228 3476 o
1244 3425 1270 3475 n
1286 3401 1298 3478 i
1327 3424 1368 3476 m
1384 3425 1408 3478 a
1425 3424 1465 3500 g·

365 3521 418 3596 ni
460 3518 767 3618 vayvodae.
806 3519 1089 3608 Bossine‚
1140 3529 1262 3624 parte
1304 3521 1465 3600 domini

367 3642 430 3722 sui
459 3649 605 3720 nostro
635 3640 850 3728 dominio,
891 3645 1000 3721 sieut
1039 3667 1117 3744 peu
1144 3643 1464 3724 serenissimum

373 3761 585 3838 dominum
615 3759 767 3840 ducem
809 3763 988 3841 relatum
1031 3771 1096 3842 est
1131 3762 1229 3840 huie
1270 3763 1467 3848 oonsilio,
1607 3777 1608 3784 '

370 3880 697 3982 respondeatur:

469 4000 534 4078 Ad
561 4007 725 4105 partem
753 3999 832 4105 pen
860 4027 982 4106 quam
1013 4009 1173 4105 petunt,
1200 4010 1246 4080 ut
1263 4003 1464 4084 eumdio·

369 4129 434 4200 tus
487 4118 754 4199 dominus
804 4120 1067 4222 vayvodo
1116 4123 1465 4228 Stephanus

372 4240 557 4332 intendat
584 4242 963 4324 faeerevindietam
991 4269 1120 4334 suam,
1143 4243 1468 4334 deiniuriissibi
