3186 5112
1109 375 1171 444 tol

97 593 314 666 matrem
342 586 570 664 observare
599 583 720 663 nobis
737 608 884 687 pacem
906 591 948 664 et
967 609 1049 664 non
1069 583 1162 665 dam

7 691 8 740 ³
95 707 266 786 nificare
294 708 691 799 territoriassnostra.
743 706 795 785 Et
822 713 1050 812 propterea
1081 729 1174 783 cum

7 835 9 898 ὲ
95 851 195 905 suae
228 827 512 906 excellentiae
549 824 824 904 observemus
859 827 1063 932 promissa
1100 849 1178 930 per

94 971 174 1026 nos
203 949 314 1028 dicta
343 948 394 1025 de
424 971 562 1036 causa,
590 949 645 1026 ita
667 951 824 1046 justum
855 958 929 1040 est,
957 955 999 1026 et
1024 951 1085 1029 sic
1114 973 1176 1026 re·

7 1107 8 1178 3
97 1067 298 1170 quivimus
327 1076 370 1146 et
395 1091 594 1168 rogamus
633 1094 752 1156 eum,
788 1069 900 1170 quod
929 1071 1180 1147 observetur

7 1183 8 1200 ³
98 1197 138 1264 et
167 1187 384 1265 observari
412 1188 565 1266 faciant
599 1189 790 1291 similiter
817 1215 886 1276 ea,
924 1213 1030 1290 quae
1058 1187 1181 1266 nobis

96 1307 303 1412 promisit,
331 1315 373 1385 et
400 1309 483 1386 hoc
511 1309 685 1388 dicimus
713 1312 807 1413 quio
835 1309 954 1390 Balsa
984 1319 1025 1388 et
1048 1317 1182 1390 mater

7 1409 9 1468 ⁵
98 1453 182 1508 non
212 1427 543 1506 observaverunt
570 1430 691 1508 nobis
719 1457 882 1534 pacem,
910 1455 1006 1530 ymo
1028 1432 1181 1509 damni·

7 1573 8 1650 j
99 1546 328 1628 ficaverunt
356 1559 397 1626 et
416 1548 680 1630 damnificant
707 1551 829 1629 nobis
850 1552 1064 1630 territorio
1091 1575 1181 1628 nos·

7 1697 8 1728 ι
102 1678 179 1756 tro,
209 1671 505 1749 concludendo
536 1675 649 1774 quod
677 1674 843 1776 placeat
871 1676 1086 1769 ordinare,
1117 1671 1184 1752 cui

7 1823 8 1826 Ν
99 1792 200 1868 velit
225 1815 302 1894 per
330 1818 410 1871 nos
437 1794 641 1893 assignari
669 1783 890 1897 pecuniam
918 1795 1182 1890 antedictam,

101 1915 142 1986 et
168 1911 230 1988 illi
259 1912 325 1992 cui
353 1913 611 1991 ordinaverit
646 1914 778 2016 ipsam
816 1914 1025 2013 assignare
1062 1913 1185 1992 debe·

101 2031 190 2108 atis.
245 2031 299 2110 Et
326 2033 437 2134 qnod
466 2035 547 2112 sibi
575 2036 698 2113 etiam
726 2037 889 2136 placeat
921 2036 1116 2114 mandare
1146 2041 1187 2110 ct
1269 2109 1274 2112 ,

102 2150 350 2236 scribere
376 2153 583 2244 Baisae,
609 2157 776 2242 matri,
804 2162 855 2233 et
884 2153 1186 2260 capitaneis

99 2274 213 2352 suis
258 2274 628 2354 existentibus
669 2276 928 2381 inpartibus
971 2278 1073 2372 iilis,
1110 2296 1188 2377 per

100 2393 290 2485 modum,
319 2396 431 2494 quod
460 2395 634 2496 amplius
663 2421 746 2472 non
774 2395 1044 2474 damnificent
1069 2391 1185 2468 terri·

101 2513 210 2592 toria
238 2521 281 2590 et
309 2513 404 2594 loca
432 2523 589 2604 nostra,
618 2524 659 2594 et
679 2517 792 2617 quod
821 2517 942 2593 nobis
971 2511 1189 2592 emenden-

101 2643 169 2713 tur
197 2641 241 2714 et
268 2633 508 2714 reficiantur
536 2635 657 2715 nobis
686 2637 834 2717 damna
860 2638 984 2715 iliata.
1015 2637 1061 2713 ln
1091 2657 1189 2711 casu

7 2777 9 2852 ᾗ
100 2777 206 2833 vero
238 2776 322 2857 quo
353 2756 616 2859 reperiretis,
645 2757 757 2858 quod
785 2758 1076 2834 Musulman
1111 2755 1190 2860 (Ja-

103 2875 211 2980 iapi
250 2901 335 2954 non
373 2881 487 2954 esset
524 2877 716 2955 dominus
745 2878 945 2965 Greciae‚
982 2879 1047 2954 vei
1077 2879 1191 2953 esset

99 2999 287 3088 iustam,
316 3021 400 3097 quo
419 3020 502 3073 non
529 2998 745 3075 videretur
772 2999 905 3089 vobis,
935 2999 1073 3103 ipsum
1098 3021 1191 3075 esse

7 3189 10 3206 ,
101 3123 453 3216 recuperaturum
481 3117 713 3194 dominium
743 3117 933 3204 erectae,
960 3141 1044 3194 non
1071 3115 1194 3193 debe-

7 3231 8 3292 ἲ
102 3234 182 3312 atis
209 3233 400 3312 scribere
430 3235 509 3312 sibi
538 3237 708 3339 aliquid,
729 3237 802 3314 sed
831 3237 1046 3315 retineatis
1072 3261 1195 3339 pecu·

101 3354 216 3432 niam
245 3358 572 3458 suprascriptam
601 3359 709 3461 apud
740 3385 829 3450 vos,
857 3367 899 3436 ct
920 3383 995 3436 nos
1024 3356 1194 3434 avisetis

102 3473 157 3552 de
186 3481 295 3552 statu
323 3476 426 3554 dicti
459 3477 754 3555 Musulman
796 3479 980 3581 Calapi
1018 3482 1066 3552 et
1103 3476 1195 3552 fra·

102 3606 294 3685 truum,
324 3599 446 3675 etde
474 3601 668 3678 omnibus
695 3601 786 3678 aliis
815 3600 932 3675 novis
962 3603 1003 3674 et
1024 3594 1197 3674 conditi-

105 3717 259 3822 onibus
285 3717 450 3795 iilarum
479 3721 674 3823 partium.

371 3923 481 3988 Scor.
509 3923 621 3992 Cous.
646 3927 736 4012 Rog.
762 3925 835 3988 Lib.
858 3925 917 3987 lv.
940 3925 978 3987 E.
1004 3925 1059 3988 ch.
1086 3927 1156 3990 129.
1182 3938 1185 3962 ·
