3220 5118
1222 429 1269 497 at

151 642 329 720 'siutore
350 621 562 744 magnillci
576 606 734 722 domini
750 641 980 728 Sandali
1008 643 1267 722 vaivodae

170 763 493 852 Rossinae,
533 763 587 840 de
628 764 864 841 intentione
904 769 946 838 et
985 762 1267 866 dispositione

170 881 271 959 dicti
300 882 509 982 magnifici
535 881 692 959 domini
720 880 828 959 San
844 883 869 959 d
885 906 907 958 o
923 883 935 958 Ι
951 882 978 972 i,
1018 883 1266 960 contendam

168 1011 234 1080 tes
263 1003 317 1078 de
346 1003 457 1082 bona
484 1000 683 1081 fidelitate
699 1011 741 1081 ct
756 1003 944 1102 diligenti
971 1001 1270 1095 sollicitudine,

168 1124 369 1200 virmtem
385 1129 428 1200 et
444 1121 695 1226 sapientiam
723 1131 921 1212 vestram,
936 1123 1144 1200 volumusr
1172 1125 1269 1225 quia

170 1243 451 1322 consideratis
479 1244 823 1332 considerandis,
869 1249 911 1321 et
937 1242 1087 1320 habitis
1115 1241 1268 1322 debitis

170 1363 498 1461 cogitationibus
525 1363 904 1443 intervenientibus
929 1363 1156 1451 circahoc,
1182 1363 1268 1466 plu·

170 1482 289 1561 ribus
307 1485 443 1562 causis
459 1485 778 1564 rationabilibus
794 1492 836 1564 et
860 1483 1064 1570 honestis,
1079 1507 1164 1560 non
1180 1507 1268 1584 pos·

169 1603 272 1680 setis
299 1626 393 1680 cum
421 1605 649 1686 securitate
680 1629 889 1708 personae
916 1611 1105 1692 vestrae,
1143 1629 1266 1706 quam
1368 1656 1386 1673 -

170 1746 312 1802 caram
341 1723 573 1813 habemus,
615 1729 797 1803 tractare
839 1723 1067 1806 commode
1109 1723 1268 1802 dictum

169 1841 341 1934 iactum,
370 1843 483 1944 quod
511 1845 657 1922 dicere
686 1843 874 1924 debeatis
887 1844 1001 1924 dicto
1018 1843 1267 1930 secretario,

152 1969 213 2041 tet
228 1961 436 2042 notillcari
453 1963 693 2070 lacereipsi
707 1953 930 2066 magnifico
952 1961 1124 2041 domino
1153 1959 1267 2042 San·

169 2083 313 2170 dali,
354 2085 469 2185 quod
510 2083 601 2160 eius
642 2081 924 2162 intentionem
965 2083 1198 2162 audivimus
1226 2093 1270 2162 et

169 2205 451 2284 intelleximus
478 2207 677 2284 alacriter
705 2213 748 2284 et
775 2205 983 2293 libenter,
1027 2209 1070 2283 et
1097 2228 1268 2308 respon·

169 2328 330 2416 demus,
358 2327 474 2428 quod
502 2331 643 2430 potest
670 2328 838 2405 mittere
867 2349 969 2406 suos
997 2326 1268 2406 ambassiato-

170 2469 253 2532 res,
267 2448 321 2524 de
349 2449 442 2526 cius
467 2446 704 2528 intentione
729 2446 978 2526 informatos
1005 2446 1055 2546 ad
1083 2446 1270 2550 plenum,

169 2593 265 2647 cum
293 2565 488 2646 mandato
517 2577 559 2645 et
587 2567 783 2646 libertate
809 2570 849 2644 in
879 2567 1014 2644 forma
1041 2565 1269 2644 sufficienti
1344 2597 1347 2604 ·

168 2697 213 2768 et
227 2694 587 2792 opportunarum
608 2688 792 2768 inveniet
820 2694 1011 2766 nostrum
1040 2686 1267 2765 dominium

7 2815 8 2822 '
86 2827 90 2840 ·
169 2812 220 2888 ad
261 2808 441 2888 honesta
470 2816 512 2888 et
540 2808 807 2888 rationabilia
848 2809 1048 2888 continua
1086 2806 1268 2907 benigne

171 2939 214 3008 et
242 2929 433 3030 gratioso
459 2927 721 3031 dispositum.
738 2929 806 3007 ¹llt
833 2931 873 3006 in
902 2936 1101 3031 quantum
1129 2929 1268 3007 termi-

167 3058 241 3130 net
267 3049 444 3129 mittere·
463 3075 566 3132 suos
596 3051 941 3143 ambassiatores,
970 3059 1013 3129 at
1028 3050 1271 3152 requireret
1367 3135 1372 3140 ,

168 3175 327 3250 salvum
356 3173 609 3254 conductum
648 3197 725 3274 pro
754 3171 1128 3254 ambassiatoribus
1154 3195 1270 3276 prae·

169 3293 316 3380 dictis,
358 3316 503 3372 sumus
538 3293 727 3374 contenti
757 3295 869 3396 quod
905 3315 1104 3396 praeseus
1131 3291 1270 3370 littera

76 3450 82 3464 ·
168 3422 313 3494 nostra
341 3413 397 3491 sit
422 3435 502 3516 pro
518 3413 639 3493 salvo
668 3413 882 3492 conductu
910 3415 961 3493 ed
990 3413 1160 3514 plenum
1187 3433 1269 3514 pro

168 3531 292 3612 dictis
319 3531 703 3624 ambassiatoribus‚
720 3557 840 3636 ¹quos
868 3533 919 3611 ad
946 3537 1134 3612 nostram
1149 3551 1269 3636 prae·

166 3655 346 3734 sentiam
373 3655 541 3733 duxerit
568 3654 851 3733 destinandos.

488 3776 592 3843 Secr.
618 3776 731 3842 Cous.
755 3776 845 3862 llog.
870 3775 944 3842 Lib.
967 3772 1045 3842 vlt.
1072 3773 1127 3840 cb.
1153 3777 1227 3840 190,

82 3921 86 3926 ·
168 3877 485 3978 cccxvii.
516 3902 627 3978 mal.
654 3894 1269 3978 rustesxrvuomaron.

166 4023 344 4098 Oarosopn
356 4037 591 4093 nooaaaannua
612 4037 782 4080 asaaaorn
794 4021 943 4091 colleoae
955 4023 1173 4080 nocaueaon.
1189 4025 1268 4082 Cau·
1385 4044 1388 4052 ·

202 4143 295 4200 gaas,
320 4129 448 4201 aauyba
468 4143 510 4186 ce
536 4143 632 4201 spana
656 4129 793 4202 lioropa
817 4143 836 4184 a
861 4127 991 4186 baanae.
1018 4121 1245 4207 (Capabaaob

279 4241 383 4322 Cum
407 4245 458 4323 ad
486 4244 766 4352 praesentiam
794 4249 980 4324 nostram
1009 4240 1272 4331 accesserint
