3236 5108
372 347 440 448 ss

377 595 444 666 ter
472 591 514 664 et
547 564 816 664 ineessutter
841 601 890 656 se
932 577 1099 686 mebnit
1139 583 1263 680 atque
1305 581 1474 682 prebet;

374 698 749 811 supplicationibus
796 693 926 774 nobis
963 715 1042 773 sua
1081 703 1201 798 parte
1256 697 1474 800 porrectis

375 823 598 928 gratiosius
653 825 912 900 annuentes,
954 815 1163 920 prefatum
1204 816 1474 919 magnifieum

376 947 590 1028 dominum
612 941 759 1042 Badio,
789 945 1033 1019 nostrorum
1063 939 1248 1017 omnium
1278 942 1477 1020 oonsilio·

376 1091 469 1145 rum
498 1074 541 1144 et
567 1061 960 1146 ordinamentorum
998 1061 1236 1138 necessaria
1275 1061 1473 1140 solemni·

375 1196 463 1268 rare
502 1191 698 1276 serrata,
725 1185 767 1260 in
793 1179 1006 1260 Venatum
1025 1187 1078 1258 «et
1104 1182 1241 1260 olrom
1275 1189 1474 1260 nestrum

375 1331 471 1389 oum
498 1303 711 1384 sutellius
740 1309 783 1382 ot
808 1301 1040 1382 heredibus
1065 1309 1276 1406 perpetuo
1306 1301 1472 1408 recepi·-

368 1451 466 1508 nrns
507 1434 633 1529 atque
673 1424 915 1526 neoipimus,
945 1431 989 1501 et
1013 1425 1222 1502 venetum
1251 1433 1294 1503 et
1335 1425 1471 1502 oivern

372 1554 562 1627 nostrum
604 1569 700 1625 ourn
726 1545 813 1624 suis
833 1543 934 1622 liliis
954 1551 1006 1621 ‹et
1024 1543 1260 1622 heredibus
1294 1545 1472 1626 lecimus

294 1741 296 1751 ,
372 1677 416 1762 et
441 1671 631 1761 laninam,
655 1673 791 1772 etpro
821 1667 987 1744 Veneto
1018 1673 1061 1744 et
1076 1667 1181 1772 eive
1197 1673 1348 1748 nostro
1376 1693 1472 1746 eum

372 1793 458 1876 wis
485 1790 580 1870 liliis
610 1785 908 1868 etheredibns
935 1787 977 1866 in
1004 1785 1196 1868 Venetiis
1224 1797 1267 1867 et
1289 1788 1470 1868 alibide·

372 1916 519 2018 inceps
559 1909 711 1992 haberi
739 1916 781 1988 et
820 1908 1044 2012 procurari
1085 1911 1198 1986 omni
1239 1909 1391 1990 ellectu
1428 1917 1474 1988 et

370 2029 633 2145 plenitudine
659 2029 855 2110 volumus
886 2032 1148 2120 ettraotori,
1175 2030 1310 2134 ipsum
1336 2033 1471 2110 sinee-

371 2176 420 2230 re
448 2149 775 2233 benevolentiae
804 2149 990 2228 braehiis
1014 2149 1304 2252 amplexantes
1332 2157 1375 2228 et
1404 2149 1470 2228 tir·

314 2273 319 2292 '
366 2272 496 2350 miter
534 2274 789 2370 statuentes,
832 2267 946 2370 quod
984 2267 1155 2368 singulis
1195 2267 1473 2364 libertatibus,

238 2386 239 2394 '
370 2391 602 2480 benefieiis,
641 2387 929 2467 imunitatibns
957 2393 1002 2464 et
1027 2387 1265 2470 bonoribus
1306 2393 1473 2494 quibus·

371 2535 549 2616 cunque,
577 2511 733 2614 quibus
759 2507 832 2588 alii
860 2509 1137 2590 honorabiles
1164 2511 1320 2592 Veneti
1348 2519 1391 2592 et
1412 2513 1470 2592 oi·

306 2621 310 2640 ¹
375 2659 450 2732 res
481 2632 616 2740 nostri
657 2633 842 2732 gandent
882 2639 925 2710 et
953 2630 1115 2731 perfrui
1158 2631 1470 2732 dignoscuntur,

371 2750 563 2859 prefatus
603 2749 850 2852 mugnifious
890 2751 1084 2832 dominus
1125 2750 1252 2856 Rodio
1294 2757 1471 2858 ejusque

370 2875 444 2954 filii
471 2881 515 2952 et
537 2872 736 2972 heredes,
766 2873 807 2950 in
843 2871 1035 2952 Venetiis
1063 2879 1107 2950 et
1134 2879 1281 2965 extra,
1320 2899 1474 2982 perpe·

371 3002 445 3074 tuo
483 2993 697 3096 gaudeant
736 2996 1000 3086 serrantur,
1039 2992 1237 3098 idemque
1278 2995 1474 3076 dominus

368 3113 521 3217 lladip.
559 3138 645 3217 ¹per
686 3135 807 3190 suurn
859 3119 1183 3218 procuratorem
1226 3115 1470 3214 legitimum.

368 3231 490 3318 uobis
517 3231 730 3315 fidelitatis
757 3233 944 3335 prestitit
968 3232 1471 3341 debitumjurarnentunu,

221 3345 227 3352 ’
366 3354 408 3434 in
448 3358 568 3456 eujus
596 3356 660 3430 rei
699 3345 824 3430 fidem
850 3360 896 3431 et
937 3353 1189 3434 evidentiam
1229 3353 1468 3458 pleniorem

366 3469 559 3577 presens
578 3473 852 3578 ‚privilegium
907 3469 1000 3552 fieri
1034 3477 1235 3573 jussimus
1278 3480 1321 3552 et
1357 3473 1470 3552 bulla

366 3601 513 3672 nostra
543 3613 672 3672 aurea
698 3595 1105 3698 pendente-muniri.
1132 3595 1283 3673 Datum
1310 3595 1352 3672 in
1372 3619 1469 3674 nos·

364 3721 433 3794 tro
463 3714 606 3795 ducali
632 3715 805 3818 palatio,
832 3739 942 3794 anno
979 3717 1191 3796 dominice
1218 3716 1467 3796 incarnatio·

363 3833 427 3912 nis
462 3831 685 3914 millesimo
728 3835 1030 3916 trecentesimo
1083 3835 1361 3936 nonogesimo
1403 3857 1468 3910 se·

363 3951 514 4040 eundo,
542 3955 701 4035 mensis
731 3954 981 4036 Novembris
1007 3955 1073 4034 die
1101 3956 1261 4046 ultimo,
1302 3954 1461 4034 indicti·

363 4095 448 4154 one
470 4075 624 4182 prima.

781 4268 898 4341 biber
918 4267 1194 4362 Priviiegiornm
1218 4271 1246 4339 Ι.
1265 4271 1315 4338 nh
1339 4265 1412 4338 Μ.
