3206 5110
1229 305 1294 382 tlt

193 522 415 632 potentior
442 521 523 619 su,
551 517 742 605 diunlur:
768 538 849 602 nos
875 525 1031 604 nostrie
1058 526 1298 606 rectoribus

195 647 368 728 liutheri
396 649 657 748 alterumque
685 644 901 724 olvllotum
931 649 973 721 et
1001 645 1196 723 locorum
1225 659 1296 724 uo·

114 866 117 872 Ι
193 777 379 850 suorum
418 767 526 846 illiue
568 763 786 870 provincie
813 763 1020 856 iussuros,
1060 766 1174 867 quod
1212 781 1295 844 oru-

193 909 270 966 nes
296 883 527 992 possibiles
556 887 727 965 favores
743 891 965 986 equestres
977 885 1295 987 pedestresque,
1370 909 1376 920 ·

194 1008 263 1110 qui
292 1009 527 1088 necessarii
554 1011 700 1092 erunt,
727 1017 919 1106 quosque
949 1005 1150 1108 requiret,
1180 1005 1294 1084 omui
1423 1083 1432 1104 x

192 1119 357 1218 ellidio,
401 1127 600 1228 omnique
640 1120 853 1224 diligentia
878 1133 1071 1226 prestare
1098 1124 1294 1214 debeant,

191 1252 236 1324 nt
275 1246 408 1325 nostri
449 1245 622 1324 dominii
675 1243 887 1324 bonorem
930 1250 973 1321 et
1020 1245 1303 1347 commodum*

192 1391 350 1467 sueque
375 1365 536 1470 pariter
563 1364 902 1464 magnificentiae
920 1363 1065 1441 iecere
1083 1369 1219 1464 queat,
1249 1373 1293 1444 ut

192 1484 231 1564 in
259 1485 368 1564 illius
395 1485 549 1568 virtute
579 1487 622 1564 et
645 1481 725 1561 tide
754 1483 1013 1575 confidimus,
1039 1481 1292 1564 habentibus

194 1631 366 1710 semper
388 1607 470 1684 illis
500 1603 701 1708 optimam
731 1605 940 1684 rationem
969 1604 1099 1682 tutele
1127 1609 1169 1682 et
1197 1630 1292 1684 oon·
1358 1648 1361 1658 2

192 1725 421 1804 servationi
448 1733 658 1802 terrerum
673 1728 716 1800 et
739 1719 989 1812 iocorum,e
1018 1721 1169 1826 quibus
1198 1708 1290 1798 serb-

190 1839 415 1947 silia'ipsa
443 1845 619 1925 mittent.
937 1842 940 1848 “

289 1961 511 2066 Tercle
542 1987 625 2064 quo
654 1962 760 2065 petit
787 1959 1026 2039 libertatem
1058 1958 1288 2064 puniendo-

192 2111 283 2162 rum
325 2101 476 2163 eorum
518 2081 784 2161 subditorum
827 2086 1097 2167 nostrornm,
1139 2083 1209 2181 qui
1248 2081 1288 2157 in

188 2205 267 2282 illis
309 2200 654 2306 expeditionibus
693 2205 757 2280 ire
807 2209 1083 2294 recusarent,
1125 2195 1290 2279 dicatur

187 2321 304 2429 quod
344 2316 579 2401 eilioooiler
619 2318 864 2419 jubebimus
906 2318 1099 2400 omnibus
1146 2344 1287 2424 supra·

186 2439 355 2546 seriptis
386 2440 623 2522 rectoribus
651 2439 833 2536 uostris,
872 2443 987 2544 quod
1027 2467 1176 2522 omnes
1205 2437 1290 2520 ino·

187 2559 405 2642 bedienles
446 2561 606 2640 aeriter
645 2553 795 2662 punire
835 2563 1041 2650 debeant,
1085 2589 1180 2660 eum
1209 2588 1288 2668 pro

186 2685 364 2764 aliorum
393 2673 617 2782 exemplo,
658 2677 824 2760 tumui
862 2707 940 2784 pro
968 2707 1117 2761 eorum
1146 2683 1286 2762 inobe-

186 2806 339 2884 dientia
369 2801 555 2881 meritam
587 2802 701 2880 luant
728 2825 889 2904 penem.

287 2925 508 3022 Quarto
551 2948 635 3026 quo
675 2921 895 3002 aonidente
933 2947 1060 3014 casu,
1101 2951 1184 3026 qno
1233 2951 1287 3004 ex

184 3071 262 3122 suo
294 3045 527 3147 pelleretur
555 3044 769 3133 dominio,
798 3030 1018 3148 receptum
1047 3045 1086 3120 in
1129 3049 1288 3124 nostris

185 3166 310 3244 terris
352 3171 395 3242 et
436 3165 543 3244 loeis
583 3165 714 3266 petit,
754 3165 920 3242 dioetur
961 3189 1039 3268 pro
1067 3169 1217 3244 nostro
1246 3167 1286 3244 in

185 3284 294 3362 illiue
322 3281 676 3383 magnificentiam
692 3307 850 3370 umore,
865 3307 944 3364 nos
961 3286 1076 3364 nolle
1105 3311 1287 3390 unquam

185 3407 343 3480 tentum
375 3403 486 3481 illius
514 3404 659 3482 videre
687 3405 911 3486 exordium.
963 3409 1124 3485 Verum
1160 3409 1196 3487 si
1223 3433 1285 3488 ce-

182 3548 267 3616 sus,
296 3549 420 3625 quem
449 3527 566 3604 Deus
592 3532 756 3608 avertet
780 3527 1010 3614 accideret,
1038 3527 1148 3605 illius
1178 3553 1286 3626 meg·

136 3709 139 3714 .
186 3643 427 3722 nitieentiee
450 3645 490 3723 iu
519 3647 644 3724 terris
673 3651 715 3723 et
743 3645 849 3726 loeis
878 3647 1036 3725 nostris
1066 3655 1286 3750 receptum

183 3765 465 3864 promittimus
513 3791 592 3869 pro
637 3763 747 3842 illins
791 3770 974 3866 conjuge
1004 3758 1145 3844 tiberis
1175 3767 1286 3844 lomi·

69 3889 74 3896 ’
185 3884 238 3962 lia
267 3893 310 3962 et
351 3885 534 3964 fortunis
563 3885 666 3965 eius·

221 4047 224 4055 ·
286 4003 501 4100 Quinto
552 4027 636 4106 quo
687 4003 1042 4103 gubernationem
1095 3999 1288 4084 Xente

182 4125 287 4224 petil
327 4122 365 4200 iu
409 4123 604 4224 quantum
648 4121 755 4202 illem
797 4124 973 4227 nutrirat,
1003 4145 1097 4202 oleru
1127 4125 1284 4204 tributo
