3212 5116
410 555 632 656 CXXX·
673 577 783 652 imo.
817 578 855 653 7.
882 571 1034 652 matr.

178 784 385 844 daanmaeao
410 801 601 859 oocnasaay
627 785 741 858 byplpa
775 785 942 842 Sarmatia
978 798 1207 860 oaroaopnrn,
1229 801 1268 870 μ

178 905 294 946 onon
327 904 435 962 canpe
457 905 536 959 nora
572 889 745 960 candore,
768 903 899 962 spinare
938 901 1093 961 coyntae
1117 885 1205 946 reale
1230 907 1269 951 aa

177 1011 279 1068 nopy,
303 993 355 1051 nie
378 1011 479 1068 ysena
504 1009 663 1070 sarpam,
686 1008 789 1061 gorne
813 1009 880 1050 oea
905 992 988 1068 dne
1013 1009 1208 1068 acnyaaaao
1231 1012 1267 1070 y·

180 1097 312 1175 ciceia,
358 1113 445 1168 noan
482 1113 588 1154 nonna
634 1113 674 1170 ay
701 1111 1060 1176 creponensem
1086 1101 1266 1158 illae-rauba

180 1203 412 1260 asternacha
438 1217 493 1270 ro,
514 1217 553 1272 aa
577 1217 644 1258 oen
670 1216 759 1270 nona
783 1215 1006 1275 neronopoaa
1031 1217 1094 1262 ose
1118 1202 1269 1274 cendone

426 1321 567 1380 namma
600 1321 691 1379 napa
717 1320 760 1362 ca
784 1303 1020 1379 ltoropanua.

286 1516 426 1628 Capta:
454 1523 557 1623 Quia
583 1524 719 1604 dura
747 1528 808 1604 de
836 1526 1269 1618 Balscae,eivis

182 1653 392 1726 noster
419 1645 528 1722 misit
560 1646 765 1747 quendam
807 1671 928 1724 suum
956 1647 1268 1730 ambassatorem

182 1767 235 1842 ed
257 1791 346 1857 nos,
375 1767 590 1844 offerendo
619 1766 888 1845 dominationi
918 1769 1154 1871 multaque
1182 1797 1271 1876 spe·

183 1913 323 1966 ramus
354 1887 446 1966 iore
482 1886 595 1965 utilia
622 1886 741 1964 valde
769 1909 848 1990 pro
890 1893 999 1964 statu
1040 1899 1202 1982 nostro,
1230 1902 1273 1972 et

182 2010 372 2111 requirat
399 2016 444 2086 ut
471 2006 751 2087 certificemus
792 2007 925 2110 ipsum
953 2009 987 2086 si
1013 2010 1144 2110 gratia
1173 2014 1272 2092 alias

110 2135 115 2146 '
182 2129 263 2207 sibi
292 2152 494 2208 concessa
521 2153 601 2231 per
626 2153 718 2220 nos,
745 2128 796 2205 de
825 2127 1058 2227 navigando
1087 2129 1129 2208 in
1157 2135 1275 2222 mari,

181 2268 269 2327 non
299 2247 547 2330 offendendo
577 2249 755 2348 aliquem
782 2257 1070 2328 mercatorem
1097 2252 1164 2357 vel
1192 2257 1272 2332 Ve-

183 2380 339 2460 netum,
367 2369 442 2447 sed
470 2375 625 2448 tantum
654 2393 752 2446 suos
779 2368 987 2466 inimicos,
1017 2379 1083 2450 est
1105 2397 1274 2452 revoca-

185 2499 226 2569 ta
252 2491 320 2570 vel
347 2514 445 2568 non.
473 2489 596 2567 Vadit
623 2513 732 2590 pars:
763 2489 1040 2568 Considerata
1066 2490 1176 2570 hono
1199 2493 1275 2570 dis·

184 2611 399 2717 positione
428 2633 513 2698 sua,
544 2618 587 2686 et
615 2609 730 2711 quod
758 2609 868 2688 dicta
908 2612 1175 2716 impetratio,
1201 2615 1274 2692 tali

185 2755 357 2832 genere,
387 2732 499 2811 cedit
526 2731 577 2807 ad
604 2739 869 2830 augmentum
909 2731 1087 2812 honoris
1128 2737 1275 2819 nostri.

184 2852 415 2955 habitoque
442 2861 651 2957 respectu.
672 2852 784 2955 quod
812 2877 894 2928 non
921 2855 1143 2952 invenitur,
1162 2855 1275 2957 quod

169 2973 297 3056 dicta
325 2972 457 3073 gratia
483 2973 538 3052 sit
578 2977 790 3064 revocata,
818 2974 929 3075 quod
969 2974 1277 3078 respondeatur

187 3093 280 3182 sibi,
308 3094 420 3196 quod
446 3117 524 3170 nos
552 3117 637 3170 non
665 3091 880 3184 habemus,
908 3096 1020 3194 quod
1048 3095 1159 3174 dicta
1185 3119 1275 3196 gra·

187 3216 244 3292 tia
261 3213 314 3292 sit
328 3221 528 3292 revocata
555 3212 650 3315 ipso
679 3209 931 3292 observante
960 3215 1162 3294 clausulas
1178 3238 1276 3295 eon·

188 3339 324 3414 tentas
352 3333 393 3410 in
421 3334 711 3422 concessione,
740 3335 841 3412 alias
862 3337 940 3414 sibi
968 3337 1091 3416 facta.
1119 3337 1278 3414 Verum

164 3483 275 3570 'non
302 3461 366 3534 est
392 3461 565 3534 nostrae
600 3455 852 3549 intentionis,
880 3457 995 3559 quod
1021 3459 1100 3536 sibi
1129 3457 1278 3534 colore

190 3578 326 3656 dictae
354 3575 513 3677 gratiae
542 3576 677 3653 dictus
704 3575 809 3654 dura
837 3577 999 3677 frangat
1024 3598 1173 3678 pacem
1204 3575 1277 3656 Ca·

190 3701 375 3780 turrinis.
424 3698 478 3776 Et
518 3697 756 3776 scribantur
794 3698 958 3776 litterae
985 3696 1063 3798 ipsi
1101 3695 1207 3774 dure
1236 3704 1279 3777 et

191 3820 445 3913 Catarrinis,
485 3817 693 3898 hortando
735 3845 812 3898 eos
848 3819 898 3896 ad
941 3816 1278 3900 observationem

190 3964 321 4046 pacis.

559 4115 651 4181 idisti
676 4109 734 4178 del
757 4109 900 4179 senato
924 4107 1088 4180 xxxul.
1113 4113 1172 4178 ch.
1192 4114 1237 4178 tn
