3186 5112
341 519 630 614 mineorum,
673 517 758 594 hoo
784 539 878 592 esse
907 525 1054 596 contra
1083 542 1208 600 omne
1248 521 1436 600 debitum

336 648 383 716 et
424 637 704 724 conveniens;
755 641 892 713 tamen
936 639 1032 738 quia
1074 640 1197 720 offert
1236 665 1293 720 se
1323 641 1435 720 idem

340 757 536 838 dominus
577 755 771 845 Sandati,
812 756 1139 858 promissionem
1184 759 1326 838 iacere
1352 785 1435 864 pro

340 877 430 982 ipso
458 877 601 961 Balsa,
631 884 673 953 et
700 883 850 954 tenere
877 875 1062 964 modum,
1092 880 1205 981 quod
1237 881 1436 959 observa·

341 996 403 1078 bit
428 995 652 1104 promissa,
680 997 1001 1098 respondemus:
1030 998 1195 1100 quodsi
1211 1000 1321 1078 idem
1337 999 1436 1078 San·

340 1117 441 1196 delii
478 1125 520 1194 et
552 1115 675 1192 Balsa
716 1115 883 1192 mittent
923 1116 974 1192 ad
1014 1141 1093 1195 nos
1133 1117 1295 1220 aliquos
1333 1143 1437 1198 suos

342 1261 437 1318 cum
466 1236 673 1316 sindioatu
703 1242 747 1314 et
775 1235 968 1314 libertate
996 1239 1253 1342 adplenum,
1282 1239 1438 1318 obres

341 1361 511 1460 peetum
539 1379 639 1433 suae
655 1355 1005 1456 magnificentiae,
1032 1357 1302 1462 disponemus
1326 1358 1436 1436 iace·

341 1504 390 1558 re
418 1478 470 1555 de
500 1477 652 1567 rebus,
691 1502 800 1577 quae
829 1483 953 1556 erunt
979 1478 1114 1556 iustae
1142 1487 1184 1557 et
1212 1479 1435 1558 rationabi-

343 1601 405 1677 ies
443 1621 542 1698 erga
570 1598 732 1701 ipsum,
776 1605 1024 1676 removente
1051 1625 1098 1676 se
1126 1607 1169 1678 et
1199 1600 1436 1678 abstinente

340 1743 453 1798 nnnc
468 1725 512 1796 et
549 1721 590 1796 in
620 1719 805 1800 futurum
822 1743 845 1796 a
860 1714 1114 1796 novitatibus
1130 1723 1174 1796 et
1188 1719 1350 1797 damnis
1378 1718 1434 1794 in·

342 1839 525 1918 ferendis
556 1840 662 1922 loeis
689 1849 732 1916 et
758 1833 943 1916 subditis*
966 1839 1135 1918 nostris.

649 1973 751 2043 Scor.
777 1979 885 2038 cons.
910 1973 1038 2062 Roget.
1063 1973 1172 2040 Libro
1196 1975 1236 2040 V.
1261 1975 1315 2040 ch.
1341 1975 1390 2040 16.

483 2215 768 2316 conxlx.
811 2237 920 2312 una.
965 2237 1028 2314 aa.
1058 2233 1292 2337 Aprilis.

364 2428 539 2508 Osronopn
563 2443 751 2502 nocuasnsy
772 2427 894 2484 Basme
906 2464 917 2496 ‚
950 2441 1010 2484 son
1036 2443 1120 2484 noan
1143 2445 1178 2486 aa
1202 2429 1410 2504 onpomrenls

410 2552 428 2590 ιι
452 2532 596 2592 odetuna
628 2550 663 2590 aa
687 2529 810 2606 dypyhe
834 2547 925 2606 nepo
948 2549 967 2588 ιι
989 2528 1096 2605 podpo
1118 2529 1367 2606 npinrenserso.

449 2699 594 2803 Capta.
636 2699 741 2780 Cum
769 2721 848 2803 pro
875 2703 996 2802 parte
1032 2699 1251 2780 Baisae
1293 2724 1434 2779 acces·

341 2823 718 2902 seritadnostram
748 2819 1030 2922 praesentiam
1057 2843 1162 2896 unus
1191 2818 1279 2897 eius
1297 2823 1432 2899 amba·

190 2930 192 2938 ’
342 2943 505 3031 uiator,
533 2964 628 3020 cum
657 2939 786 3018 literis
816 2939 1059 3018 credentiae
1100 2947 1265 3018 etcum
1292 2941 1433 3019 multis

272 3077 275 3084 ⁴
341 3060 787 3144 recomendationibus
816 3061 865 3139 ad
889 3069 1082 3140 nostrum
1111 3061 1353 3152 dominium,
1368 3089 1431 3140 su·
1571 3131 1572 3148 Ν

341 3183 569 3290 plicando,
612 3189 657 3258 ut
683 3181 905 3282 dignemur
947 3183 1083 3286 ipsum
1124 3205 1342 3261 assumere
1383 3183 1433 3260 ad

341 3304 521 3406 gratiam
548 3311 762 3396 nostram,
790 3312 834 3381 et
858 3303 967 3380 velie
994 3304 1074 3382 sihi
1099 3325 1305 3407 parcere,
1333 3327 1433 3406 quo-

343 3426 452 3504 niam
470 3424 506 3502 si
534 3422 688 3525 aliquid
717 3423 820 3502 iecit
834 3425 875 3502 in
891 3423 1167 3527 praeteritum
1194 3425 1305 3501 ultra
1318 3411 1434 3528 pneu-

344 3558 428 3626 tem
468 3553 512 3624 et
538 3545 795 3624 voluntatem
831 3547 963 3624 nostri
991 3545 1191 3632 dominii,
1228 3543 1313 3622 hoo
1339 3567 1435 3646 pro·

344 3663 472 3746 cessit
498 3690 551 3742 ex
574 3663 796 3744 teneritate
819 3687 1021 3743 annorum
1049 3672 1092 3740 et
1115 3665 1434 3750 inventutem,

325 3785 419 3866 -sed
446 3785 561 3889 quod
588 3793 654 3863 est
673 3783 900 3888 dispositus
926 3785 1036 3862 velie
1064 3807 1160 3862 esse
1188 3791 1332 3861 noster
1359 3782 1430 3862 bo·

343 3932 420 3986 nus
447 3905 557 3983 filius
586 3912 630 3984 et·
643 3905 839 3996 servitor,
867 3914 910 3986 et
935 3929 1146 4008 nunquam
1174 3901 1384 3984 recedere
1410 3931 1432 3983 a

344 4023 596 4131 benpiacitis
624 4033 667 4106 et
695 4023 896 4107 mandatis
924 4026 1109 4124 nostris,
1147 4024 1432 4129 promittendo

346 4150 575 4227 observare
603 4146 765 4236 omnia,
793 4171 902 4249 quae
929 4147 1049 4227 nobis
1078 4147 1310 4250 promittet,
1337 4171 1430 4226 cum

348 4267 461 4347 omni
488 4266 695 4346 firmitate.
749 4269 907 4344 Verum
944 4274 989 4344 ut
1016 4268 1153 4368 possit
1179 4267 1322 4343 vivere
1358 4261 1431 4341 snb
