3186 5112
341 395 407 464 438

343 607 385 676 et
412 597 601 698 requirat
642 593 803 674 habere
844 611 1105 698 respuruum.
1159 593 1282 676 Vadit
1322 615 1439 694 pers.

246 789 249 798 .
343 720 457 820 qnod
496 718 810 820 respondeatur
838 722 880 794 et
907 716 1071 816 dicatur
1099 716 1218 796 dioto
1244 713 1434 794 ambasi-

342 841 472 934 atori‚
512 839 624 939 quod
659 857 830 937 semper
857 833 1081 914 dileximus
1108 836 1219 920 ittam
1249 836 1438 914 comuni-

331 965 468 1060 tatem
495 966 538 1038 et
567 957 707 1044 cives,
751 955 880 1032 etsie
908 974 1019 1034 nune
1060 963 1169 1036 testo
1195 955 1282 1036 deo.
1307 953 1438 1054 dfligi

342 1103 433 1156 mus
462 1079 630 1168 sinemo
661 1073 813 1160 corde·
836 1081 878 1152 et
905 1077 1180 1172 cognovimus
1206 1076 1247 1152 io
1276 1075 1438 1155 eisdem

344 1201 499 1278 bonum
539 1197 721 1276 animum
761 1197 804 1270 et
844 1193 1045 1296 optimam
1094 1193 1440 1277 voluntatem'et

342 1316 663 1422 dispositionem
706 1335 806 1412 arga
842 1313 1034 1398 honores
1070 1315 1205 1396 nostri
1247 1311 1439 1401 dominii.

342 1447 550 1540 tamquam
581 1438 620 1512 in
649 1435 769 1513 bouis
793 1442 835 1512 et
848 1434 960 1512 varis
990 1434 1147 1528 amieis,
1164 1441 1207 1512 et
1232 1459 1312 1514 une
1341 1438 1441 1539 plus

344 1559 582 1636 oblationes
610 1579 707 1652 suas
735 1551 857 1646 nobi-s
884 1552 1041 1642 foetas„
1072 1553 1124 1632 de
1154 1554 1304 1655 quibus
1333 1555 1438 1635 mul·

327 1663 428 1756 ¹tum
457 1677 736 1778 regratiamur
764 1676 840 1754 eis.
889 1677 1050 1762 Verum
1077 1674 1127 1756 ad
1157 1675 1350 1778 capitula
1366 1701 1438 1754 no·

345 1801 409 1878 bis
436 1803 653 1902 porrecta,
682 1816 865 1897 quorum
893 1795 1070 1875 effeetus
1099 1803 1177 1873 est:
1221 1795 1337 1896 quod
1366 1797 1436 1873 iila

342 1920 580 1999 comanitas
608 1943 655 1994 se
686 1917 811 2000 offert
837 1915 950 1994 veile
989 1939 1082 1996 esse
1110 1913 1331 1997 nobiseum
1373 1919 1438 1994 ad
1584 1995 1588 2004 .

339 2063 597 2138 guerram,
624 2038 658 2115 si
685 2037 793 2114 illam
822 2035 1075 2114 haberemus
1105 2055 1226 2114 ourn
1254 2037 1441 2127 Balsa·

343 2171 437 2240 oum
467 2163 597 2238 certis
628 2154 940 2237 conditionibus
969 2155 1167 2244 inclusis,
1209 2159 1440 2264 ipsalcom·

342 2281 544 2358 munitate
573 2279 780 2390 existente
810 2277 943 2372 libera
963 2301 985 2352 a
1002 2279 1159 2370 tributo
1189 2278 1438 2356 ducatorum
1586 2303 1588 2342 f

225 2403 258 2505 J
343 2401 470 2492 mitte,
499 2424 606 2502 quos
633 2399 757 2478 solita
786 2405 851 2476 est
877 2399 978 2476 dare
1006 2399 1215 2478 Balsae.
1243 2399 1296 2480 Et
1323 2401 1439 2501 quod

342 2520 536 2598 veniente
579 2519 869 2598 dominatione
910 2519 1313 2623 nostraadpaosm
1342 2544 1439 2598 eum

342 2641 482 2727 Balsa,
512 2641 603 2745 ipsa
632 2641 866 2726 aemunitas
885 2641 1185 2719 includaturin
1202 2642 1293 2745 ipsa
1320 2663 1442 2744 pane,

347 2771 391 2840 et
424 2761 627 2851 ulterius,
666 2762 781 2865 quod
807 2767 951 2842 nostra
977 2763 1208 2843 dominatio
1235 2769 1443 2840 ¹teneatur
1586 2775 1587 2778 ‘

341 2883 475 2983 ipsam
518 2882 818 2960 comoditatem
858 2881 1085 2960 defendere
1107 2905 1204 2984 per
1233 2905 1347 2959 mare
1389 2881 1442 2958 ab
1584 2929 1588 2982 ;

343 3002 456 3080 omni
483 3025 692 3106 persona,
733 3009 777 3080 et
804 3011 887 3080 oet.
915 3003 1088 3081 Dicatur
1115 3004 1229 3104 quod
1257 3000 1443 3080 misimus

341 3122 617 3201 ambasiatam
645 3131 832 3204 nostram
859 3121 1119 3200 tractandam
1137 3143 1222 3224 per
1238 3123 1439 3200 comitam

344 3247 388 3318 et
404 3241 667 3343 capitaneum
695 3251 888 3320 nostrum
915 3240 1153 3334 Beniamin
1169 3239 1439 3341 partibusrit·

229 3359 232 3370 '
345 3359 505 3450 huniae,
529 3369 671 3440 etnou
696 3385 918 3462 possumus
948 3362 1316 3466 comprehendere
1346 3383 1449 3440 oon:

344 3483 581 3562 elusionem
610 3483 819 3563 foetorum
848 3483 1071 3562 adhuoaut
1097 3481 1440 3584 panisautguer-

344 3627 417 3685 rae
445 3629 543 3684 cum
571 3605 709 3684 Balsa.
749 3605 863 3703 litei
890 3627 973 3708 pax
1003 3611 1045 3684 et
1074 3603 1352 3682 oonoordinm
1380 3624 1440 3680 es·

343 3733 408 3804 sat
435 3733 784 3825 etsaqneretur,
822 3725 899 3804 ista
927 3749 1010 3802 non
1038 3723 1245 3802 haberant
1284 3723 1440 3810 locum,

342 3846 377 3926 si
392 3853 544 3926 autem
586 3845 708 3924 aliter
736 3852 988 3948 sequeretur
1005 3903 1013 3931 ,
1030 3843 1241 3923 otdsioet
1268 3864 1438 3944 guam,

343 3967 457 4069 quod
486 3989 678 4044 essemus
708 3967 894 4046 contenti
922 3965 1086 4044 habere
1112 3963 1224 4045 iiiam
1253 3963 1440 4043 osmunt·

343 4095 471 4166 tatem
499 4088 748 4176 nobiseum,
790 4097 833 4166 et
861 4113 953 4166 esse
980 4085 1368 4174 sthiuvosobttes,
1397 4092 1439 4164 ot
1587 4045 1588 4128 ἶ

342 4211 474 4310 ipsam
503 4205 776 4284 favorabilem
814 4207 1116 4286 rastisponae
1143 4207 1204 4284 da·
1234 4207 1362 4295 inde,¹
1397 4211 1440 4282 et

342 4325 593 4428 promittere
619 4325 672 4406 de
700 4325 978 4406 desudando
996 4325 1091 4404 ilios
1118 4327 1250 4406 eires.
1264 4328 1303 4404 in
1332 4325 1440 4402 mari
