3230 5104
282 585 343 688 Ad
373 619 534 714 partem
566 633 642 713 per
664 631 794 712 xquom
822 609 928 710 petit
955 606 1270 687 consulumue

176 737 319 826 strum,
351 729 464 832 quod
492 729 593 807 dicit
620 753 699 807 nos
731 729 855 805 etium
880 726 1049 806 dedisse
1079 732 1268 828 patruo
1399 811 1401 814 ,

176 873 288 946 suo,
332 851 697 928 olimdomino
740 847 1010 938 Ssudoli,
1051 846 1121 947 qui
1149 845 1265 926 dedit
1337 891 1370 948 ,-

175 968 376 1048 tributum
405 973 565 1060 'l'urom
593 971 918 1073 respondemus:
948 967 1267 1070 quodnevimns

173 1112 345 1194 semper
372 1095 668 1171 excellentium
696 1107 813 1168 suem
842 1089 1189 1192 sapientissimam
1224 1097 1268 1167 et

176 1211 470 1301 Christianam,
499 1218 542 1290 et
569 1213 678 1292 certi
703 1233 862 1298 sumus,
904 1211 1019 1312 quod
1059 1211 1169 1288 siout
1196 1209 1268 1287 hu·
1352 1305 1353 1308 Ν

174 1351 333 1434 eusque
362 1357 455 1412 oum
484 1333 646 1410 honore
685 1355 763 1409 suo
793 1356 841 1408 se
874 1328 1148 1430 gubernavit,
1176 1343 1268 1432 pre·

173 1449 383 1553 valuitque
418 1453 469 1528 ab
512 1450 708 1531 hostibus
736 1451 851 1538 suis,
880 1448 936 1530 ite
965 1455 1142 1526 auctore
1183 1449 1266 1528 deo

173 1567 298 1646 helel
326 1571 451 1648 etiam
481 1571 520 1648 in
549 1570 753 1658 lulurunu
788 1568 985 1670 quoniam
1012 1567 1266 1670 sperandum
1340 1624 1343 1632 ,

172 1694 214 1765 et
242 1689 536 1768 confidendum
565 1693 643 1768 est:
674 1691 789 1794 quod
816 1695 860 1766 et
898 1688 1099 1764 Summus
1125 1687 1264 1767 Ponti·

174 1809 242 1888 lex
279 1819 323 1888 et
349 1811 418 1888 elii
445 1812 665 1914 prinsipes
682 1807 911 1888 Christiani
939 1810 1065 1888 etism
1098 1833 1144 1886 e
1158 1807 1266 1887 exei-

172 1936 259 2008 ture
288 1931 472 2010 debeant
498 1931 549 2009 nd
579 1931 819 2011 laciendum
854 1931 1067 2010 honorem
1082 1929 1150 2006 del
1166 1949 1263 2008 oon·

172 2061 235 2131 tre
264 2053 410 2130 hostes
439 2053 545 2132 lldei.

273 2171 358 2250 Pro
388 2181 541 2275 quanto
584 2197 688 2250 vero
716 2171 906 2273 pertinet
933 2173 983 2250 od
1012 2171 1167 2250 iactum
1206 2189 1261 2251 ss·

172 2291 234 2379 lis,
256 2291 518 2390 justificetur
545 2317 615 2371 res
643 2293 744 2384 iste,
782 2316 864 2394 que
893 2291 1017 2370 etlam
1058 2293 1111 2370 de
1152 2308 1263 2367 novo

90 2435 94 2440 ·
170 2413 438 2512 intelligutur,
467 2423 508 2492 et
536 2417 689 2492 exinde
718 2437 795 2518 per
826 2413 1053 2512 collegium
1089 2427 1262 2516 respon·

171 2535 317 2612 dentur
344 2534 444 2634 ipsis
472 2534 741 2625 oratoribus,
770 2534 880 2612 siout
915 2535 1062 2610 melius
1104 2533 1261 2611 utilius·

173 2677 255 2757 que
284 2655 466 2753 collegio
494 2656 713 2732 videbitur.

487 2823 591 2887 Secr.
622 2841 725 2887 cons.
748 2840 825 2905 rog.
850 2821 924 2884 Lib.
949 2817 1040 2886 XXI.
1065 2819 1119 2886 eh.
1145 2817 1215 2889 126.
1341 2799 1349 2812 ’

263 3039 548 3156 CDXCffl·
578 3067 690 3142 1462.
720 3069 780 3142 13.
810 3055 842 3140 N
858 3088 883 3140 o
899 3089 924 3142 v
941 3089 964 3142 e
982 3089 1022 3142 m
1037 3058 1062 3140 b
1079 3091 1100 3143 r
1116 3065 1127 3142 i
1141 3090 1174 3142 s.

174 3239 404 3342 [insu-tonent
438 3253 662 3296 ssaxrsnoun
685 3255 875 3298 noeentum
913 3255 1058 3315 repuens
1094 3241 1261 3302 orosam.

276 3383 464 3488 Copituls
480 3395 680 3490 porrecta
697 3411 774 3492 per
791 3393 987 3468 oratores
1017 3389 1260 3472 illustris

172 3503 587 3584 dominidueis
618 3505 907 3589 stheleni.
961 3505 1143 3588 Excelsa
1178 3512 1257 3612 sig·

169 3626 304 3704 norie:
334 3622 903 3728 Somoertohavetiintexo,
934 3650 1058 3708 eome
1087 3631 1125 3707 el
1153 3623 1256 3711 mle

171 3745 418 3846 ligliolo
472 3747 804 3826 Vladlsouo
851 3774 874 3825 e
916 3753 1065 3828 andsto
1108 3759 1255 3833 eontra

172 3867 208 3941 la
250 3856 329 3943 min
371 3866 543 3944 nolonte
597 3867 997 3970 slimperador
1048 3869 1257 3960 Tureo,

169 3991 212 4065 et
239 3985 419 4086 (ligando
449 3987 485 4061 el
515 3987 771 4088 imperador,
800 3987 896 4066 ohel
925 3990 1007 4066 mio
1030 3991 1159 4092 padre
1187 4017 1254 4069 me

168 4131 271 4186 euzo
302 4109 370 4183 del
412 4107 495 4183 mlo
538 4132 673 4210 pnexe
713 4118 754 4187 et
794 4134 877 4187 non
919 4108 1177 4212 dagandome
1216 4113 1253 4191 la

169 4235 289 4332 parte
330 4230 382 4307 de
421 4223 458 4304 la
484 4229 564 4305 mia
604 4229 805 4320 heredita,
835 4231 914 4310 ohe
943 4257 1010 4310 me
1051 4235 1252 4338 apertten.
