3230 5104
342 577 487 632 sumus
514 549 596 648 sibi
624 547 663 648 in
693 549 853 631 cunctis
887 549 1155 654 possibilibus
1198 555 1438 660 complace·

341 691 404 752 re.
432 673 629 774 Licetque
660 697 754 750 esse
784 671 1051 752 videamuriu
1068 699 1174 776 pace
1192 694 1286 754 cum
1313 673 1441 752 Tur·

345 822 422 884 co,
449 793 617 874 attentis
660 801 797 896 tumen
839 795 1156 875 conditionibus
1198 809 1239 876 et
1266 795 1440 902 perfidis

346 915 477 996 modis
511 917 617 1002 suis,
660 917 893 1015 paravimus
923 925 964 995 et
1004 943 1198 1020 paramus
1242 919 1443 996 continue

344 1037 675 1180 potentissimam
706 1036 881 1112 classem
911 1045 1096 1114 nostram
1127 1063 1222 1117 cum
1249 1037 1443 1138 gravissi-

344 1159 420 1236 mis
426 1159 644 1237 nostris
634 1157 848 1254 rmpensis,
879 1164 923 1233 ut
938 1182 1145 1258 possimus
1173 1181 1273 1260 prat
1277 1183 1310 1236 rs
1341 1181 1442 1234 con-

345 1278 536 1412 ceptibus
578 1275 764 1353 eiusdem
805 1274 992 1366 'lurchi‚
1031 1302 1110 1380 pro
1149 1287 1302 1380 quanto
1331 1302 1443 1353 sem-

344 1423 423 1502 per
436 1387 679 1501 'poterimus
718 1393 917 1484 obviare,
959 1399 1154 1498 quoniam
1196 1398 1247 1475 de
1275 1424 1327 1476 eo
1357 1421 1446 1474 non

345 1519 411 1596 est
447 1523 594 1595 nostro
637 1515 783 1593 iuditio
822 1515 1126 1596 confidendum.
1182 1515 1232 1594 ttt
1273 1518 1327 1596 itu
1371 1519 1447 1595 eti-

345 1665 412 1744 am
470 1635 692 1741 loquentes
745 1637 865 1718 solita
920 1639 1161 1717 sinceritate
1214 1663 1307 1716 cum
1348 1639 1450 1740 ipso

342 1759 613 1862 ¹serenissimo
658 1783 783 1858 rege,
826 1761 1045 1838 hortamur
1087 1785 1182 1838 eum
1227 1763 1275 1839 ad
1303 1757 1446 1862 provi·

348 1879 528 1956 dendum
558 1879 817 1979 magnanime
846 1876 974 1953 rebus
1003 1879 1119 1967 suis,
1160 1879 1269 1959 sicut
1297 1877 1447 1957 catho-

348 1999 472 2076 licum
497 2001 735 2104 principem
752 1999 888 2077 decet.
917 1997 1144 2077 Laudamus
1169 2023 1337 2101 quoque
1353 1999 1448 2100 plu·

347 2119 498 2197 rimum
527 2121 577 2197 ad
606 2122 713 2198 bene
741 2119 1055 2220 intelligendum
1085 2125 1129 2197 et
1156 2120 1380 2199 uniendum
1397 2145 1447 2195 se

348 2265 443 2316 cum
473 2240 625 2320 illustri
654 2241 825 2319 domino
855 2239 1002 2318 duce
1031 2241 1371 2343 Stephano,
1402 2247 1447 2318 et

349 2385 443 2440 carm
472 2361 560 2438 aliis
590 2361 771 2440 dominis
799 2361 963 2439 illerum
992 2355 1185 2467 partium,
1214 2365 1294 2440 ut
1284 2389 1324 2440 m
1354 2386 1443 2440 om·

348 2505 443 2558 nem
474 2505 614 2560 casum
646 2490 794 2560 contra
836 2483 1006 2572 hostem
1041 2483 1164 2560 unitis
1206 2481 1363 2560 viribus
1396 2505 1446 2556 se

348 2601 458 2678 tueri
485 2601 657 2704 possint.
700 2599 746 2678 ld
777 2605 912 2704 ipsum
942 2603 1069 2680 etiam
1097 2611 1141 2680 ut
1182 2601 1309 2681 faciat
1346 2624 1441 2704 per·

347 2721 570 2798 evademus
613 2743 707 2796 oum
737 2721 1009 2800 serenissimo
1052 2743 1195 2820 rege
1228 2720 1267 2800 fl
1280 2745 1307 2798 u
1321 2748 1346 2798 ιι
1364 2743 1393 2820 g
1408 2744 1446 2796 a·

348 2841 463 2930 rie,
502 2847 546 2920 ut
573 2841 804 2939 potentiori
847 2866 970 2920 manu
1011 2842 1176 2921 hostem
1218 2839 1443 2918 offendere

348 2964 525 3066 possint.
554 2961 654 3040 Nam
682 2973 828 3066 etuas
859 2950 1017 3038 certam
1047 2962 1222 3039 facimus
1257 2961 1447 3039 maiesta-

348 3089 590 3181 ismenem,
622 3083 731 3186 quod
760 3107 839 3186 per
866 3089 1079 3160 oratorem
1110 3095 1296 3161 nostrum
1328 3081 1442 3182 apud

351 3203 568 3280 Summum
616 3199 861 3278 Pontilicem
911 3203 1054 3278 damus
1092 3225 1293 3305 operam,
1327 3201 1446 3301 quod

350 3323 484 3400 mittat
522 3323 639 3402 illico
681 3324 870 3421 legatos,
913 3321 1090 3400 alterum
1131 3323 1173 3399 in
1221 3323 1445 3400 Germa-

350 3442 509 3531 niam,
553 3443 737 3523 alterum·
759 3445 797 3518 in
826 3443 1193 3542 Hungarium,
1224 3466 1317 3520 cum
1345 3466 1445 3544 pro·

349 3563 585 3640 visionibus
617 3561 879 3666 opportunis,
908 3568 952 3638 ut
967 3562 1048 3666 ipsi
1077 3563 1167 3663 regi
1196 3561 1357 3642 coactis
1372 3587 1445 3640 un·

351 3681 477 3784 dique
504 3681 662 3760 viribus
691 3691 735 3761 et
764 3683 927 3760 auxiliis
962 3684 1050 3760 sine
1080 3708 1199 3760 mora
1227 3707 1447 3762 succurra·

350 3807 502 3888 tonet
539 3810 688 3882 contra
730 3803 944 3896 Turnum,
985 3809 1068 3882 tam
1109 3806 1199 3904 ipse
1228 3827 1351 3905 quam
1380 3803 1446 3881 sui

350 3946 397 4000 se
424 3927 625 4026 potenter
661 3925 767 4002 tueri
809 3923 982 4026 possint.
1037 3925 1122 4024 Qua
1166 3925 1205 4001 in
1242 3947 1289 4000 re
1319 3929 1365 3999 ut
1392 3947 1445 3999 ex

346 4049 470 4144 parte
499 4050 643 4120 nostra
672 4043 771 4120 nihil
811 4046 1053 4132 omittatur,
1099 4043 1444 4127 deliberavimus,

352 4161 658 4264 quamprimum
688 4163 853 4241 mittere
884 4189 1009 4241 ιιιιιιιιι
1044 4163 1263 4242 solennem
1307 4171 1445 4244 orato-
