3154 5102
288 496 521 577 intentione
564 496 1125 599 regisllnngariae,
1158 512 1208 584 'et
1244 502 1381 584 subse·
1424 514 1427 523 '

290 623 470 719 quenter
497 618 551 694 de
581 617 756 698 consilio
785 614 906 698 nobis
934 623 1030 699 doto
1073 647 1152 725 per
1180 647 1299 722 eom,
1329 624 1382 702 de'

289 737 494 816 mittendo
524 735 782 816 ambaxatam
804 739 1025 818 addictum
1053 765 1210 842 regem,
1237 768 1380 822 secun·

290 857 386 936 dum
427 858 735 960 expositionem
776 859 988 939 dictorum
1027 889 1203 942 suorum
1244 867 1379 944 emba-

290 987 485 1057 xatorum
502 1002 512 1072 3
529 1001 618 1082 pro
663 979 813 1082 quihus
856 980 1051 1060 omnibus
1078 986 1204 1088 plene
1233 1009 1380 1088 cogno·

288 1098 445 1188 ulmus,
484 1123 676 1198 magnum
706 1109 748 1178 et
774 1103 987 1180 sincerum
1026 1127 1229 1196 amorem,
1256 1128 1381 1207 quem

289 1216 339 1296 ad
380 1221 605 1316 ansgerit
642 1226 683 1297 et
710 1243 788 1322 pro
833 1248 885 1299 eo
929 1231 1174 1327 reputamus
1212 1249 1288 1302 nos
1329 1223 1380 1302 ad

290 1346 468 1420 oarnctos
498 1342 587 1420 eius
615 1341 806 1420 honores
834 1349 877 1420 et
905 1341 1172 1448 beneplacita
1194 1347 1379 1424 strictius

289 1458 506 1558 obligatam
521 1467 564 1538 et
577 1460 752 1539 lirmiter
768 1463 988 1553 credimus,
1019 1467 1133 1567 quod
1159 1465 1377 1544 consilium

288 1601 408 1656 suum
438 1605 490 1656 ex
517 1603 621 1683 pura
649 1587 788 1658 mento
827 1587 869 1658 et
905 1581 1046 1660 intima
1087 1583 1259 1662 caritate
1286 1607 1378 1686 pro·

291 1701 401 1780 cedit
429 1726 526 1801 erga
570 1726 676 1786 nos,
718 1709 927 1805 tamquam
970 1703 1122 1782 fratres
1150 1711 1192 1781 et
1219 1707 1378 1783 amicos

291 1821 499 1900 cordiales
526 1824 670 1924 ipsius3
698 1821 773 1901 sed
799 1823 910 1902 sicut
936 1824 1050 1902 scire
1077 1826 1225 1927 poluit,
1252 1824 1377 1902 domi·

288 1967 364 2018 nos
399 1943 507 2020 drrx
548 1943 831 2021 Austriae
873 1969 950 2046 per
977 1969 1092 2022 suam
1120 1943 1415 2052 subarratam,

289 2063 552 2167 requirinos
581 2065 699 2150 lecit,
737 2065 849 2166 quod
878 2091 972 2144 cum
1000 2068 1197 2144 sensisset
1236 2089 1376 2167 regem
1477 2117 1483 2128 ,

288 2185 524 2284 ilungariae
551 2195 763 2287 gravatum
794 2211 888 2264 esse
917 2193 1170 2286 contranos,
1200 2187 1378 2266 libenter
1483 2257 1487 2280 ,

289 2309 398 2384 inter
424 2331 503 2384 nos
529 2314 570 2384 et
598 2305 758 2410 ipsum,
799 2309 905 2384 viam
944 2306 1296 2387 reconciliationis
1324 2308 1378 2384 in·

289 2427 475 2515 veniret,
504 2437 545 2503 et
573 2426 685 2528 quod
721 2429 914 2530 placeret
954 2427 1076 2506 nobis
1115 2429 1282 2505 mittere
1310 2451 1377 2502 no·

289 2552 398 2626 stros
448 2548 740 2624 ambaxalores
781 2547 828 2624 ad
875 2573 996 2636 eum;
1047 2553 1224 2654 propter
1264 2545 1376 2649 quod

290 2669 388 2748 licet
414 2667 673 2746 nesciremus
714 2671 839 2745 ullam
882 2667 1168 2746 rationabilem
1212 2691 1376 2747 causam

255 2846 257 2855 ,
290 2787 547 2868 turbationis.
568 2788 680 2888 regis
713 2789 915 2890 praedicti
944 2775 1215 2879 contrane&
1239 2790 1307 2866 cui
1336 2793 1377 2865 et

291 2907 632 3014 progenitoribus
673 2911 757 2987 suis
786 2935 838 2986 cx
868 2917 988 3014 parte
1030 2918 1172 2988 nostra
1209 2933 1378 3012 semper

290 3029 493 3131 gessimus
536 3028 812 3106 reverentiam
850 3037 891 3108 et
927 3053 1115 3108 amorem
1148 3036 1194 3106 ut
1233 3039 1407 3106 notum,

292 3159 367 3236 est,
394 3153 534 3227 tamen
575 3151 760 3227 misimus
797 3159 968 3230 nostros
1006 3151 1299 3228 ambaxatores
1327 3149 1377 3228 ad

291 3273 447 3350 dictum
483 3269 647 3357 ducem,
683 3271 897 3360 volentes,
925 3277 1127 3382 (nutantum¹
1165 3297 1217 3348 ex
1257 3281 1377 3376 parte

292 3401 434 3471 nostra
461 3399 563 3479 erat,
579 3415 671 3468 esse
699 3392 739 3468 in
769 3391 881 3468 omni
908 3415 1012 3494 pace
1043 3399 1083 3468 et
1111 3415 1256 3468 amore
1281 3415 1376 3470 cum

292 3514 406 3593 dicto
448 3537 577 3612 rege,
617 3512 724 3591 sicut
764 3514 921 3592 amicus
965 3512 1062 3590 facit
1097 3537 1190 3589 cum
1225 3513 1376 3608 amieo;

292 3633 366 3710 sed
394 3633 557 3711 videtur
584 3633 697 3734 quod
724 3633 814 3736 ipse
841 3656 917 3710 rex
944 3655 1021 3734 per
1056 3659 1155 3712 suos
1189 3634 1375 3709 ambaxa·

293 3759 408 3832 tores
446 3751 683 3832 missosad
711 3755 868 3834 dictum
909 3753 1085 3851 ducem,
1127 3757 1241 3856 petat
1281 3761 1375 3830 ante

293 3873 431 3952 omnia
469 3877 682 3952 removeri
722 3875 959 3953 exercitum
981 3881 1186 3953 nostrum
1215 3876 1265 3951 ab
1294 3871 1375 3950 ob·

293 3993 527 4073 sidione
569 3994 814 4079 Jadrae,
856 3997 969 4098 quod
998 4021 1082 4074 non
1111 3995 1375 4073 essetratio·

296 4115 442 4207 nobile,
476 4141 555 4226 nec
585 4125 647 4197 est
675 4116 727 4194 de
756 4119 987 4198 intentione
1015 4125 1171 4204 nostra,
1201 4133 1294 4194 cum
1323 4117 1376 4194 ci·
