3192 5112
343 423 406 494 1³⁰

442 639 479 712 ll.
523 633 628 714 Item
652 637 692 713 si
721 639 1009 736 contingeret,
1038 639 1153 740 quod
1181 642 1272 743 ipse
1302 639 1430 717 domi·
1568 639 1571 648 ’

342 766 417 830 nus
442 754 753 856 imperatorvel
782 757 871 834 eins
899 755 1005 838 fliius
1032 757 1225 836 dominus
1240 783 1331 852 rex,
1360 765 1431 836 aut

343 873 509 972 domina
536 873 795 976 imperatrix,
823 875 1012 952 venirent
1040 875 1270 955 habitatum
1296 877 1432 954 Vene-

342 991 446 1084 tiae,
489 996 601 1095 quod
643 1004 741 1073 tuno
780 995 945 1096 placeat
972 993 1108 1075 ducali
1148 995 1432 1086 dominationi,

342 1113 403 1189 eis
427 1114 492 1190 vel
521 1113 645 1194 alicui
674 1139 836 1211 eorum,
860 1115 1075 1214 insignum
1105 1117 1259 1194 amoris
1289 1127 1331 1194 et
1357 1117 1430 1194 ho·

340 1233 643 1322 norilioenliae,
684 1235 826 1313 iacere
862 1247 905 1313 et
941 1237 1042 1314 dare
1072 1237 1249 1340 aliquam
1290 1237 1428 1340 provi·

340 1357 503 1435 sionem
532 1381 605 1433 seu
634 1356 846 1456 regaliam,
876 1356 986 1436 siout
1012 1383 1091 1460 pro
1108 1359 1273 1438 honore
1301 1360 1430 1462 impe·

340 1478 454 1556 rialis
495 1477 685 1557 culminis
712 1485 755 1554 at
782 1477 1039 1556 celsitudinis
1080 1481 1237 1558 ducalis
1274 1479 1427 1557 videbi-

340 1607 408 1674 lur
436 1597 680 1675 convenire.

441 1779 476 1848 5.
516 1769 623 1847 ltem
651 1771 687 1846 si
715 1777 812 1846 e'asu
842 1775 1124 1872 contingeret,
1153 1755 1268 1875 quod
1293 1773 1428 1852 ducali

340 1891 524 1970 dominio
567 1892 679 1970 ioret
717 1918 837 1995 opus.
874 1895 914 1971 in
952 1893 1139 1997 partibus
1168 1893 1428 1982 Sclavoniae,

337 2015 405 2093 vel
442 2015 483 2090 in
525 2011 605 2090 illis
633 2011 835 2114 partibus,
875 2037 954 2118 pro
998 2017 1191 2094 exercitu
1233 2015 1427 2094 faciendo

338 2133 495 2212 habere
535 2139 706 2234 gentes,
748 2135 941 2214 dominus
983 2137 1215 2240 imperator
1256 2137 1344 2214 vult
1384 2146 1428 2216 et

339 2255 464 2334 offert
489 2281 535 2332 se
563 2255 753 2333 daturum
791 2256 842 2332 de
879 2282 952 2352 stus
989 2265 1139 2356 gente.
1185 2257 1348 2359 equites
1385 2269 1428 2335 et

336 2375 511 2478 pedites,
525 2375 575 2452 ad
592 2375 912 2478 requisitionem
941 2377 1094 2456 ducalis
1116 2377 1426 2470 dominationis,
1458 2385 1460 2389 ’

338 2503 381 2571 et
408 2519 479 2573 eas
508 2495 672 2574 mittere
699 2521 830 2598 usque
864 2498 1080 2600 quomodo
1107 2507 1283 2601 possunt
1309 2521 1411 2576 seon

338 2638 384 2692 re
413 2617 642 2714 attingere,
670 2625 712 2694 et
738 2642 817 2720 per
843 2641 959 2694 mara
986 2619 1086 2696 dare
1113 2619 1302 2695 similiter
1328 2641 1425 2717 gen·

337 2743 414 2819 les,
443 2735 565 2813 dante
607 2737 685 2813 sibi
725 2737 862 2815 ducali
905 2739 1193 2818 dominatione
1228 2740 1279 2816 ad
1307 2759 1424 2842 prae·

336 2857 449 2936 diota
475 2858 636 2958 navigia
666 2867 922 2962 opportuna,
951 2871 992 2939 et
1020 2887 1097 2964 pro
1126 2862 1264 2938 eundo
1295 2869 1338 2938 el·
1364 2883 1425 2936 re·

336 2975 518 3068 deundo;
543 2986 585 3056 et
613 3003 636 3056 e
666 3003 889 3072 converso,
917 2981 951 3058 si
979 2981 1149 3059 domino
1178 2979 1425 3084 imperatori

336 3097 450 3177 loret
491 3121 599 3200 opus
637 3121 717 3200 pro
748 3099 965 3188 exercitu,
1001 3102 1068 3178 vel
1105 3121 1269 3199 fflrerra,
1298 3121 1423 3202 quam

337 3218 497 3296 laceret
524 3217 565 3292 in
592 3219 677 3296 suis
703 3220 917 3322 partibus,
960 3223 1073 3322 qnod
1109 3220 1268 3298 ducalis
1295 3217 1424 3296 domi·

334 3335 446 3414 natio
474 3334 553 3413 sibi
582 3344 775 3416 teneatur
802 3340 903 3416 dare
931 3345 1078 3438 gentes
1105 3348 1149 3418 et
1170 3337 1331 3437 navigia
1345 3360 1425 3441 per

336 3480 463 3536 mare.
1123 3479 1146 3496 “

434 3619 470 3692 6.
498 3613 604 3692 item
629 3639 724 3692 oum
751 3617 945 3694 dominus
972 3617 1207 3720 imperator
1232 3636 1310 3718 per
1337 3637 1424 3713 gra·

319 3735 432 3814 tisun
459 3735 541 3826 dei,
568 3734 840 3835 acquisiverit
868 3745 912 3814 et
937 3735 1223 3836 subjugaverit
1249 3734 1423 3812 decem

333 3847 537 3958 partes
564 3853 880 3934 Romanius
909 3857 1153 3960 imperii
1191 3853 1423 3935 Constanti·

295 4071 300 4094 ι
334 3975 592 4078 nopolilani,
632 3985 804 4079 praeter
846 3979 1057 4058 civitatem
1088 3976 1422 4061 Constanti·

333 4095 605 4198 nonalis,
655 4121 779 4198 quam
822 4119 1069 4202 expugnare
1110 4105 1152 4176 el
1193 4099 1421 4196 subjugare

332 4219 490 4320 nequis
517 4220 631 4320 quod
653 4220 820 4321 placeat
847 4221 987 4300 ducali
1001 4217 1274 4298 dominationi
1301 4239 1421 4321 prae·
