3236 5108
240 577 368 660 minio
399 575 763 668 commorantium,
780 573 1058 654 effectualiter
1076 572 1330 652 demonstra·
1384 671 1387 680 Ι
1469 659 1472 668 .

238 702 307 778 vit.
360 695 480 780 Adeo
512 697 624 801 quod
652 697 731 774 sub
761 693 894 774 felicis
923 694 1154 772 memoriae
1181 691 1329 771 illustri

240 817 409 898 domino
464 817 686 896 Laurentio
744 813 855 894 Celsi
896 814 1167 892 venetiarum
1207 813 1329 898 duce.

239 939 551 1041 predecessore
576 935 793 1026 uosiro‚ln
811 951 989 1013 numero
1019 932 1330 1014 honorabilium

240 1059 392 1135 civium
434 1065 677 1138 nostrorum
719 1057 827 1134 intus
868 1061 909 1132 et
938 1063 1068 1142 extra,
1109 1071 1202 1132 cum
1244 1052 1329 1130 suls

236 1173 463 1256 heredibus
489 1175 726 1282 promeruit
754 1172 988 1274 aggregari,
1016 1171 1178 1275 sibique
1205 1174 1328 1275 priri-

238 1295 392 1396 leglum
421 1295 630 1377 civilitatis
656 1295 950 1382 Venellorum,
978 1293 1088 1370 bulla
1116 1292 1243 1396 ipsius
1258 1291 1328 1371 do·

237 1415 335 1494 mini
362 1421 481 1498 ducis
518 1430 717 1518 argentee
754 1417 1067 1508 communitum,
1109 1413 1248 1494 extitit
1275 1414 1328 1491 de
1406 1481 1412 1496 ,

236 1537 327 1615 solu
341 1533 470 1642 ipsius
485 1537 657 1618 dominii
681 1537 965 1616 munificentia
981 1527 1208 1636 gratiosius
1225 1535 1325 1614 elar⁴

234 1659 378 1758 guum,
406 1669 532 1763 prout
559 1657 730 1738 inlibris
760 1659 1035 1738 canceilariae
1063 1663 1234 1734 uosirae
1262 1679 1325 1732 re·

234 1781 396 1884 peritur
448 1777 682 1861 distinctius
723 1789 977 1861 annulatum.
1030 1779 1147 1858 Nunc
1187 1781 1324 1856 aulem

232 1900 593 2002 magnificus
621 1899 871 1982 dominus
900 1899 1163 2001 Georgius
1191 1897 1324 1978 ltro·-

231 2019 747 2110 zimiri,dorninus
776 2021 984 2100 Zeniee
1013 2021 1148 2099 eluet.
1177 2017 1325 2096 iilius

235 2139 478 2220 cundum
506 2141 731 2220 domini
767 2141 1113 2222 strezimiri
1141 2139 1324 2229 antefati,

231 2254 334 2339 lecit
359 2263 483 2340 nobis
511 2285 734 2365 persuum
776 2268 1101 2366 procuratorem
1142 2257 1322 2338 devotis·

230 2381 335 2460 sime
362 2379 615 2485 supplicari,
643 2393 688 2462 ui
715 2407 793 2489 pro
823 2383 998 2488 speciali
1027 2382 1320 2462 consolatione

231 2499 468 2582 ethonore
496 2531 587 2596 suo,
608 2504 742 2584 simile
760 2505 1044 2619 privilegium,
1071 2509 1197 2605 prout
1225 2525 1321 2582 con·

230 2619 324 2699 dam
352 2621 466 2703 dicto
490 2621 587 2704 'eius
614 2627 722 2729 putri
751 2623 888 2703 datum
919 2625 1080 2709 extitit,
1108 2623 1149 2702 in
1178 2647 1319 2727 perso·

227 2765 322 2820 uum
363 2739 494 2847 ipsius
524 2745 681 2823 domini
723 2747 894 2845 Georgii
924 2743 1198 2826 etheredum
1226 2733 1320 2822 suo·

228 2884 320 2942 rum
338 2865 583 2946 concedere
612 2852 894 2968 dignaremur.
919 2869 1001 2946 Nos
1017 2873 1153 2946 eutem
1170 2865 1319 2944 amics·
1362 2862 1366 2872 ’
1470 2951 1479 2974 ι

229 2983 301 3062 biii
328 2985 596 3088 requisitioni
624 3009 724 3068 suue
754 3013 938 3068 annuere
956 2989 1185 3094 cupientes,
1200 2999 1317 3089 pree·

225 3103 371 3179 sertim
400 3103 596 3183 laudabili
625 3107 715 3184 eius
743 3108 1022 3214 dispositione
1051 3131 1153 3208 erga
1189 3105 1318 3214 domi·

116 3227 119 3244 ‘
226 3219 337 3300 nium
365 3233 556 3304 nostrum
586 3225 803 3331 inspecta,
833 3231 1042 3332 eliamque
1082 3223 1316 3331 supplicati·

225 3361 351 3420 onem
379 3365 494 3423 suum
523 3346 670 3426 iustum
700 3370 792 3426 esse
822 3349 1130 3435 conoeruimus,
1159 3347 1315 3424 dictum

224 3461 487 3567 privilegium
516 3465 644 3547 scribi
673 3451 953 3550 mundavimus
971 3481 1013 3549 ei
1033 3469 1218 3548 eiusdem
1234 3483 1313 3543 am·
1352 3518 1354 3532 .

224 3579 433 3664 bsxlutori
461 3589 695 3666 solenniter
722 3592 929 3684 exhiberi,
946 3591 986 3668 in
1008 3593 1140 3669 formu
1170 3593 1312 3670 subse·

226 3709 388 3804 quenti3
415 3705 639 3790 videlicet:

322 3929 458 4010 Tanto
487 3933 705 4036 benignius
735 3941 891 4018 duculis
920 3943 1185 4044 providentie
1213 3957 1311 4020 cou-

222 4053 357 4129 suevit
384 4071 589 4158 personus
618 4057 893 4139 honorabiles
933 4061 1011 4140 sibi
1053 4063 1225 4144 deuotus
1267 4071 1340 4141 et'

222 4169 369 4252 ildeies
422 4174 660 4259 honoribus
715 4187 969 4286 prevenire,
1038 4189 1341 4291 ipsarumque„

220 4293 344 4372 iidem
383 4306 424 4376 et
453 4299 746 4392 devotionem,
789 4303 924 4404 dignis
962 4306 1308 4389 retributionibus
