3236 5108
22 499 24 588 i
139 552 227 630 tem
257 573 352 630 eum
380 557 592 640 tenemus,
637 555 751 630 stent
777 552 817 632 in
847 551 1042 636 dominiis
1069 559 1112 632 et
1138 555 1244 658 regi·

141 673 332 750 minibus
357 671 471 768 suis,
500 679 544 751 et
571 673 712 772 potius
754 675 999 775 possideant
1026 683 1067 756 et
1095 672 1243 776 guber·

141 801 244 873 nent
272 793 367 872 tocn
393 817 494 876 sue.
535 797 667 894 quent
697 817 792 878 nost
822 803 865 874 et
892 803 1125 899 propterea
1165 821 1249 876 nos·

22 935 24 1030 ζ
141 914 425 1022 regratiamur
452 911 552 990 setis
592 911 930 1012 magnificentiae
957 939 1057 996 sune
1088 916 1141 994 de
1169 914 1241 994 bo·

140 1057 194 1110 nn
236 1055 310 1111 sus
350 1032 582 1112 intentione
626 1039 668 1110 et
703 1033 1010 1129 dispositione;
1054 1037 1242 1136 rogando

22 1251 24 1270 ᾖ
141 1175 237 1230 enm
265 1155 483 1248 instanter,
511 1153 625 1256 qnod
651 1155 818 1256 placent
846 1177 997 1254 regere
1027 1164 1070 1233 et
1096 1155 1242 1253 guber·

22 1271 23 1274 ‘
139 1296 244 1352 nure
272 1279 407 1352 cestra
448 1299 550 1366 xsuo,
593 1275 703 1354 sicut
742 1274 961 1378 hucusque
991 1275 1101 1360 fecit,
1134 1276 1238 1354 etsi

22 1447 24 1456 .
139 1403 323 1498 propter
348 1395 434 1475 hoc
473 1395 615 1474 forent
641 1395 721 1474 sibi
765 1397 996 1476 necessarii
1024 1399 1076 1476 de
1105 1397 1237 1476 battis·

22 1581 23 1592 i
141 1515 260 1592 teriis
287 1517 458 1603 nostris,
486 1539 563 1594 nos
595 1540 740 1593 sumus
783 1518 968 1595 contenti
999 1517 1129 1596 etsie
1158 1516 1239 1594 sibi

22 1733 23 1740 Ν
142 1635 386 1729 oderimus,
414 1636 528 1740 quod
555 1660 633 1740 pro
661 1659 737 1719 erun
777 1639 958 1738 pecunie
999 1639 1133 1742 possit
1158 1637 1238 1717 sot-

141 1755 230 1834 deri
260 1763 302 1834 et
330 1759 528 1858 accipere
557 1756 609 1835 de
629 1757 769 1836 ‘terris
807 1759 993 1843 nostris,
1023 1757 1246 1860 usquead
1318 1745 1323 1758 ’

141 1900 363 1954 numerum
392 1875 444 1954 de
485 1872 846 1980 vigintiquinque,
887 1903 982 1957 cum
1011 1879 1161 1980 quibus
1185 1884 1237 1956 nt·

22 2071 24 2102 p
141 1997 286 2078 tendat
313 1999 363 2078 ad
394 1998 634 2078 custodiam
664 2007 707 2078 et
732 1999 1097 2088 conservationem
1125 1999 1239 2077 loco·

142 2143 233 2196 rum
262 2141 437 2198 suornm
464 2117 775 2222 predictorum,
805 2120 903 2198 etsi
931 2117 1017 2199 hoc
1046 2127 1234 2228 accepta»

140 2241 215 2332 hit,
241 2241 457 2320 scribetur
484 2239 642 2320 nostris
669 2239 926 2332 rectoribus,
952 2241 1067 2344 ¹quod
1083 2242 1144 2320 sic
1168 2241 1234 2316 de-

140 2355 267 2436 beant
295 2359 538 2442 observare.

245 2533 540 2614 Adtertiurn
568 2540 731 2637 partem
747 2532 799 2611 de
815 2533 961 2612 tecto
992 2533 1240 2616 Constare

140 2655 264 2744 tini,
303 2654 587 2734 continentem
632 2655 763 2756 quod‘
786 2654 878 2758 ipse
910 2662 977 2734 est
1016 2654 1241 2759 dispositos

140 2775 305 2853 munire
344 2777 527 2879 quinque
557 2777 625 2853 vel
656 2799 732 2853 sex
760 2776 813 2853 de
856 2773 963 2854 locis
1003 2777 1089 2852 suis
1130 2775 1239 2856 bene

141 2905 183 2974 et
210 2893 472 2974 sufficienter
485 2897 538 2973 de
568 2893 764 2974 omnibus
790 2916 871 2997 pro
901 2900 1080 2996 quutvor
1108 2893 1238 2989 annis,

24 3067 26 3110 ς
142 3021 185 3091 et
211 3018 422 3094 recedere
465 3039 514 3095 ec
548 3041 595 3094 se
637 3013 848 3093 reducere
877 3015 928 3092 ed
969 3011 1235 3094 habitantum

81 3241 86 3250 ι
144 3133 1237 3240 inNigroponteveiinCorfoycumuxo·

25 3273 26 3276 ‘
147 3279 207 3345 re,
234 3255 386 3334 familia
414 3264 456 3334 et
484 3258 613 3334 rebus
644 3258 752 3343 suis,
785 3265 827 3334 et
855 3255 970 3359 quod
1009 3265 1236 3360 propterea

26 3471 27 3480 Ν
144 3377 267 3455 nobis
296 3377 463 3480 placent
489 3379 576 3456 hoe
603 3375 684 3454 sibi
712 3377 953 3456 concedere
981 3385 1024 3455 et
1052 3383 1133 3457 cet.
1224 3411 1225 3419 Ν

248 3567 581 3672 Respondentur:
608 3570 724 3671 quod
751 3569 793 3646 in
819 3563 886 3644 his
915 3590 1022 3668 quse
1059 3565 1237 3647 honeste

26 3683 28 3712 '
146 3696 189 3766 et
214 3687 411 3768 hebiliter
436 3711 675 3792 possemus,
705 3688 1069 3791 complaceremus
1108 3685 1237 3764 liben-

144 3815 210 3888 ter
250 3809 365 3889 dicto
409 3809 645 3888 domino
690 3805 1119 3896 Constantino,
1161 3807 1236 3887 sed

27 3929 28 3972 ³
142 3951 220 4008 nos
247 3954 333 4009 non
361 3929 551 4008 videmus
579 3931 689 4008 bene
718 3923 910 4016 modum,
943 3926 1058 4028 quod
1085 3923 1127 4005 in
1156 3923 1237 4004 iilis
1362 4022 1366 4032 β

144 4051 252 4131 iocis
278 4051 388 4130 istud
428 4050 570 4130 iecere
610 4071 859 4152 possemus,
899 4043 1166 4124 nihilominus
1201 4047 1235 4124 si

28 4261 29 4276 p
139 4172 336 4274 placeret
360 4167 440 4250 sibi
466 4197 512 4250 se
541 4171 750 4250 reducere
792 4165 843 4245 ad
887 4164 1096 4244 civitatem
1137 4190 1231 4243 nos·

28 4277 30 4350 '¹
141 4302 246 4372 trem
272 4291 673 4382 venetiarum,
701 4288 786 4368 hoc
812 4287 914 4366 setis
940 4285 1134 4392 placeret
1161 4309 1233 4364 no·
