3192 5112
346 370 410 437 iffi

344 578 457 658 vadit
484 601 601 681 pars:
639 577 753 681 quod
779 579 992 656 scribatur
1031 579 1220 683 praelato
1261 578 1435 658 domino

347 699 454 782 bano
484 725 613 803 super
641 701 735 788 boc,
753 723 849 780 cum
877 700 955 780 illis
984 698 1329 782 convenientibus
1348 723 1436 776 ver·

345 821 420 912 bie,
437 847 543 924 quae
570 821 822 900 videbuntur
850 849 927 925 pro
957 823 1070 902 bono
1101 824 1212 902 facti.
1241 819 1434 902 Scriben-

344 943 398 1021 do
427 949 469 1018 et
499 943 632 1020 eidem
649 944 793 1022 comiti
820 944 886 1020 lu
903 969 926 1020 a
941 970 966 1020 n
983 971 1008 1020 n
1025 969 1065 1036 o,
1094 943 1330 1044 agravando
1358 965 1434 1018 nos

348 1065 400 1142 de
436 1063 674 1162 hujusmodi
716 1063 960 1143 excessibus
999 1072 1043 1142 et
1077 1063 1282 1152 dicendo,
1322 1063 1435 1164 quod

344 1183 422 1262 nisi
450 1183 589 1268 debita
617 1183 846 1262 satisfactio
883 1185 1005 1264 lieret
1031 1193 1074 1262 et
1101 1183 1337 1282 hujusmodi
1365 1185 1434 1262 de·

343 1302 587 1384 robationes
615 1330 700 1383 non
731 1311 958 1392 cessarent,
986 1304 1297 1406 providebimus
1324 1303 1434 1382 inde·

343 1427 502 1504 mnitati
530 1431 771 1503 nostrorum
800 1425 981 1503 fidelium
998 1427 1037 1503 in
1054 1424 1176 1502 bonis
1204 1423 1301 1510 suis,
1329 1447 1435 1525 quae

344 1547 386 1624 in
427 1547 512 1626 hoc
556 1570 675 1634 casu,
719 1547 828 1628 sicut
867 1547 1019 1634 scitur,
1059 1552 1156 1622 sunt
1192 1543 1436 1647 specialiter

345 1667 540 1768 obligata.
772 1677 777 1685 '

422 1788 497 1902 ,nt
536 1788 707 1893 insuper
748 1788 957 1868 scribatur
997 1787 1223 1866 comitibus
1261 1781 1433 1890 spaloti,

344 1909 530 1990 {iberici
568 1917 611 1988 ct
643 1912 838 2011 'Pragurii
879 1911 931 1990 de
973 1911 1037 1990 his
1079 1905 1435 1998 decubationibus,

343 2057 451 2135 quae
479 2033 665 2134 quotidie
694 2035 991 2124 comittuntur,
1019 2041 1061 2111 et
1089 2033 1203 2134 quod
1232 2029 1435 2107 intellexi·
1473 2051 1476 2058 ·

344 2178 446 2242 mus,
462 2152 574 2255 quod
602 2152 877 2233 derobatores
891 2179 938 2232 se
955 2155 1207 2256 quandoque
1228 2149 1435 2230 reducunt

343 2297 437 2352 cum
478 2271 590 2351 rebis
618 2271 846 2360 derobatis,
874 2281 917 2352 et
943 2279 1113 2350 utuntur
1140 2271 1192 2348 de
1220 2293 1299 2346 una
1339 2269 1432 2346 civi·

343 2397 429 2470 late
458 2395 508 2470 ad
537 2393 683 2484 aliam,
725 2393 838 2495 quod
880 2393 1145 2471 inhonestum
1192 2393 1433 2490 reputamus

342 2520 385 2591 et
424 2537 565 2614 grave.
622 2511 726 2594 Cum
761 2540 907 2594 omnes
948 2520 1117 2592 nostrae
1160 2511 1350 2590 civitates
1391 2517 1434 2588 et

341 2633 494 2711 subditi
522 2634 694 2732 intelligi
724 2634 903 2712 debeant
929 2659 1052 2712 arnum
1084 2655 1253 2732 corpus,
1284 2635 1326 2707 et
1352 2651 1433 2705 mu·

339 2751 452 2828 xime
480 2757 527 2830 ut
553 2753 731 2854 pacifice
771 2755 922 2833 vivant
939 2759 981 2832 et
1008 2749 1308 2832 derobationes
1344 2771 1432 2825 ces·

340 2877 444 2953 seut.
478 2873 530 2951 lit
557 2873 653 2952 ideo
685 2899 778 2956 cum
808 2877 909 2953 alias
938 2877 1047 2953 lacta
1075 2869 1202 2948 fuerit
1228 2868 1432 2973 quaedam

341 2997 438 3073 unio
468 2997 579 3086 inter
605 2993 736 3102 dictas
765 2996 967 3084 civitates,
994 3020 1074 3099 pro
1105 2991 1431 3072 conservatione

341 3139 497 3200 earum,
527 3120 710 3190 ortamus
740 3139 816 3191 eos
845 3121 888 3192 et
915 3116 993 3193 sibi
1021 3116 1282 3202 mandamus,
1317 3109 1429 3211 quod

340 3235 488 3312 dictam
530 3235 728 3311 unionem
770 3234 954 3314 debeant
995 3233 1225 3312 observare
1275 3231 1429 3315 taliter,

219 3421 221 3426 .
340 3355 451 3457 quod
478 3353 714 3454 hujusmodi
754 3353 1050 3434 derobationes
1093 3357 1270 3433 cessent.
1315 3351 1368 3428 Et
1394 3349 1429 3428 si

338 3473 447 3550 forte
475 3473 515 3551 in
545 3478 676 3552 totum
693 3473 911 3552 observari
934 3501 1017 3552 non
1033 3479 1219 3578 possent,
1247 3479 1317 3550 aut
1344 3495 1429 3548 non

339 3595 609 3686 sufficerent,
650 3595 891 3697 specialiter
926 3621 1006 3698 pro
1043 3594 1270 3672 evitatione
1309 3615 1429 3696 prae·

339 3715 573 3812 dictorum,
603 3715 785 3793 debeant
811 3739 956 3794 omnes
984 3721 1070 3793 tres
1098 3713 1278 3794 comites
1305 3711 1430 3790 simul
1468 3795 1472 3802 ,

340 3839 568 3918 convenire
597 3841 641 3912 et
668 3836 907 3914 examinare
948 3837 1144 3922 modum,
1186 3835 1258 3937 qui
1286 3836 1346 3912 eis
1374 3835 1429 3912 vi-

339 3961 513 4036 deretur
552 3957 683 4044 utilis,
713 3981 791 4061 pro
835 3959 1070 4036 cessatione
1112 3965 1155 4036 et
1194 3955 1429 4033 remotione

338 4077 656 4158 derobationum
693 4087 733 4155 ct
774 4085 882 4156 statu
925 4077 1144 4178 tranquillo
1186 4084 1429 4154 nostrorum

339 4197 536 4287 fidelium;
563 4206 606 4275 et
631 4196 750 4273 nobis
778 4197 1026 4284 rescribant,
1056 4203 1101 4274 ut
1127 4221 1206 4302 per
1233 4219 1308 4272 nos
1336 4195 1429 4274 fieri
