3186 5112
284 593 403 672 lirma
432 597 522 674 rata
537 599 654 694 grata
683 593 842 675 habere
870 606 1033 696 tenere,
1062 613 1104 679 et
1117 625 1200 680 non
1218 609 1380 682 contra·

287 715 431 794 lacere
470 716 537 793 vel
576 718 749 810 venire,
789 719 912 798 dietis
951 721 1191 800 nominibus
1228 747 1308 827 per
1334 719 1395 800 se‘

286 837 354 913 vel
383 837 506 914 alium
535 839 672 940 aliqua
714 843 878 920 ratione
906 844 972 919 vel
1003 867 1157 930 causa,
1198 843 1382 943 dejure,

257 957 353 1054 ,rel
382 959 434 1035 de
451 957 578 1047 lacto,
605 962 683 1036 sub
713 985 820 1063 pena
849 961 964 1064 dupli
992 965 1148 1043 valoris
1164 966 1264 1044 dicti
1293 991 1382 1045 cas·

286 1081 364 1171 tri,
392 1103 473 1179 qua
501 1101 609 1179 pena
637 1079 771 1160 soluta
798 1084 865 1158 vel
893 1107 989 1170 non,
1018 1083 1137 1164 firma
1166 1090 1208 1162 et
1222 1087 1378 1164 incont-

288 1196 502 1276 mutabilia
530 1209 776 1280 remaneant
804 1203 943 1281 omnia
971 1211 1013 1281 et
1041 1206 1202 1305 singula
1242 1227 1380 1307 supra·

285 1317 467 1420 scripta,
496 1329 538 1396 et
563 1319 842 1425 infrascripta.
897 1321 980 1400 Pro
1010 1325 1160 1425 quibus
1188 1322 1379 1402 omnibus

286 1445 330 1516 et
355 1439 528 1536 singulis
558 1439 732 1518 firmiter
759 1442 1043 1532 attendendis,
1082 1454 1125 1524 et
1153 1446 1374 1524 observan·

286 1559 371 1648 dis,
409 1561 532 1640 dictis
559 1561 793 1639 nominibus
822 1563 1023 1664 obligavit
1049 1565 1257 1645 dictorum
1286 1573 1377 1668 ejus
1432 1660 1436 1668 .
1509 1661 1513 1672 Ι

289 1682 630 1762 constituentium
660 1687 797 1763 omnia
827 1687 938 1764 bona
965 1683 1147 1778 mobilia,
1176 1691 1375 1767 stimmo·

287 1802 399 1888 bilia,
428 1807 580 1882 ettam
608 1803 749 1883 habita
772 1829 895 1906 quam
923 1804 1134 1884 habenda.
1161 1805 1266 1884 ltem
1295 1807 1377 1883 dic·

287 1929 352 2000 tus
378 1931 638 2026 procurator
664 1923 785 2004 dietis
813 1926 1054 2006 nominibus
1081 1949 1274 2006 excausa
1303 1927 1373 2004 do·

236 2123 238 2128 ,
289 2045 470 2124 nationis
497 2069 603 2148 pure
630 2046 876 2149 simpliciter
904 2054 946 2125 et
974 2047 1242 2126 irevocabilis
1268 2049 1378 2126 inter

286 2169 418 2260 vivos,
447 2167 572 2256 dedit,
588 2169 716 2247 cessit
742 2171 951 2249 transtulit
977 2175 1019 2246 et
1036 2171 1257 2258 mandavit,
1283 2195 1375 2274 pre·

287 2286 380 2367 fatis
421 2287 600 2364 dominis
641 2287 881 2368 rectoribus
906 2287 1063 2378 Jadre,
1101 2312 1180 2391 pro
1222 2292 1375 2368 eodem

287 2406 424 2485 ducali
451 2406 639 2487 domimo
667 2409 939 2488 venetiarum
968 2407 1290 2510 recipientibus,
1330 2419 1376 2486 ut

287 2553 418 2635 super
459 2531 596 2610 omnia
631 2535 727 2631 jura
756 2541 798 2610 et
827 2555 973 2610 omnes
1013 2531 1202 2610 actiones
1238 2529 1373 2610 reales

288 2660 330 2725 et
364 2650 611 2752 personales
653 2651 775 2727 uliles
804 2657 845 2728 et
881 2650 1088 2740 directas,
1130 2674 1233 2752 quas
1274 2651 1373 2728 dicti

286 2769 349 2871 sui
377 2771 681 2851 constituentes
720 2770 878 2852 habent
903 2795 978 2849 seu
1014 2793 1192 2871 unquam
1220 2767 1374 2848 babue-

286 2890 369 2967 rint
383 2889 423 2967 in
440 2891 606 2970 civitate
630 2899 673 2969 et
686 2893 877 2972 districtu
893 2893 1149 2979 Scardonae,
1165 2915 1260 2969 eum
1289 2913 1371 2968 om·

287 3010 406 3087 nibus
435 3015 520 3090 suis
540 3015 718 3114 juribus,
746 3023 789 3094 et
815 3015 1090 3118 pertinentiis,
1118 3011 1373 3100 ediscentiis,

193 3135 197 3144 '
287 3129 543 3219 redditibus,
584 3133 832 3229 bonoribus,
859 3141 903 3212 el
930 3133 1235 3221 emolumentis,
1263 3139 1306 3208 et
1332 3132 1371 3206 in

286 3253 504 3345 omnibus,
530 3279 612 3356 que
640 3257 752 3334 dicte
780 3264 896 3334 terre
925 3255 1143 3334 Scardone
1168 3257 1371 3356 spectant,

286 3381 538 3476 spectarent,
551 3399 632 3455 seu«
655 3383 920 3480 spectassent
946 3377 1072 3456 modo
1101 3397 1371 3478 quocunque,

288 3495 403 3576 dicto
430 3475 699 3594 procuratori
728 3497 847 3576 dictis
876 3497 1113 3574 nominibus
1140 3493 1277 3573 dictos
1305 3519 1372 3572 co·

288 3619 442 3708 mitem,
471 3627 514 3696 et
541 3621 806 3723 capitaneum
836 3625 1028 3696 rectores
1057 3613 1371 3718 predictosdic·

288 3747 333 3817 to
361 3739 554 3830 nomine,
581 3749 787 3843 ponentes
815 3741 856 3818 in
885 3739 1026 3816 locum
1053 3759 1173 3812 suum
1201 3732 1372 3812 nomini·

288 3859 364 3935 bus
378 3857 599 3939 antedictis
636 3859 696 3939 lta
711 3863 826 3963 quod
842 3859 994 3942 amodo
1009 3859 1050 3936 in
1066 3864 1201 3943 antea,
1215 3855 1373 3934 dictum

288 3979 438 4059 ducale
465 3979 692 4060 dominium
713 3979 1015 4085 possitdictam
1030 3977 1241 4057 civitatem
1255 3971 1375 4054 Scar-

287 4101 439 4187 donae,
455 4102 652 4181 etomnia
679 4102 758 4179 sibi
785 4100 1039 4205 pertinentia
1068 4105 1216 4177 tenere
1242 4094 1371 4173 domi·

289 4221 379 4301 nari
404 4243 483 4326 pro
502 4219 621 4302 libito
647 4223 884 4321 voluntatis,
915 4229 958 4300 et
984 4217 1218 4324 possidere,
1247 4216 1374 4296 salvis

271 4333 406 4424 'dicto
433 4343 604 4423 domino
635 4343 813 4445 Symoni
839 4342 972 4442 militi,
1003 4349 1045 4420 et
1067 4337 1255 4418 Gabrisli
1276 4335 1376 4436 juri-
