3186 5112
1 695 2 702 a
117 645 150 670 ··
183 607 330 709 tanea,
369 647 478 724 quae
504 629 568 700 est
594 646 721 726 supra
764 621 803 698 li
841 623 1124 711 Mirohoe,
1152 627 1194 702 et
1222 623 1276 700 ita

183 767 350 820 sursum
380 746 420 822 in
449 751 674 824 montanea
703 751 951 822 sanotae
979 744 1276 823 Taoumiae

185 887 332 942 versus
360 865 560 953 tecum,
587 871 630 942 et
657 867 713 942 ita
740 889 822 968 per
849 865 1134 944 summitatem
1163 889 1275 942 mon·

186 987 307 1058 tuneo
334 982 385 1057 ad
411 981 709 1070 Sohaiam,
737 991 780 1060 et
805 983 863 1060 ita
890 1007 969 1084 per
994 983 1273 1061 summitatem

187 1109 441 1180 montaneae
478 1127 611 1204 usque
641 1104 691 1179 ad
720 1102 994 1180 summitatem
1025 1111 1273 1182 montaneae
1313 1131 1323 1150 ‘

182 1217 241 1297 de
273 1219 503 1298 Suterm
522 1246 598 1306 an,
628 1229 670 1300 et
697 1220 747 1296 ab
777 1221 847 1298 itta
874 1230 993 1324 parte
1021 1231 1272 1302 montaneae
1404 1255 1413 1270 ·

185 1343 234 1418 ad
265 1343 470 1441 quandam
499 1341 720 1430 arborem,
742 1371 743 1376 ι
762 1366 868 1442 quae
895 1350 1077 1420 vocatur
1105 1343 1147 1420 M
1163 1368 1186 1419 e
1203 1351 1272 1436 tu·-

183 1459 338 1555 duen,
374 1483 522 1536 versus
548 1460 689 1536 viliam
717 1460 769 1536 de
798 1461 837 1536 ii
869 1459 1121 1562 tihiruei,
1151 1461 1273 1538 etita

185 1577 226 1654 in
256 1579 492 1670 summitate
520 1588 770 1658 montaneae
797 1579 846 1656 di
877 1581 924 1657 la
952 1578 1115 1658 Usuta
1142 1605 1274 1681 usque

183 1698 196 1775 i
223 1695 563 1788 Pastronieh,
582 1697 645 1776 'et
671 1699 727 1778 ita
755 1699 862 1774 intra
890 1723 1025 1800 usque
1054 1699 1104 1774 ad
1132 1699 1271 1776 viliam

189 1817 252 1892 de
282 1818 317 1894 li
343 1816 538 1906 Susam,
567 1843 675 1921 quoe
703 1829 766 1896 est
792 1827 1037 1897 sanotae
1067 1819 1271 1894 Mariae

184 1939 251 2016 de
280 1935 533 2038 Roteoo,
572 1938 679 2016 infra
706 1963 854 2019 versus
882 1939 1092 2018 marinam.
1131 1937 1184 2016 Et
1211 1963 1273 2016 re·

185 2063 352 2136 maneat
376 2058 570 2137 similiter
597 2069 742 2139 saneta
770 2060 939 2136 Maria
976 2061 1037 2136 de
1066 2058 1270 2159 Rotepo

186 2181 402 2258 eumenis
427 2179 657 2259 confinibus
683 2181 788 2258 villis
807 2185 850 2258 et
866 2180 1105 2258 hominibus
1133 2187 1175 2258 et
1201 2182 1269 2256 do·

184 2298 335 2387 minius
372 2308 415 2376 et
441 2299 634 2378 similiter
661 2309 877 2380 remaneat
903 2305 1052 2382 nostro
1083 2299 1270 2378 dominio

185 2421 282 2498 vilia
311 2420 376 2498 de
408 2423 449 2499 ii
478 2420 705 2508 Seston,
732 2422 1005 2522 intelligendo
1035 2421 1148 2522 quod
1175 2445 1271 2498 ser

186 2541 448 2620 Marinus
475 2542 535 2620 de
562 2541 680 2622 Elia
705 2542 919 2644 possideat
947 2540 1159 2619 territoria
1186 2565 1271 2630 sua,

185 2685 292 2762 quae
319 2659 447 2742 hebet
466 2664 514 2740 in
557 2665 588 2742 P
605 2689 670 2742 ro
685 2689 711 2766 p
729 2691 751 2744 a
767 2675 795 2741 t.
835 2663 990 2762 Quibus
1018 2662 1081 2740 sie
1107 2661 1270 2744 habitis.

184 2782 348 2883 possint
388 2783 489 2862 dicti
529 2777 665 2864 nostri
713 2787 797 2864 duo
837 2785 1090 2888 promittere
1133 2783 1268 2860 dictae

184 2903 703 2985 dominaelilenae
736 2905 1027 2982 etBaisae
1055 2905 1143 2984 eius
1170 2904 1269 2989 filia,

182 3021 445 3104 Buduem
485 3049 580 3100 cum
621 3025 812 3102 omnibus
852 3025 938 3102 suis
979 3021 1187 3101 habentiis
1229 3030 1270 3098 et

185 3144 477 3244 pertinentiis,
504 3137 631 3248 prout
658 3143 898 3225 continetur
924 3145 1148 3247 superius,
1186 3165 1269 3220 non
1390 3207 1391 3210 a
1526 3143 1528 3148 ’

183 3263 322 3344 dando
350 3264 431 3342 sihi
460 3267 637 3367 utiquam
680 3269 949 3368 quantitatem
986 3267 1267 3342 denariorum.

501 3403 606 3468 Seer
630 3405 741 3472 Gaas.
764 3410 892 3496 Rogat
918 3401 988 3470 Lib
1012 3401 1074 3467 lv,
1096 3403 1151 3467 oh.
1175 3403 1226 3467 60.

236 3489 418 3673 conl.
447 3592 569 3674 loos
589 3593 700 3674 lad
730 3594 802 3674 ιιι
831 3601 893 3674 ιι.
921 3594 1207 3674 tannarii.

243 3755 433 3831 Oaroeopn
455 3773 638 3834 necessary
660 3759 775 3816 losasa
798 3759 886 3816 lta-or
867 3755 1042 3831 rpiorrme
1003 3757 1192 3812 suasuros

611 3877 837 3936 npeasoueus.
983 3919 985 3924 ,

284 3991 438 4092 Capta:
494 3993 616 4092 Quod
645 3995 953 4095 respondeatur
980 3993 1077 4069 huic
1106 3989 1266 4067 oratori

179 4111 387 4228 magniflui
416 4114 636 4192 domini
662 4115 956 4192 iohannis
985 4109 1264 4192 Castrioti,

180 4234 251 4335 qui
279 4233 330 4314 ad
358 4245 631 4341 conspectum
659 4237 792 4316 nostri
827 4236 1000 4314 dominii
1031 4233 1264 4335 comparuit

180 4381 274 4432 oum
309 4359 435 4433 certis
463 4357 805 4460 requisitionibus
834 4361 956 4458 atque
988 4355 1192 4458 capitulis.
1247 4385 1257 4402 ’
