3230 5104
351 623 549 723 DXIV·
581 619 698 721 m'ta-
733 649 781 720 15
809 643 906 720 lan
925 645 984 722 na
1001 668 1021 718 r
1040 645 1050 722 i
1068 645 1090 721 i.

170 837 354 914 Oaronopa
378 855 615 908 nocuasnuuns
652 857 798 914 crepuere
823 857 971 898 coerora
996 842 1107 898 Canae
1133 841 1270 914 Baarna,

170 955 231 996 uon
258 941 383 1014 nauehy
406 956 576 1022 ocnaaoro
602 959 717 999 sanato
740 959 778 1010 aa
803 959 842 999 oe
872 959 1022 1018 sapuero
1056 945 1188 1000 Baarso
1212 959 1273 998 ute·
1358 1013 1362 1022 ,

346 1061 385 1100 nn
411 1063 448 1100 ra
474 1062 698 1116 cnsoanuouu
722 1062 821 1121 npaaa
848 1047 1088 1122 spepsnuanaa.

272 1175 391 1272 Quod
421 1178 614 1280 capitulis
645 1185 796 1258 nostro
839 1178 1026 1258 dominio
1076 1174 1273 1254 exhibitis

171 1317 249 1394 per
282 1297 786 1377 oratoresitiustris
827 1300 998 1377 ducis
1041 1297 1271 1377 Viatici

168 1413 380 1492 Sancti
411 1417 588 1504 Save,
617 1418 781 1520 primo
810 1441 991 1519 quorum
1021 1423 1170 1496 nostru
1200 1416 1268 1492 do·

166 1533 296 1612 minio
325 1533 535 1635 significat
565 1535 1101 1640 nuptiaseiusdem
1143 1536 1267 1614 illu·

165 1654 314 1730 stris
344 1655 647 1736 dominiin
677 1665 916 1761 neptem
954 1657 1267 1736 serenissi-

166 1776 232 1852 mi
273 1773 642 1856 neruinandt
684 1777 872 1876 regis,
916 1779 1183 1880 requirentes
1222 1782 1268 1852 ut

162 1917 242 1996 pro
272 1895 529 1976 honorandis
558 1899 638 1975 itns
667 1895 1012 2000 sponsalitiisque
1049 1904 1266 1975 oratorem

164 2025 354 2094 nostrum
382 2019 551 2096 mittere
580 2019 767 2096 vetemus
809 2026 948 2096 etcet.
989 2015 1268 2118 ,Respondea-

162 2143 230 2210 tu'r
258 2135 468 2213 eiusmodi
494 2136 851 2236 significationem
873 2136 996 2214 nobis
1023 2143 1181 2235 gratam
1197 2159 1276 2212 ex··

162 2257 320 2348 titisse,
348 2281 444 2334 cnm
474 2257 639 2336 ratione
669 2259 798 2336 mutui
827 2257 985 2354 amoris
1023 2256 1266 2336 benivolen-

161 2377 342 2478 tiamque,
372 2383 495 2480 quiam
527 2402 621 2456 cnm
648 2377 740 2480 ipso
762 2377 1038 2456 serenissimo
1069 2400 1171 2476 rege
1199 2375 1267 2453 ha-

34 2527 68 2590 j
160 2493 320 2581 bemus,
349 2497 633 2600 tum'poterni
662 2501 817 2577 amoris
845 2499 1001 2586 nostri,
1031 2523 1156 2600 quem
1194 2511 1264 2575 ex·'

161 2615 385 2698 cellentiae
413 2619 544 2720 ipsius
575 2620 753 2696 illustris
794 2619 952 2698 domini
991 2619 1197 2718 gerimus,
1218 2618 1257 2696 ei

159 2737 314 2830 gratias
341 2748 541 2836 agentes,
584 2739 699 2840 quod
742 2744 786 2813 ut
814 2737 952 2814 bonos
995 2740 1120 2815 decet
1148 2736 1262 2814 filios

159 2853 377 2936 nobiscum
405 2860 599 2956 gandium
623 2884 744 2954 suum
773 2859 1041 2962 participant.
1097 2855 1263 2936 Scribe·

159 2999 250 3052 mus
274 2977 453 3078 proinde
483 2979 646 3059 oratori
675 2986 841 3066 nostro,
871 2963 1136 3080 quem‘apud
1166 3001 1262 3052 eun·

159 3095 253 3173 dem
281 3097 599 3177 serenissimum
628 3121 772 3197 regem
798 3095 1016 3184 habemus,
1046 3095 1159 3197 quod
1181 3120 1261 3199 pro

154 3215 416 3296 honorandis
443 3215 597 3320 nuptiis
628 3219 728 3319 ipsis
756 3227 953 3320 tempore
982 3216 1259 3317 sponsalicio·

155 3357 246 3410 rnm
276 3345 424 3416 nostro
452 3339 623 3418 nomine
653 3339 858 3416 interesse
885 3337 1050 3428 debeat,
1089 3357 1260 3439 sponsa·

63 3451 67 3457 ’
157 3453 350 3533 liciorum
392 3459 579 3560 ipsorum
621 3469 663 3540 et
701 3459 813 3536 annii
850 3467 893 3538 ut
935 3459 1088 3538 dieitur
1125 3455 1260 3536 sotius

156 3577 342 3654 eiusdem
373 3575 547 3656 illustris
561 3579 723 3658 domini
738 3579 945 3658 voluntati
967 3579 1254 3660 satisfacturis.

259 3749 539 3828 Secundo
583 3777 669 3852 qno
713 3759 934 3856 exponunt
974 3753 1111 3854 ipsum
1148 3751 1259 3828 itius-

157 3877 262 3946 trem
290 3869 505 3949 dominum
534 3871 685 3949 dolere
714 3875 766 3950 de
797 3871 1141 3952 oblocutionibus
1158 3890 1258 3950 non·

156 3989 384 4077 nullorum,
400 3988 627 4069 dicentium
646 3991 782 4094 ipsum
811 3991 1016 4068 illustrem
1043 3995 1258 4071 dominum

156 4112 371 4189 abducere
399 4112 584 4188 votuisse
613 4113 976 4191 Poiizenses
1018 4111 1257 4190 adovotio·

156 4255 210 4308 ne
238 4239 395 4310 nostra.
450 4229 771 4334 Respondentur
800 4234 1008 4313 eiusmodi
1052 4230 1257 4310 oblocuti·

258 4337 411 4390 raucum
431 4337 497 4389 xv.
947 4401 948 4404 Ἴ
1002 4345 1052 4417 13
