3154 5102
369 579 466 682 quid
501 579 622 656 nobis
663 581 956 685 promitterct;
992 577 1088 657 ideo
1118 577 1358 666 mandamus
1386 579 1461 676 eia,

341 700 481 804 .quod
517 702 599 780 sint
638 699 797 804 provisi
825 706 867 778 et
894 699 1036 778 attenti
1057 699 1059 711 '
1079 700 1181 780 taies
1218 697 1388 782 obsides
1417 709 1462 780 et

218 873 221 879 ·
364 817 612 900 securitates
654 819 792 898 tirmas
829 827 871 898 et
907 819 1152 923 adplenum
1194 821 1389 926 recipere
1418 829 1462 918 et

365 938 536 1034 habere,
566 939 828 1044 procedente
856 939 1010 1017 unione
1040 963 1133 1017 cum
1162 937 1276 1018 dicto
1301 937 1461 1020 comite

365 1059 587 1160 Gregorio,
616 1059 728 1164 quod
756 1060 882 1136 simus
911 1065 953 1136 ct
981 1083 1077 1138 esse
1104 1059 1314 1162 possimus
1349 1059 1461 1140 bene

364 1180 508 1261 securi
536 1180 588 1258 de
617 1179 732 1258 omni
761 1179 838 1269 eo’,
867 1179 979 1282 quod
1021 1177 1286 1284 promitteret
1320 1179 1461 1261 dictus

367 1325 516 1382 comes
553 1299 781 1400 Gregorius
809 1298 943 1378 nobis.

348 1533 350 1538 ,
464 1473 607 1578 Capta:
636 1473 716 1550 Ser
743 1471 961 1554 «lohannes
990 1473 1147 1552 Sannio
1173 1480 1214 1552 et
1229 1471 1310 1552 Ser
1339 1471 1461 1554 Pera·

368 1597 448 1672 tius
489 1593 743 1686 Gradonico‚
780 1595 916 1698 capita
943 1595 994 1672 de
1021 1594 1104 1690 XL,
1134 1596 1277 1672 volunt
1304 1594 1461 1674 dictam

367 1727 527 1820 partem
561 1741 654 1795 oum
683 1715 763 1796 hac
793 1717 1020 1796 additione:
1047 1715 1315 1816 intelligendo
1345 1717 1462 1817 quod

365 1837 573 1941 accipiant
610 1837 716 1941 apud
755 1838 855 1914 aiias
892 1837 1142 1917 securitates
1170 1861 1193 1912 a
1221 1837 1336 1916 dicto
1377 1863 1462 1916 oo·

363 1958 499 2036 mite
540 1958 840 2056 Gregorio
870 1981 946 2060 pro
977 1953 1191 2035 obsidibus
1219 1955 1330 2036 titios
1359 1967 1463 2036 suos

364 2079 428 2156 vei
458 2077 643 2156 adminus
671 2103 795 2155 ornum
825 2101 985 2155 eorum.

864 2263 1414 2351 wmffifflamn

156 2483 159 2492 '
365 2491 747 2588 xxxixmsss.
777 2507 1177 2587 {arscennene
1204 2469 1462 2612 Augusti.

366 2703 506 2760 ycsonn
532 2717 620 2770 noas
646 2717 752 2758 ronna
775 2718 814 2772 pa
838 2715 877 2757 ce
900 2717 1053 2759 accarone
1080 2719 1195 2763 caroea
1213 2722 1250 2762 ea
1265 2720 1463 2765 caesennae

644 2801 856 2877 rpnropian.
883 2819 900 2859 ι
924 2805 1183 2878 syr-creasse.

465 2988 598 3092 Capta
614 2943 640 3064 :¹
664 2988 783 3086 Quod
820 2991 1126 3091 respondeatur
1162 2995 1461 3096 provisoribus

363 3111 544 3202 nostris,
586 3108 697 3210 quod
738 3109 978 3210 recepimus
1013 3119 1054 3188 et
1090 3111 1370 3192 intelleximus
1400 3118 1460 3196 tit·

365 3241 477 3311 teras
505 3255 614 3321 suas,
629 3230 889 3306 continentes
919 3235 1137 3310 tractatum
1158 3233 1343 3314 habitum
1362 3264 1460 3318 oum
1563 3313 1564 3316 a

362 3351 583 3432 comite
621 3348 919 3446 Gregorio
956 3373 1061 3454 pro
1090 3377 1149 3434 se
1178 3363 1234 3434 et
1262 3357 1461 3441 tratre

361 3497 464 3549 suo
495 3477 537 3546 et
564 3467 677 3570 quod
706 3473 795 3544 crat
823 3477 1044 3548 contentus
1060 3470 1226 3554 firmare
1241 3481 1459 3576 unionem,

361 3587 645 3669 contentando
674 3585 799 3662 modo
819 3586 870 3664 de
886 3587 1077 3668 habendo
1095 3597 1258 3695 equites
1287 3609 1459 3684 centum

366 3735 388 3786 a
417 3705 535 3784 nobis
565 3716 607 3784 et
635 3707 797 3809 pedites
831 3715 1008 3798 centum,
1037 3719 1078 3789 et
1104 3716 1332 3815 quoderat
1361 3747 1462 3802 con-

362 3835 498 3932 tentus
526 3851 688 3932 ponere
718 3825 888 3908 obsides
917 3832 956 3910 in
996 3833 1179 3923 Arbo,
1225 3839 1277 3917 de
1307 3843 1461 3944 quibus

298 4028 304 4048 ‚
358 3947 563 4047 omuibus*
588 3973 729 4026 sumus
759 3952 956 4039 contenti
985 3958 1027 4030 et
1053 3957 1167 4056 quod
1199 3959 1385 4044 debeant
1412 3967 1456 4046 in

359 4069 527 4162 nomine
555 4069 708 4148 domini
750 4073 964 4173 complere
1005 4076 1202 4156 unionem
1249 4107 1347 4162 oum
1377 4087 1460 4168 iilis

361 4189 681 4270 melioramentis
709 4215 814 4291 quae
831 4195 891 4274 eis
908 4192 1174 4286 videbuntur,
1204 4225 1288 4280 non
1317 4205 1458 4288 dando

1560 3683 1563 3756 t
