3206 5110
189 605 278 684 riae
306 603 359 681 de
386 603 563 696 Botere,
587 603 823 704 assignetur
848 599 1068 708 praedicto
1096 603 1282 690 domino,

188 731 396 826 tamquam
428 747 497 802 res
524 723 730 804 Antibari.
757 721 803 800 Si
815 745 924 802 vero
943 745 1026 800 non
1042 729 1283 802 remaneret
1426 755 1428 762 ’
1555 705 1560 717 ’

188 851 413 923 contentus
427 843 645 946 imponere
659 843 882 930 silentium,
901 841 1097 945 petitioni
1109 844 1281 922 ducato»

189 989 281 1042 rum
296 965 411 1042 mille
425 987 504 1066 pro
522 963 691 1052 Cataro,
712 963 779 1040 vel
801 971 1042 1043 remaneret
1056 969 1282 1042 contentus
1432 1059 1435 1067 ἢ

189 1084 649 1190 iinpone'resilentium,
663 1093 705 1162 et
719 1107 801 1161 non
818 1081 1195 1162 contentareturad
1213 1082 1280 1162 ali·

188 1210 300 1312 quod
315 1207 638 1311 'praedictorum
662 1205 893 1307 petitorum
917 1205 1032 1284 circa
1056 1205 1165 1284 lucta
1189 1204 1283 1282 Pas·

189 1328 495 1415 trovichorum‚
517 1327 557 1402 in
574 1327 660 1405 hoc
678 1349 776 1404 casu
791 1327 1003 1410 volumus,
1026 1333 1072 1404 ut
1084 1326 1124 1401 ei
1138 1325 1284 1404 dicere

190 1447 394 1534 debeatis,
418 1445 532 1548 quod
549 1447 758 1524 vollentes
774 1453 816 1524 et
830 1443 1099 1545 inteligentes
1113 1467 1188 1520 sua
1203 1467 1284 1522 ma·

184 1567 426 1668 guiliccntia
449 1589 534 1643 uno
550 1565 691 1655 modo,
714 1577 757 1643 ct
780 1573 922 1644 nostra
945 1562 1174 1642 dominatio
1197 1564 1283 1658 alio

186 1688 335 1774 modo,
362 1683 715 1764 necessarium
742 1693 822 1762 est
847 1685 1026 1762 venire
1056 1685 1113 1762 ad
1140 1707 1284 1761 unum

187 1808 464 1894 tertium,
512 1806 581 1908 qui
621 1807 775 1884 habeat
813 1805 959 1898 videre
1000 1811 1044 1882 et
1084 1805 1283 1884 decidere

188 1929 449 2008 differentias
487 1927 749 2028 praedictas;
789 1931 842 2004 et
879 1925 978 2005 ideo
1019 1934 1066 2004 ut
1104 1925 1284 2004 diximus

187 2045 431 2128 oratoribus
458 2046 559 2130 suis.
587 2052 731 2126 noema
758 2044 987 2125 dominatio
1006 2051 1282 2132 esteontenta

188 2171 242 2248 de
271 2166 657 2272 compromittendo
686 2191 732 2244 se
760 2169 800 2247 in
828 2190 918 2246 uno·
954 2169 1116 2257 torcio.
1156 2191 1280 2270 quem

187 2313 262 2367 sua
274 2290 520 2390 magnitudo
549 2292 699 2390 eleget,
714 2289 899 2376 domino,
929 2289 1182 2369 comunitate
1205 2311 1281 2368 seu

185 2407 326 2486 studio
339 2409 915 2499 Christianitatisdummodo
929 2433 1011 2488 non
1023 2409 1281 2510 sitpersona,
1403 2463 1407 2472 ·

187 2556 295 2636 quae
323 2532 630 2611 rationabiliter
650 2539 796 2612 nostro
813 2517 1000 2611 dominio
1017 2531 1170 2611 debeat
1184 2553 1280 2608 esse

185 2655 398 2755 suspecta,
426 2659 469 2729 ct
498 2677 605 2755 quae
634 2677 719 2730 non
743 2652 799 2730 sit
826 2679 922 2732 cum
947 2655 1084 2755 aliqua
1097 2651 1279 2760 partium

182 2771 408 2854 coniuncta
438 2774 523 2872 lige
550 2774 615 2851 vel
644 2774 899 2877 parentelle;
940 2782 983 2852 et
1011 2773 1280 2852 contentante

182 2917 230 2970 so
256 2894 447 2996 praelato
477 2893 648 2972 domino
676 2893 733 2971 de
758 2895 861 2982 hoc,
882 2895 1087 2972 uolumus
1114 2899 1159 2970 ut
1184 2917 1278 2996 pos·

54 3035 58 3045 ·
182 3013 274 3091 silis
319 3013 582 3094 concludere
622 3017 663 3094 in
693 3012 886 3117 quolibet
911 3015 1278 3118 infrascriptorum

183 3132 462 3221 dominorum,
490 3133 792 3214 comunitatum
820 3133 907 3213 sive
929 3134 1169 3236 studiique
1185 3157 1279 3212 con·

183 3255 377 3332 elusione
404 3255 526 3342 iacta,
543 3255 770 3334 intellectis
797 3254 917 3332 robis
944 3255 1063 3360 prius
1093 3279 1187 3334 cum
1204 3279 1278 3333 sua

182 3373 494 3471 magnitudine,
537 3375 651 3476 quod
689 3375 901 3479 pendente
941 3375 1056 3454 dicto
1085 3381 1277 3468 tractatu,

182 3515 261 3594 per
288 3493 427 3574 dictos
454 3495 651 3574 dominos
679 3495 901 3599 despotum
930 3506 972 3574 et
987 3495 1213 3596 Georgium
1235 3504 1278 3575 et

182 3623 332 3716 gentes
360 3639 469 3705 siras,
509 3643 593 3697 non
632 3619 836 3706 inseretur
871 3619 1063 3698 damnum
1101 3617 1276 3696 iniuriae

180 3737 245 3814 vel
273 3737 466 3817 molestia
494 3739 620 3818 alicui
648 3741 743 3822 loco
771 3747 936 3828 nostro,
962 3739 1274 3824 nobissimum

179 3858 508 3961 promissionem
538 3869 685 3940 nostro
713 3863 885 3942 nomine
914 3863 1123 3958 faciente,
1166 3885 1275 3965 quae

178 3977 488 4080 promissiones
516 3991 743 4084 appareant
781 3981 821 4058 in
851 3981 1031 4086 seriptis,
1070 3989 1116 4060 et
1149 3985 1273 4072 etiam

155 4094 410 4198 ‘intellectis
438 4099 559 4178 robis
599 4125 771 4186 secum,
813 4101 925 4203 quod
966 4103 1100 4182 mittat
1127 4103 1178 4180 ad
1220 4104 1274 4181 in·

179 4221 372 4302 standum
413 4245 508 4303 cum
548 4222 622 4302 illo
663 4224 1166 4312 domino,·comunitnte
1205 4228 1271 4306 vol
