3224 5110
153 609 435 708 Clthlll.
477 631 590 707 1450.
620 635 679 708 13.
721 625 1020 721 Octobris,
1060 629 1113 706 in
1140 629 1234 706 Ve-

493 750 620 826 sela
663 748 888 826 Straia.

150 893 385 1014 llucxo‘xpaxx
410 942 626 997 Bocaucxorn
651 942 804 999 Creoaaa
827 941 932 1012 Tolle,
956 921 979 1013 y,
1001 957 1087 997 noun
1116 939 1232 998 exaro-

147 1051 222 1118 papir
246 1043 480 1112 lllxernutuxa,
494 1061 570 1101 mro
585 1061 623 1118 ey
638 1064 656 1101 n
681 1045 761 1102 uera
786 1062 978 1119 cnoxesyxa
1003 1062 1022 1119 y
1046 1063 1143 1124 napy,
1168 1049 1231 1104 ro‘x

310 1163 350 1219 cy
373 1163 566 1204 aanxxoxnxa
583 1164 620 1203 ca
634 1147 785 1222 spaniam,
808 1149 1059 1222 Aparonrxuxn.

242 1311 381 1390 litera
395 1311 653 1388 serenissimi
670 1295 675 1322 ‘
695 1311 718 1387 d
736 1337 762 1389 o
779 1311 916 1388 mini
950 1313 1110 1414 regis
1138 1311 1230 1390 Bo·

76 1509 80 1526 ,
144 1457 230 1510 sne
270 1457 398 1534 supra
425 1431 762 1509 denominatione
795 1431 925 1534 pacis.

240 1569 524 1650 illustrissimo
540 1595 590 1646 ac
604 1569 767 1672 potenti
781 1570 870 1645 viro
887 1567 1057 1647 domino
1079 1567 1228 1648 Fran·

144 1690 310 1769 cisco
338 1688 587 1767 Fuscari
630 1687 726 1766 duci
752 1688 1027 1766 Venetiarum
1057 1695 1140 1770 etc.
1168 1712 1229 1764 sa·

142 1811 291 1908 lolem,
346 1810 554 1888 sinceram
610 1808 879 1888 dilectionem
935 1810 1228 1912 sthepha-

143 1931 600 2010 nusThomasdei
630 1931 1228 2029 gratiarexllosne..

146 2053 285 2156 Nuper
314 2079 407 2132 cum
436 2077 584 2152 magna
626 2055 748 2132 animi
791 2055 926 2132 nostri
961 2057 1226 2153 jocunditate

139 2174 378 2277 recepimus
421 2174 563 2254 literas
603 2181 745 2252 vestre
773 2175 1054 2256 excellentiae
1079 2177 1227 2278 plenas

139 2293 308 2379 amoris,
337 2298 379 2370 et
408 2317 509 2393 erga
536 2319 615 2374 nos
654 2297 855 2374 immense
898 2295 1097 2374 caritatis.
1135 2296 1226 2376 Non

139 2412 248 2492 enim
276 2437 499 2516 possumus
527 2441 611 2493 non
639 2415 826 2516 gaudere
869 2415 1033 2516 quando
1077 2417 1224 2494 intelli·

137 2535 269 2633 gimus
297 2533 510 2636 principes
524 2537 678 2630 mundi,
706 2535 885 2614 maxime
916 2561 1024 2638 quos
1053 2561 1133 2616 rina
1161 2560 1224 2614 ca-

135 2653 294 2734 tholica
323 2653 424 2731 lides
454 2657 725 2747 claroslacit,
754 2659 949 2734 inunum
979 2656 1222 2742 convenire,

133 2783 176 2850 et
205 2772 366 2852 abillis
395 2775 614 2868 recedere,
643 2779 713 2880 qui
737 2777 972 2853 nonsolum
1001 2773 1222 2852 detrimen-

132 2901 176 2971 to
205 2901 301 2972 suut
317 2895 437 2972 bonis
460 2893 523 2971 his
553 2895 853 2982 exterioribus,
869 2895 942 2972 sed
960 2894 1092 2974 anime
1121 2920 1222 2995 quo·

132 3040 215 3118 que
243 3014 424 3118 plurimo
453 3015 662 3116 periculo.
694 3015 861 3092 Scimus
890 3018 1013 3104 enim,
1043 3019 1085 3092 et
1107 3013 1220 3092 nimi·

132 3162 201 3214 um
220 3136 513 3239 experimento
544 3140 656 3240 quod
672 3138 864 3214 dolenter
892 3133 1123 3221 referimus,
1150 3161 1224 3212 no·

132 3265 222 3334 tum
253 3265 318 3336 est
345 3256 482 3350 nobis,
510 3260 623 3359 quod
652 3258 759 3335 mala
787 3256 986 3360 strepitus
1009 3279 1221 3334 armorum

131 3386 177 3456 et
198 3379 371 3461 hostiles
399 3379 592 3458 incursus
607 3382 786 3485 pariunt,
817 3403 898 3482 que
927 3403 978 3457 eo
1007 3377 1222 3456 detestabi-

130 3500 237 3578 liora
266 3505 372 3588 sunt,
402 3525 485 3602 quo
513 3501 622 3578 inter
662 3501 808 3580 lideles
849 3501 1023 3578 seviunt.
1063 3497 1219 3576 Pacem

128 3621 260 3720 igitur
286 3621 394 3697 inter
420 3620 742 3698 illustrissimum
770 3629 954 3699 vestrum
992 3619 1218 3696 dominium

23 3745 32 3758 '
128 3738 501 3818 etserenissimum
532 3763 727 3840 regem
765 3740 1101 3838 Aragonum
1130 3762 1219 3838 gra·
1303 3739 1306 3754 '

126 3857 333 3936 tissimum
362 3857 576 3945 habemus,
612 3883 747 3960 eaque
774 3867 818 3936 ut
844 3856 961 3936 lirma
990 3865 1032 3936 et
1058 3857 1218 3936 stabilis

124 3978 184 4054 sit
211 3979 342 4057 Deum
372 4003 555 4056 oramus.
582 3979 918 4058 Nominationem
958 3979 1146 4080 insuper,
1175 3988 1217 4056 et

127 4100 560 4204 comprehensionem
588 4105 771 4180 nostram
801 4107 976 4180 avestra
1006 4099 1212 4180 excellen-

123 4220 188 4298 tia
229 4221 391 4308 factam,
446 4219 796 4308 ratamhnbemus,
832 4220 953 4300 vobis
994 4221 1147 4321 gratias
1175 4247 1213 4300 a·
