3206 5110
293 365 357 429 57⁴
499 463 502 469 Ι

294 569 387 671 plus
424 575 627 672 quantum
658 565 847 644 voluntas
876 565 1033 642 domini
1073 565 1189 643 ducis
1219 565 1400 644 Venetie

295 690 436 786 luerit,
466 692 576 766 inter
614 697 833 788 luteamque
862 691 1026 789 partem
1058 687 1327 789 initum'est,
1358 698 1399 766 et

257 805 262 812 ’
294 811 500 888 lirmatum
531 809 570 886 iu
599 810 712 888 hunc
740 807 937 886 modum:

396 929 478 1006 Nos
518 925 829 1026 Rugusiuorum
869 929 1010 1006 nuncii
1048 927 1280 1025 jamdicti,
1321 953 1401 1030 per

296 1071 478 1129 cornuue
506 1048 685 1126 civitatis
714 1055 858 1124 nostre
887 1049 1130 1148 transmissi,
1161 1073 1182 1125 n
1212 1074 1294 1150 quo
1323 1047 1400 1125 luit

297 1169 471 1272 provida
501 1167 807 1248 deliberatione
836 1169 1065 1266 injunctum
1095 1193 1173 1270 pro
1203 1193 1256 1246 eo
1287 1169 1398 1271 quod

298 1299 416 1368 terre
456 1297 602 1368 nostre
641 1289 808 1368 videtur
854 1289 1078 1392 plurimum
1122 1291 1400 1372 fructuosum.

298 1408 410 1513 quod
438 1409 616 1488 Venetie
646 1409 833 1489 dominio
869 1409 1169 1501 subderemus,
1205 1409 1401 1514 petimus,

298 1537 341 1608 ut
369 1529 491 1608 nobis
520 1528 569 1604 ad
599 1529 854 1608 voluntatem
872 1538 1055 1608 vestram
1083 1531 1283 1609 comitem
1302 1555 1398 1609 con·

296 1648 470 1731 cedatis.
524 1647 617 1725 llec
659 1649 768 1726 enim
796 1671 890 1751 ⁴qim
929 1651 1199 1728 continentur
1227 1647 1399 1726 interius

263 1769 380 1846 ‘vult
407 1777 522 1847 terra
559 1777 700 1846 nostra
737 1767 904 1868 Ragusii
935 1770 1177 1848 observare.
1232 1769 1400 1866 liagusi·

169 1969 172 1974 ,
295 1891 336 1966 ni
362 1913 531 1994 semper
559 1887 925 1992 archiepiscopum
955 1893 1111 1991 eligent
1140 1891 1399 1980 deVenetia‚

295 2018 337 2088 el
365 2008 591 2095 habebunt,
618 2007 816 2088 videlicet
836 2033 857 2085 a
873 2007 1011 2088 Gradu
1027 2035 1163 2112 usque
1180 2009 1316 2113 Caput
1331 2031 1398 2108 ag·

295 2132 422 2230 geris.
457 2127 570 2206 Etsi
599 2129 793 2207 dominus
822 2129 907 2209 dux
933 2157 956 2209 a
984 2131 1158 2210 domino
1188 2129 1298 2233 Papa
1328 2155 1398 2233 po·

295 2250 393 2328 terit
421 2249 629 2338 obtinere,
656 2249 768 2350 quod
796 2251 1196 2354 archiepiscopatus
1228 2249 1399 2350 Rugusii

296 2367 495 2446 (iradeusi
526 2369 709 2447 ecclesie
739 2371 1014 2474 subponalur,
1031 2371 1120 2470 ejus
1142 2371 1398 2450 electionem

297 2485 600 2587 presentnbuut
615 2489 786 2566 domino
803 2489 1049 2593 patriarche
1066 2491 1284 2578 Gradeusi,
1302 2515 1397 2568 con·

295 2605 576 2686 firmationem
605 2609 826 2688 electionis
855 2611 1143 2712 postulantes,
1181 2616 1223 2688 et
1251 2609 1399 2690 coullr·

296 2727 480 2805 matioue
521 2727 625 2808 lacta
662 2729 804 2807 veniet
833 2729 995 2810 eleetos
1023 2733 1072 2808 au
1102 2733 1246 2809 sedem
1276 2731 1399 2832 patri·

296 2849 537 2934 archalem,
579 2859 619 2928 et
661 2851 1030 2928 consecrationem
1074 2853 1126 2930 de
1165 2875 1285 2928 manu
1324 2874 1398 2928 sua

296 2967 490 3070 accipiet,
518 2968 729 3070 facietque
758 2969 798 3046 ei
826 2967 1088 3061 fidelitatem,
1117 2972 1397 3048 reuerentiam

296 3093 338 3164 el
380 3088 663 3166 obedientium
706 3089 886 3168 debitam
929 3091 967 3168 ei
1010 3091 1185 3170 exibere
1227 3089 1397 3193 promit·

298 3207 616 3286 teusl’reterea
645 3209 875 3297 statuimus,
904 3211 1019 3312 quod
1035 3209 1143 3288 idem
1174 3207 1398 3310 arehiepis-

297 3351 430 3431 copus
450 3325 611 3424 jurabit
638 3325 879 3406 fidelitatem
909 3327 1080 3407 domiuo
1109 3329 1205 3408 duci
1241 3337 1283 3406 et
1308 3350 1400 3404 suc·

297 3445 541 3524 cessoribus
568 3447 761 3542 suis‚uisi
789 3473 869 3550 pro
900 3452 960 3527 eis
988 3447 1251 3540 remanserit,
1268 3461 1311 3527 et
1334 3449 1398 3525 sio

297 3566 450 3645 facient
479 3591 627 3647 omnes
656 3569 967 3674 archiepiscopi
988 3569 1125 3672 quiin·
1142 3577 1395 3673 perpetuum

297 3695 419 3765 erunt
447 3687 486 3764 in
514 3685 723 3784 llogusiua
750 3688 866 3780 sede,
895 3687 1074 3769 ducibus
1105 3693 1175 3794 qui
1203 3697 1395 3794 pertem-

296 3829 399 3910 pora
429 3812 563 3884 erunt.
620 3805 768 3886 Clarus
813 3815 949 3888 aulem
980 3809 1018 3888 in
1049 3835 1157 3888 anno
1188 3817 1263 3896 ter,
1291 3807 1396 3887 scili·

296 3935 365 4008 cet
393 3927 433 4006 in
463 3929 677 4008 nativitate
706 3931 889 4018 domiui,
931 3931 970 4007 iu
998 3931 1154 4033 pascha
1184 3953 1393 4009 resurrec-

295 4047 424 4124 tionis
466 4054 509 4124 et
548 4049 588 4126 in
618 4049 725 4126 testo
754 4051 885 4128 sancti
914 4049 1056 4146 Blasii,
1088 4052 1232 4130 laudes
1262 4061 1396 4134 canta·

299 4167 398 4243 bunt
439 4167 477 4243 iu
521 4171 667 4266 majori
706 4167 889 4248 ecclesia
923 4171 1198 4272 solempniter
1225 4155 1394 4252 domino
