3234 5116
1069 317 1074 328 ι
1143 295 1148 304 .
1357 309 1361 318 ¹

1260 361 1333 427 185

1287 437 1310 451 ‘i

76 593 85 602 ·
239 571 591 648 sueoneseieeto
593 620 832 646 .......
862 571 905 642 et
931 565 1333 670 mandamus-vobis,

240 693 353 792 qnod
398 715 475 768 une
506 689 765 792 experientia
806 711 889 764 non
918 687 1077 767 suiticit
1106 747 1116 766 .
1147 747 1156 767 .
1186 752 1191 760 .
1222 749 1230 766 .
1258 691 1331 766 sed
1416 739 1420 752 ι

95 885 99 896 ,
240 835 322 890 non
351 813 482 890 semei
500 811 574 890 sed
604 809 763 911 pluries
779 807 971 890 debentis
1000 819 1124 887 eunte
1153 835 1233 888 uno
1263 820 1332 889 eut

239 929 430 1032 pluribus
459 955 510 1030 ex
538 927 659 1007 vobis
689 931 996 1030 personaliter,
1039 955 1133 1010 eum
1164 931 1331 1010 boeotiis
1429 985 1435 998 ·
1583 928 1586 936 ’

240 1057 282 1125 et
310 1052 570 1150 genzeeoiis.
613 1073 761 1128 omnes
791 1049 1014 1150 possibiles
1042 1049 1330 1153 experientias

170 1269 173 1274 Ι
240 1155 465 1260 iecerede
488 1169 759 1249 'succinendo
790 1169 942 1248 civitati
971 1171 1225 1273 praedictae,
1252 1229 1261 1248 .
1286 1229 1293 1247 .
1321 1231 1328 1248 .

240 1291 335 1389 quin
363 1289 463 1368 iiiud
493 1292 606 1394 quod
636 1289 769 1367 semei
798 1287 1002 1366 fleri-non
1031 1297 1200 1393 potest,
1228 1289 1329 1395 sepe

238 1407 510 1488 soiiieitondo
552 1417 594 1490 et
623 1407 863 1488 reiterando
896 1465 1060 1490 .....
1088 1410 1329 1492 executioni

239 1527 527 1609 mittitur...
1300 1601 1303 1606 ,

338 1649 389 1728 Et
417 1653 515 1752 quie
543 1651 754 1728 informati
783 1673 948 1736 sumus,
978 1635 1091 1750 quod
1120 1651 1327 1730 existente

237 1769 553 1848 influmine
590 1770 812 1848 Boione
851 1767 1326 1850 ...serunensis-

238 1919 297 1970 eo
327 1891 522 1972 Bembo
552 1893 906 1994 miiite,utequee
936 1915 958 1968 s
987 1889 1191 1971 Sancto
1221 1891 1329 1970 Set·-

236 2012 330 2112 gio
358 2037 506 2090 stersus
542 2011 857 2096 Scotorum
895 2009 1159 2090 tumeiienent
1187 2021 1230 2092 et
1258 2015 1326 2116 tui·

236 2155 384 2210 nonem
414 2157 581 2212 eorsum
611 2133 829 2218 heberent,
858 2129 1069 2230 submergi
1086 2131 1329 2236 iecitquod·

236 2253 328 2330 dnm
358 2253 578 2354 navigium,
608 2255 717 2330 intes
745 2253 920 2330 insulem
939 2253 1189 2330 existentem
1217 2253 1327 2353 apud

237 2373 433 2452 Sanctum
463 2371 657 2472 Sergium
687 2383 729 2454 et
757 2383 912 2452 tenuem
940 2373 1126 2466 flumem,
1152 2380 1330 2478 psopter

235 2493 348 2594 qnod
377 2517 507 2596 oquae
537 2496 711 2572 muitum
739 2499 987 2588 creverunt,
1028 2499 1070 2571 et
1097 2505 1326 2599 propterea

188 2653 191 2660 ·
239 2615 666 2718 ....retinquimos
706 2618 746 2693 in
778 2613 971 2695 libertate
1002 2623 1154 2707 vestes,
1194 2617 1327 2718 provi-

154 2737 164 2749 “
234 2733 358 2811 dendi
388 2759 465 2837 pet·
500 2735 657 2814 dietum
697 2735 869 2812 modum
899 2733 963 2810 vei
992 2757 1069 2832 pet·
1097 2735 1326 2818 otium...
1385 2747 1390 2762 '

234 2864 278 2930 ut
295 2854 472 2956 ¹possitis
489 2877 583 2934 oum
612 2853 782 2934 banchis
813 2852 950 2934 dietae
973 2854 1128 2932 civitati
1158 2879 1349 2964 sueeue·¹

236 2999 332 3053 nere
360 3033 602 3054 .......
631 2971 745 3054 Etsi
774 2973 989 3052 videretur
1016 2974 1140 3064 vobis,
1167 2973 1219 3050 de
1248 2975 1344 3084 sot·

233 3093 370 3196 dendo
412 3102 558 3194 gentes
594 3093 645 3170 de
676 3093 771 3170 inde
802 3151 810 3169 .
845 3151 854 3170 .
884 3149 894 3168 .
926 3093 1103 3196 potestis
1141 3092 1202 3170 eis
1229 3105 1324 3198 pnes·

188 3247 210 3270 κ
234 3213 458 3292 missiones
500 3211 641 3291 iecere
682 3212 734 3289 de
764 3211 925 3316 psoniis
963 3218 1005 3291 et
1033 3213 1124 3292 aliis
1159 3211 1324 3292 territo·

112 3359 123 3376 ’
235 3331 305 3409 niis
333 3335 493 3412 nostris
521 3332 573 3410 de
602 3335 697 3414 inde
705 3389 871 3418 .....
904 3341 945 3411 et
985 3333 1020 3410 si
1048 3333 1231 3437 possetis
1259 3335 1324 3412 eii·

234 3475 338 3552 quos
368 3451 567 3542 invenire,
598 3455 668 3556 qui
695 3453 852 3531 velient
880 3451 1123 3534 conducere
1149 3453 1324 3534 trumen-
1412 3475 1419 3484 ·

231 3583 318 3651 tum
348 3575 387 3650 in
418 3571 667 3664 scutetum,
694 3575 882 3653 debeatis
910 3574 992 3652 iilis
1019 3577 1325 3678 promissiones

232 3693 405 3792 iacere,
436 3717 538 3796 quas
566 3694 757 3775 videbitis
786 3719 878 3772 esse
907 3699 1167 3776 necessarias
1198 3759 1205 3772 .
1237 3757 1243 3771 .
1273 3757 1284 3777 .
1315 3758 1321 3773 .

232 3813 359 3892 ..Et
395 3815 593 3894 mittimus
635 3815 760 3894 vobis
799 3814 966 3894 biseotti
1008 3813 1175 3899 bonnm,
1203 3843 1324 3920 quen·
1403 3843 1408 3850 ·

231 3937 413 4022 titetem‚
441 3945 482 4014 et
508 3935 686 4015 ducatos
713 3934 824 4014 mitte
855 3991 862 4012 .
893 3993 901 4011 .
930 3993 938 4014 .
971 3991 980 4011 .
1012 3989 1022 4012 .
1053 3963 1132 4040 pro
1162 3939 1322 4019 seidon-

230 4055 460 4156 degentes
490 4114 649 4136 .....
1300 4150 1303 4160 Δ

531 4193 636 4260 Sene.
664 4213 764 4262 cons.
784 4203 906 4286 roget
934 4195 1004 4264 Lib·
1029 4195 1123 4264 vul.
1147 4199 1203 4266 eh.
1226 4199 1279 4266 et.
