3206 5110
345 343 413 410 Μ

347 548 519 630 toritate
546 537 669 632 buius
693 552 857 632 consilii
885 555 1141 656 promissum
1171 555 1434 658 fueritquod

276 731 278 736 ,
347 671 610 750 mitteremus
637 683 827 755 nostrum
856 676 1186 756 ambaxiatorem
1225 678 1278 755 ad
1318 700 1435 779 prae·

347 792 522 870 sentiam
537 793 669 896 ipsius
695 788 893 873 domini
921 796 1184 896 Georgii,
1213 805 1256 875 et
1282 796 1436 873 bonum

348 909 400 988 sit
426 911 651 1012 superinde
669 913 913 1012 providere3
941 915 1052 1008 vadit
1071 937 1180 1019 pars,
1209 915 1320 1018 quod
1336 915 1436 994 scri-
1595 907 1596 914 ‘

352 1027 473 1113 batur
487 1032 577 1110 viro
605 1033 737 1110 nobili
764 1033 1187 1135 Francisco'Quirino
1216 1037 1437 1141 capitaneo

350 1154 498 1229 nostro
525 1151 704 1256 partium
746 1154 779 1231 A
798 1156 809 1231 Ι
825 1156 849 1230 b
865 1179 888 1231 a
903 1182 928 1234 n
943 1159 956 1234 i
972 1181 995 1232 a
1011 1183 1035 1236 e
1052 1211 1062 1242 ,
1109 1159 1150 1234 in
1178 1157 1258 1250 hac
1287 1157 1436 1254 forma,

349 1271 565 1351 videlicet:
1346 1339 1351 1348 .

449 1391 635 1473 Fuerunt
662 1395 711 1471 ad
740 1397 1021 1500 praesentiam
1049 1407 1236 1477 nostram
1251 1400 1336 1477 duo
1358 1423 1439 1475 am·

350 1511 605 1592 bassiatores
641 1518 953 1618 magnifici
981 1517 1180 1596 domini
1208 1516 1441 1616 Georgii,

350 1633 633 1733 quondam
663 1635 885 1716 domini
914 1637 1142 1736 Vulcbi,
1173 1637 1242 1739 qui
1269 1637 1348 1713 sub
1379 1635 1440 1712 lit·

318 1767 321 1772 ’
350 1751 452 1828 teris
480 1753 720 1834 credentiae
748 1757 924 1858 praefati
940 1757 1099 1836 domini
1126 1757 1203 1846 sui,
1230 1759 1440 1859 partesue

216 1870 224 1886 '
349 1879 637 1974 exposuerunt
664 1881 809 1954 nostro
825 1877 1024 1970 dominio,
1052 1879 1234 1980 qualiter
1250 1899 1328 1978 per
1343 1899 1440 1952 eun·

349 1991 443 2068 dem
471 2017 621 2072 eorum
649 1996 861 2076 dominum
890 1999 942 2074 ad
963 1998 1195 2102 praefatum
1210 1994 1440 2074 dominium

348 2119 537 2193 nostrum
567 2115 977 2209 fuerant-destinati,
1019 2142 1097 2223 pro
1127 2119 1441 2222 complemento

349 2233 528 2345 etuboaa
555 2239 810 2317 executione
826 2242 956 2341 pacis,
985 2239 1085 2320 allas
1105 2239 1317 2320 celebrate
1331 2238 1443 2314 inter

347 2357 553 2436 illustrem
583 2361 847 2436 dominum
875 2363 1188 2464 despotuur
1218 2369 1259 2437 et
1283 2359 1441 2437 dictum

348 2478 613 2578 magnificum
651 2479 867 2560 dominum
908 2479 1225 2581 Georgium
1267 2503 1321 2556 ex
1361 2499 1442 2554 una

346 2605 489 2700 parte,
519 2607 561 2676 et
588 2607 779 2678 nostrum
806 2601 1034 2680 dominium
1062 2625 1117 2679 ex
1145 2601 1302 2688 altera,
1346 2623 1441 2678 cum

348 2729 511 2800 certae·
533 2745 604 2798 res
644 2727 867 2802 contentae
910 2724 952 2804 iu
995 2723 1286 2801 celebratione
1328 2719 1443 2802 dicte

346 2840 463 2944 pacis
493 2867 575 2919 non
604 2841 761 2921 inerint
788 2844 1059 2932 observatam
1095 2841 1246 2944 quibus
1274 2840 1441 2942 quidem

348 2957 778 3054 oratoriliusauditis,
806 2965 958 3044 luerint
986 2989 1064 3067 por
1089 2968 1282 3042 nostrum
1309 2962 1440 3040 domi·

346 3084 459 3160 nium
487 3084 675 3185 deputati
703 3086 945 3175 auditores;
986 3083 1135 3186 quibus
1177 3082 1443 3162 auditoribus

347 3203 446 3282 dicti
474 3203 801 3284 ambassiatores
828 3199 1062 3309 petierunt,
1103 3205 1215 3309 quod
1244 3227 1322 3308 per
1349 3228 1442 3282 nos·

349 3331 458 3402 trum
486 3323 713 3404 dominium
742 3325 950 3404 deberent
990 3324 1080 3403 dari
1119 3324 1301 3405 dominis
1342 3321 1443 3414 suis,
1594 3423 1596 3426 Ι

348 3471 380 3524 a
399 3443 467 3522 die
497 3446 798 3526 celebrationis
828 3449 943 3551 pacis
967 3447 1211 3550 praedictae
1241 3445 1443 3548 usquead
1583 3511 1587 3522 .

347 3565 499 3643 festum
538 3575 705 3647 sanctae
736 3568 895 3648 Mariae
923 3572 1118 3674 proxime
1157 3567 1443 3672 praeteritum,

347 3687 487 3776 ducati
517 3687 629 3770 mille
655 3687 709 3776 in,
726 3713 857 3787 anno,
881 3693 1004 3788 juxta
1031 3686 1333 3770 continentiam
1361 3685 1445 3766 dic·

345 3817 414 3887 tae
440 3809 569 3910 pacis.
622 3809 728 3886 ltem
756 3813 898 3889 tenuta
936 3809 1129 3889 castri
1158 3807 1362 3886 Budue
1402 3813 1444 3884 et
1595 3859 1596 3906 ἒ

348 3929 440 4006 eius
469 3929 701 4008 districtus.
745 3931 850 4012 llem
870 3933 1107 4012 salinae
1137 3953 1245 4034 quae
1275 3929 1444 4006 luerunt

348 4050 523 4128 condam
558 4051 785 4130 Balsae.
839 4050 945 4132 lter'n
987 4051 1444 4138 Pastrorichos,

348 4177 390 4251 et
417 4171 590 4252 ulterius
617 4172 839 4278 petierunt,
866 4172 978 4277 quod
1005 4171 1324 4252 Niebemar
1365 4194 1444 4273 per
