3192 5112
1222 373 1274 450 di

182 591 395 674 libanensi
432 593 607 679 vicario,
635 581 866 696 recipiendi
906 587 1002 668 ioca
1042 609 1121 692 pro
1162 591 1274 671 diota

183 711 341 791 vicaria
368 711 408 788 in
437 710 543 789 villis
585 711 733 791 castris
770 719 812 790 et
848 707 1081 788 civitatibus
1109 707 1273 813 provin·

185 836 344 914 ciarum
372 829 573 932 Ungariae
602 841 646 911 et
673 823 936 921 Sclaronlue,
963 829 1005 910 in
1032 831 1274 932 quibasnec

185 955 372 1054 ejusdem
413 953 574 1033 ordinis
614 980 695 1034 nec
723 954 900 1033 aliorum
941 952 1274 1058 approbetorum

185 1077 379 1155 ordinum
407 1077 557 1156 iratres
598 1075 753 1156 habent
793 1077 912 1163 loca,
953 1076 1194 1156 concedere
1222 1076 1275 1154 di·

184 1204 332 1294 gnetur
359 1187 614 1276 facultatem·

286 1434 392 1513 Item
433 1437 644 1541 supplicat
684 1437 820 1515 dictae
861 1441 1027 1514 vestrae
1067 1435 1276 1514 sanctitati

184 1555 292 1632 idem
333 1553 490 1644 banus,
528 1565 730 1660 quatenus
758 1561 799 1638 in
829 1581 1015 1662 persona
1042 1557 1183 1636 dilecti
1212 1580 1274 1636 ca·

182 1675 333 1778 pellani
361 1679 403 1753 et
429 1679 572 1758 nuncii
600 1681 663 1757 sui
699 1675 960 1779 Georgii,
998 1675 1179 1758 bominis
1208 1677 1276 1756 dei

183 1796 236 1875 de
271 1793 446 1888 Berito,
487 1798 587 1879 alias
626 1795 725 1880 dicti
763 1803 815 1879 de
853 1799 1007 1904 cipro,
1047 1795 1275 1905 specialem

183 1914 359 2028 gratiam
387 1918 588 2000 facientes
609 1923 748 2002 eidem
764 1914 964 2024 Georgio,
992 1925 1138 2026 utpote
1166 1913 1275 1997 bene

20 2063 25 2079 ·
183 2041 358 2118 meritae
387 2049 430 2119 et
457 2035 649 2121 literatae
676 2067 900 2147 personae,
928 2036 979 2120 de
995 2066 1079 2120 uno
1096 2041 1161 2118 vel
1178 2039 1274 2118 duo·

184 2160 261 2237 bus
292 2157 512 2240 beneflciis
541 2157 803 2264 simplicibus
845 2153 1141 2240 ecclesiasticis
1184 2161 1275 2239 sine

184 2303 285 2359 cura
299 2279 556 2370 vacantibus,
571 2283 622 2358 ad
644 2304 847 2385 praesens
876 2279 943 2358 vel
970 2283 1164 2388 proxime
1192 2289 1275 2360 uta·

183 2408 250 2478 tur
277 2401 319 2476 in
348 2395 514 2479 civitate
541 2395 608 2480 vei
622 2397 795 2502 dyocesi
824 2396 1181 2506 spalatensi,
1212 2425 1275 2477 us·

183 2543 265 2619 que
303 2519 354 2595 ad
395 2519 582 2596 valorem
624 2535 855 2596 annulorum
894 2516 974 2598 LX.
1013 2514 1275 2598 florenorum

183 2633 297 2722 auri,
336 2635 622 2743 spectantibus
662 2635 712 2718 ad
743 2639 1008 2721 collationem
1050 2639 1275 2744 archiepis·

184 2756 285 2861 oopi
312 2755 583 2860 Spalatensis,
622 2759 674 2837 de
701 2759 874 2864 speciali
915 2757 1047 2860 gratia
1084 2755 1276 2860 dignetur

181 2878 438 2980 providere,
480 2905 575 2960 cum
604 2875 853 2962 inhibitione
897 2883 1072 2962 decreto
1101 2887 1144 2959 ct
1171 2881 1274 2960 clau·

182 3000 269 3075 sula
298 2999 510 3079 anteferri.
554 2997 643 3078 Non
687 2999 878 3080 obstante
919 3002 1031 3104 quod
1059 2997 1170 3081 idem
1199 3003 1274 3080 Ge·

184 3120 327 3220 argius
351 3120 655 3202 canonicatum
686 3129 728 3201 et
755 3119 1037 3228 praebendam
1067 3119 1109 3202 in
1138 3127 1274 3204 eccle·
1351 3193 1357 3204 .

183 3241 243 3318 sia
280 3239 515 3344 spalatensi
552 3251 594 3321 et
635 3245 835 3345 quandam
879 3243 1100 3323 ecclesiam
1141 3243 1274 3321 sancti

181 3355 342 3440 Nicolai
370 3359 422 3440 de
449 3370 576 3466 portu
605 3360 866 3467 Spaletensi,
907 3388 1086 3466 quorum
1115 3363 1273 3441 fructus

183 3474 307 3558 annui
334 3473 557 3561 duodecim
586 3483 771 3588 florenos
799 3508 885 3562 non
922 3484 1137 3584 attingunt,
1165 3471 1207 3558 et
1233 3482 1273 3558 in

184 3599 480 3680 Collosenensi
508 3603 691 3684 ecclesia
718 3603 876 3683 insulae
903 3601 1023 3693 Rodi,
1059 3598 1274 3682 canonica·

182 3726 282 3814 tum,
310 3723 362 3799 de
391 3745 473 3824 quo
508 3723 566 3812 nil
601 3727 809 3830 percipit,
838 3725 1029 3804 noscitur
1069 3723 1274 3815 obtinere;

184 3866 308 3923 secus
349 3850 394 3921 ut
421 3847 531 3923 dlcta
572 3845 779 3926 beneficia
820 3871 927 3947 quae
968 3845 1154 3932 obtinet,
1193 3867 1274 3924 una

183 3989 278 4043 cnm
321 3963 557 4044 obtinendis
597 3991 677 4070 per
714 3967 834 4045 huius
872 3971 1054 4045 vestram
1098 3969 1273 4066 gratiam

183 4085 295 4165 licite
336 4085 521 4165 retinere
560 4087 725 4175 valeat.
769 4086 961 4190 dignetur
1001 4089 1053 4166 de
1080 4086 1272 4168 uberiori

183 4208 325 4306 gratia,
351 4207 688 4320 misericorditer
715 4206 985 4314 dispensare,
1013 4211 1057 4286 at
1073 4227 1176 4288 cum
1205 4230 1270 4290 ce·
