3192 5112
354 380 399 466 6⁸

356 586 513 682 mices,
550 609 627 690 pro
656 610 736 687 qua
775 587 1055 687 gratiasquas
1083 583 1293 686 possimus
1321 582 1447 664 reler-

357 707 484 784 rimus
513 705 683 786 domino
701 707 790 783 Deo
820 714 980 798 nostro,
1006 706 1078 810 qui
1105 731 1233 808 super
1259 731 1337 790 nos
1366 711 1446 784 tan·

356 834 438 904 tam
466 825 640 926 gratiam
683 833 725 904 et
752 825 1086 907 misericordiam
1115 826 1344 908 clementer
1372 823 1449 904 fuit

356 947 546 1046 dignatus
576 945 827 1034 ostendere;
870 943 1218 1026 recomendanles
1259 967 1447 1044 maguam

353 1067 607 1168 probitatem
641 1075 683 1144 et
709 1066 893 1142 valorem
921 1091 1041 1146 suum
1070 1076 1112 1146 et
1139 1069 1324 1170 gentium
1354 1091 1447 1144 nns-

355 1197 535 1276 irarum,
578 1212 700 1288 quarn
731 1186 771 1262 in
798 1186 879 1264 hiis
907 1194 951 1264 el
977 1187 1066 1266 aliis
1094 1187 1253 1264 nostris
1278 1187 1448 1266 honori·

353 1311 430 1386 bus
459 1316 501 1385 et
527 1309 709 1386 seruitiis
749 1309 997 1386 habuerunt.
1049 1309 1102 1388 ut
1128 1309 1323 1388 nolentes
1350 1331 1447 1388 esse

351 1428 500 1526 ingrati
529 1430 581 1508 de
607 1434 722 1504 tanto
751 1425 954 1506 beneficio
983 1435 1027 1506 et
1053 1427 1180 1516 douo,
1201 1427 1276 1504 sed
1302 1428 1446 1532 potius

350 1550 541 1626 volentes
585 1557 748 1625 mentes
777 1556 943 1626 nostras
985 1549 1256 1626 conformare
1285 1549 1336 1624 ad
1376 1549 1448 1630 bo·

350 1696 447 1748 num
469 1669 690 1749 concordii
718 1679 760 1747 et
774 1671 905 1772 pacis,
934 1672 1156 1753 intellectis
1186 1671 1338 1750 litteris
1358 1668 1446 1746 suls

350 1790 600 1892 adplenum
642 1774 950 1868 continentibus
980 1791 1032 1870 de
1061 1789 1307 1870 tractatibus
1334 1787 1447 1866 habi·

351 1911 402 1987 tis
427 1938 528 2008 ‚cum
569 1913 807 1992 domino
849 1913 1344 1993 banoBossiuae,
1384 1911 1447 1990 sic

351 2031 663 2132 respondemus
692 2033 776 2128 eie,
819 2035 933 2134 quod
965 2031 1108 2134 opinio
1151 2032 1275 2114 trium
1314 2029 1444 2129 magis

348 2149 505 2236 solida,
547 2163 590 2228 et
616 2151 709 2255 plus
743 2154 973 2232 secundum
1003 2151 1317 2229 terminationes
1352 2171 1445 2226 nos-

349 2279 434 2348 tras
457 2269 581 2348 nobis
604 2269 693 2348 visa
715 2281 791 2370 est,
822 2280 865 2350 et
888 2271 1067 2352 liventer
1088 2272 1304 2358 vellemus,
1319 2291 1444 2372 quum

348 2389 460 2467 foret
487 2390 693 2492 possibile
735 2395 867 2470 etsie
910 2391 1089 2469 instetur
1128 2413 1204 2492 per
1239 2415 1315 2468 eos
1355 2393 1444 2469 tolo

347 2535 499 2612 posse,
557 2511 607 2589 ad
650 2513 989 2616 componendum
1030 2513 1187 2591 lactum
1227 2509 1445 2586 dadrae

350 2656 443 2710 cum
473 2632 562 2709 aliis
591 2635 717 2711 terris
746 2633 935 2724 insimul;
961 2633 1172 2736 poscendo
1201 2629 1444 2736 expendere

347 2775 426 2852 pro
464 2751 550 2829 hoe
607 2751 640 2830 C
695 2755 803 2831 mille
857 2753 1045 2832 florenos
1089 2761 1131 2832 et
1181 2749 1261 2830 XX
1328 2749 1443 2826 mille

346 2893 423 2970 pro
453 2869 704 2957 baronibus,
732 2873 961 2952 secundum
991 2874 1166 2950 formam
1196 2867 1444 2946 determina·

345 2991 505 3068 tionum
547 2991 752 3072 factarum
791 3019 870 3096 per
906 3021 993 3073 nos.
1048 2993 1124 3071 Set
1150 2973 1315 3093 quan'do
1357 2983 1443 3068 hcc

346 3137 429 3190 non
456 3120 606 3215 posset
632 3115 751 3211 lieri,
795 3117 888 3216 quia
916 3119 1048 3194 altera
1075 3137 1172 3213 pars
1198 3113 1327 3190 vellet
1360 3121 1444 3188 tau·

345 3239 432 3311 tum
461 3257 722 3335 componere
751 3235 803 3315 de
832 3237 1003 3316 l'acto
1031 3233 1271 3322 delirae,
1299 3255 1441 3308 sumus

346 3353 547 3442 contenti,
575 3355 690 3454 qnod
714 3353 966 3434 habentibus
993 3355 1118 3434 nobis
1142 3359 1293 3432 statum
1315 3359 1357 3429 el
1376 3376 1442 3428 an·

320 3482 386 3550 te
416 3475 551 3552 omnia
581 3475 791 3552 civitatem
819 3475 995 3566 dadrae,
1024 3475 1160 3554 libere
1189 3498 1284 3554 cum
1313 3472 1440 3555 omni·

345 3593 422 3670 bus
450 3583 681 3693 fortiliciiS,
712 3595 884 3687 insulis,
913 3596 1167 3676 districtibus
1204 3601 1246 3670 et
1276 3600 1357 3672 cet.
1399 3601 1442 3671 et

346 3716 619 3794 renunciante
642 3739 756 3815 rege,
789 3741 866 3817 pro
892 3743 938 3796 se
952 3717 1181 3796 heredibus
1210 3723 1254 3794 et
1275 3739 1441 3794 sueces-

344 3834 512 3913 soribus
541 3838 654 3927 suis,
695 3837 888 3916 omnibus
909 3840 1099 3937 juribus,
1135 3861 1241 3939 quae
1269 3859 1424 3938 quomo

344 3953 570 4058 docunque
611 3958 776 4038 diceret
811 3960 877 4036 rol
906 3968 1053 4063 posset
1093 3958 1252 4040 habere
1292 3957 1437 4055 lueis,

343 4099 393 4156 ac
420 4077 726 4156 remittentibus
755 4077 875 4156 nobis
903 4080 1072 4160 iniurias
1098 4077 1349 4180 praeteritas
1369 4077 1437 4156 Ja-

341 4197 525 4291 dratinis,
551 4200 714 4302 possint
740 4199 983 4302 expendere
1012 4201 1186 4282 ducatos
1215 4193 1288 4280 LX
1302 4201 1438 4304 mille,
