3230 5104
184 591 271 646 rem
299 576 489 648 nostrum
518 571 736 674 adipsum
764 595 909 672 regem
950 573 1193 675 Hungario,
1229 583 1276 658 nt
1415 664 1419 682 1

183 689 377 768 collectis
406 690 590 791 undique
618 690 855 770 vicinorum
870 715 1096 790 regnorum
1125 703 1274 799 etnos·

86 830 90 836 ·
182 809 255 887 tris
284 808 556 912 possibilibus
584 813 762 898 auxiliis,
791 836 965 912 regnum
1002 839 1121 894 suum
1151 820 1273 908 tueri,

182 955 230 1008 ac
257 933 384 1008 etiarn
412 955 653 1031 regnum
682 934 931 1013 Bossine
961 939 1011 1014 ab
1041 937 1155 1014 omni
1190 963 1273 1015 mo·

182 1051 301 1129 lestia
328 1053 551 1130 sublevare
594 1051 741 1154 possit.
1000 1049 1002 1056 '

284 1171 408 1250 Circo
450 1183 611 1274 purtem
653 1171 863 1251 missionis
892 1173 943 1250 ad
971 1173 1159 1254 Turnum
1196 1201 1274 1282 pro

181 1292 453 1393 intelligendo
497 1281 677 1372 animum
718 1319 839 1371 suum
882 1301 925 1372 et
961 1307 1043 1376 cet.
1085 1298 1276 1392 dicimus,

181 1413 294 1514 quod
321 1414 355 1490 si
382 1415 422 1492 id
466 1414 611 1504 tieret,
641 1417 854 1496 credimus
884 1420 998 1520 quod
1026 1421 1177 1523 pocius
1216 1449 1275 1498 es-

181 1538 247 1609 set
273 1534 467 1612 nocivum
498 1561 622 1638 quam
651 1539 765 1628 utile;
790 1537 865 1616 sed
880 1563 1097 1641 speremus
1120 1551 1162 1618 et
1178 1567 1273 1622 con·
1327 1589 1329 1594 ·

179 1650 342 1732 fidimus
370 1657 410 1732 in
439 1657 521 1734 deo
551 1666 699 1736 nostro
727 1666 772 1736 et
799 1659 839 1734 io
867 1659 932 1736 his
962 1685 1046 1762 que
1081 1662 1161 1740 ium
1190 1673 1272 1740 tan·

181 1777 274 1854 dem
331 1781 594 1856 Summos
647 1779 931 1858 Pontifex
967 1790 1011 1858 et
1063 1781 1275 1884 principes

182 1897 409 1978 Christiani
438 1901 557 1979 brevi
583 1903 832 2004 disposituri
873 1907 990 1990 sunt,
1032 1901 1147 2002 quod
1178 1924 1273 1978 cum

179 2020 472 2101 sublimatione
500 2023 888 2122 etgloriunominis
918 2022 1145 2102 Christiani
1174 2020 1274 2098 mui-
1407 2079 1409 2087 Α

180 2147 219 2217 ta
249 2143 360 2219 bona
396 2143 483 2223 cito
514 2145 605 2223 tieri
645 2149 861 2247 poterunt.
903 2143 957 2222 lu
983 2143 1038 2220 nit
1076 2143 1212 2218 minus
1239 2141 1274 2216 si

179 2259 291 2340 forte
332 2265 617 2364 contingeret,
658 2265 772 2368 qood
801 2263 955 2366 aliquid
995 2287 1072 2367 per
1098 2287 1176 2340 nos
1205 2260 1274 2338 ne·

180 2390 245 2460 ret
272 2404 367 2460 cum
396 2387 553 2473 '1¹urco,
581 2386 739 2464 erimus
769 2388 954 2476 libenter
979 2407 1190 2462 memores
1219 2384 1273 2460 de

179 2511 335 2604 quanto
362 2505 578 2594 dixerunt,
608 2533 716 2609 quos
758 2509 885 2586 etiam
912 2505 1148 2583 advisamus
1175 2530 1274 2582 nun·

179 2625 289 2700 cium
330 2625 493 2704 Turchi
547 2629 631 2706 hnc
683 2627 864 2715 venisse,
905 2637 951 2706 ut
988 2626 1095 2705 dixit
1132 2626 1272 2704 sotum

176 2767 256 2846 pro
294 2747 422 2824 certis
464 2747 789 2851 particularibus
804 2747 1048 2825 differenttls
1066 2757 1273 2824 mercato·

177 2887 280 2952 rum,
310 2867 408 2958 ticet
436 2873 573 2944 tumen
601 2892 680 2944 nos
698 2869 989 2945 existimemus
1016 2865 1132 2967 quod
1160 2865 1272 2965 prin·

178 2985 369 3090 cipetiter
406 2986 584 3075 venerit,
619 3011 698 3089 pro
741 2986 1012 3091 exptorandis
1048 2983 1174 3064 rebus
1203 3010 1273 3066 no·
1411 3011 1412 3014 ‘

178 3108 293 3184 stri.

259 3135 465 3321 sVerum,
506 3255 630 3332 quum
661 3236 856 3312 oratores
893 3229 972 3333 ipsi
1002 3233 1046 3305 ut
1074 3229 1274 3308 dixerunt

178 3353 230 3430 ad
259 3351 478 3430 Summum
506 3351 753 3432 Pontificem
780 3351 1019 3456 profecturi
1047 3359 1165 3439 snut,
1203 3375 1273 3450 pe·

180 3477 358 3574 tuntque
398 3475 511 3552 seire
550 3474 722 3552 anobis
763 3473 860 3576 quid
903 3472 1138 3574 exposituri
1168 3475 1289 3559 sunt,

176 3589 365 3682 dicimus,
392 3593 505 3695 quod
535 3595 834 3694 cognoscimus
860 3589 1176 3671 serenissimum
1204 3592 1275 3670 do·
1341 3629 1347 3638 ·
1478 3575 1481 3582 ¹

178 3713 334 3791 minum
363 3741 480 3793 suum
507 3715 893 3817 prudentissimum,
920 3737 998 3794 nec
1026 3711 1276 3798 dubitamus,

175 3837 291 3934 quod
322 3837 542 3914 comiserit
577 3838 662 3926 eis,
703 3861 962 3939 quecunque
1005 3831 1278 3936 expedientia

175 3953 257 4030 sint
284 3962 326 4033 et
367 3955 431 4062 ad,
461 3957 728 4060 propositum
777 3980 919 4035 rernm
960 3975 1157 4038 suorum,
1198 3975 1277 4053 pro

121 4127 123 4132 -
177 4073 328 4176 quibus
356 4075 481 4155 etiam
510 4077 659 4154 metius
688 4079 930 4158 obtinendis
958 4075 1175 4154 offerimus
1197 4097 1276 4152 nos

175 4195 412 4299 scripturos
440 4195 491 4274 od
520 4201 738 4276 oratorem
780 4207 971 4279 nostrum
997 4201 1048 4370 inl
1070 4194 1203 4280 curia,
1230 4209 1276 4280 ut

978 4325 980 4329 ’
1053 4325 1075 4390 5
