3224 5110
1233 363 1297 430 423

205 572 407 673 predictis
436 629 444 646 .
472 627 482 649 .
511 630 519 646 .
547 571 597 648 ad
626 593 775 672 paoem
812 568 1013 648 devenire
1040 595 1124 650 non
1153 595 1295 675 posse·

207 693 269 782 tis,
297 693 491 770 nolumus
519 699 562 770 ut
589 695 791 793 pratioam
819 693 935 794 panis
965 692 1191 794 frangatis,
1219 693 1296 771 sed

205 874 213 890 .
242 871 252 892 .
280 872 289 891 .
317 813 544 892 advisando
572 837 650 891 nos
680 873 688 890 .
717 871 726 890 .
755 871 765 892 .
795 815 989 894 distinete
1018 815 1071 892 de
1101 817 1296 893 omnibus

205 934 476 1036 petitionibus
511 935 679 1036 despoti
708 991 718 1011 .
748 987 759 1009 .
789 993 797 1010 .
828 995 838 1014 .
869 942 910 1011 et
939 935 990 1013 de
1018 938 1207 1014 terminis
1247 939 1297 1014 ad

207 1077 314 1157 quos
342 1055 529 1132 ultimate
557 1047 700 1132 seeum
742 1057 1042 1136 devenistis„
1073 1118 1078 1130 .
1109 1081 1193 1133 non
1222 1057 1297 1134 dis·

207 1175 395 1255 cedendo
413 1177 465 1250 de
482 1173 562 1250 iilis
578 1173 775 1276 partibus,
804 1173 877 1250 sed
906 1174 1170 1278 expectando
1188 1199 1294 1253 man·

206 1299 359 1373 datum.
403 1295 603 1372 Advisate
644 1296 817 1396 insuper
853 1319 932 1372 nos
966 1299 1019 1374 de
1047 1295 1296 1375 conditioni-

207 1417 283 1494 bus
311 1424 353 1494 et
379 1417 647 1494 morimentis
679 1415 807 1518 ipsius
835 1416 1024 1522 despoti‚
1052 1441 1227 1494 numero
1256 1427 1297 1496 et

208 1541 406 1643 qualitate
435 1563 484 1622 ao
513 1537 807 1639 progressibus
835 1540 1018 1638 gentium
1047 1565 1225 1628 suarum,
1253 1545 1300 1626 ut¹
1370 1581 1373 1586 ·

209 1722 216 1736 .
245 1717 256 1737 .
284 1718 294 1739 .
321 1659 548 1762 providere
578 1660 799 1760 possimus.

309 1782 373 1862 Ad
402 1779 553 1856 factum
584 1779 1067 1880 Scanderbeghi,
1096 1781 1298 1860 intellexi·

207 1925 298 1977 mus
339 1911 536 1999 quantum
578 1897 762 1976 scribitis
793 1900 845 1976 de
879 1899 1143 1988 Turcho,
1185 1900 1298 2002 quod

207 2023 257 2098 ab
288 2020 376 2097 eius
393 2019 645 2122 opressione
660 2043 706 2094 se
723 2019 887 2116 levavit,
917 2019 1096 2098 dimissis
1117 2019 1299 2098 'l'urehis
1442 2111 1443 2117 Ν

208 2141 247 2216 L.
288 2165 366 2245 pro
409 2137 596 2241 quotibet
637 2139 837 2219 fortiiieio
880 2147 1090 2242 occupato
1133 2146 1213 2220 etc.
1256 2149 1299 2219 et

206 2261 314 2339 nulia
342 2283 438 2336 oum
464 2261 558 2361 ipso
589 2260 928 2362 Scanderbegho
958 2285 1063 2363 paee
1090 2262 1158 2338 rei
1187 2266 1297 2338 treu-

208 2405 287 2483 gua
316 2383 451 2471 iacta3
492 2407 598 2483 quae
633 2406 702 2460 res
730 2384 829 2462 satis
858 2392 1003 2484 aperto
1032 2381 1188 2461 indicio
1218 2391 1296 2471 est,

116 2589 120 2596 ,
206 2504 424 2582 Turehum
466 2503 602 2608 ipsum
631 2505 681 2580 ad
709 2506 839 2606 ipsius
869 2503 1187 2605 Scanderheghi
1225 2504 1300 2580 rui-

208 2651 300 2706 nam
342 2647 611 2702 reversurum
655 2648 772 2717 esse,
813 2633 854 2702 et
896 2624 1182 2702 verisimiliter
1209 2624 1297 2726 ipse

209 2747 542 2845 Scanderbegus
568 2747 620 2824 ad
650 2746 939 2823 defensionem
967 2769 1083 2825 suam
1114 2754 1155 2823 et
1183 2769 1297 2822 reuu-

209 2869 469 2972 perationem
526 2867 718 2944 iocorum
767 2893 954 2957 suorum,
986 2893 1066 2972 per
1104 2865 1300 2945 Turehos

209 2997 531 3089 occupatorum,
558 2987 699 3090 potius
726 3011 878 3067 vacare
914 2991 1055 3080 debet,
1096 3011 1218 3090 quam
1247 2987 1298 3063 ad

208 3109 482 3187 offensionem
505 3117 703 3197 nostram;
732 3117 774 3187 et
801 3111 992 3187 volumus
996 3161 1157 3193 .....
1188 3107 1298 3207 qnod

206 3230 240 3306 si
270 3229 443 3330 aliquam
471 3227 578 3304 viam
609 3283 619 3305 .
649 3285 659 3305 .
688 3287 697 3307 .
726 3227 875 3306 videtis
903 3227 1150 3332 possibilem
1180 3226 1297 3304 redu·

210 3351 330 3431 nendi
356 3350 394 3427 Τ
408 3377 434 3426 u
451 3347 592 3426 rehu
610 3374 650 3426 m
678 3349 727 3426 ad
757 3348 918 3427 ruinam
933 3373 1063 3434 suam,
1091 3347 1190 3424 nihil
1206 3370 1297 3450 pre-

81 3459 82 3462 *
205 3467 444 3550 termittatis
474 3471 523 3547 ad
551 3469 860 3548 sollicitandam
888 3471 979 3547 eius
1009 3467 1194 3546 ultimam
1223 3467 1299 3542 rui-

208 3615 300 3670 nam
344 3598 386 3667 et
427 3592 705 3667 eversionem.
747 3588 918 3688 Quando
962 3613 1068 3666 vero
1110 3588 1299 3666 videritis

206 3711 481 3788 Turohos
521 3709 659 3788 taliter
702 3719 962 3812 occupator,
991 3709 1106 3811 quod
1135 3707 1298 3786 Senu-

151 3862 154 3870 ’
208 3834 507 3930 derbegus
548 3831 587 3906 in
627 3839 735 3910 statu
770 3839 811 3908 et
844 3833 1032 3932 potentin
1078 3852 1299 3909 mansurus

207 3955 270 4046 sit,
299 3955 491 4032 volumus
521 4007 532 4030 .
563 4011 572 4030 .
602 4010 611 4030 .
639 3963 684 4030 ut
711 3977 857 4030 seeum
887 3953 1087 4055 protinam
1119 3975 1298 4030 oouoor-

207 4075 264 4152 dii
292 4076 397 4152 inire
426 4072 641 4159 debeatis,
677 4073 888 4176 possendo
927 4070 1216 4174 promittere.
1247 4125 1258 4146 .
1288 4138 1298 4160 ,

206 4197 417 4298 usquead
446 4193 629 4272 ducatos
669 4199 747 4272 6⁰0
784 4193 823 4269 in
865 4217 1000 4280 auno,
1027 4192 1298 4294 promittente
