3192 5112
354 443 398 508 88

356 670 544 728 amorem
572 671 671 724 snae
699 641 972 723 excellentiae
1026 671 1101 722 eos
1135 644 1352 748 bucusque
1379 669 1441 724 re·

355 772 627 848 comendatos
653 769 931 845 habueramus
959 773 1002 842 et
1027 765 1184 843 babere
1204 765 1441 846 intendeba-

356 915 457 976 mus,
486 888 714 966 dummodo
743 888 942 977 lacerent,
971 885 1084 987 qnod
1112 885 1327 994 deberent.
1367 885 1442 964 flet

354 1029 489 1112 nuper
526 1008 806 1086 intelleximus
844 1007 1057 1085 relacione
1085 1007 1288 1097 veridica,
1326 1008 1440 1109 quod

354 1127 455 1208 dicti
482 1128 714 1204 Curiach
743 1135 784 1204 et
811 1125 1127 1236 Bndislauns
1152 1123 1441 1231 Ugrlgnlcb

353 1249 561 1324 adbunant
589 1253 631 1323 et
665 1247 876 1324 cumulant
916 1244 1151 1324 victualiam
1180 1247 1256 1324 toti
1292 1269 1442 1323 eorum

355 1395 496 1472 posse,
550 1392 628 1470 pro
682 1368 880 1471 ponendo
936 1366 1095 1444 camin
1148 1365 1174 1442 J
1190 1366 1352 1454 adra,
1391 1365 1442 1444 si«

321 1487 437 1563 'mul
467 1513 561 1565 cnm
599 1485 668 1563 illa
703 1486 903 1564 banum
933 1485 1308 1575 sclavoniae,
1336 1509 1442 1587 quac

355 1605 522 1708 quidem
550 1613 742 1684 nonsunt
770 1629 905 1696 causa,
935 1605 1049 1706 quod
1077 1603 1301 1682 debeamus
1328 1605 1444 1709 ipsos

354 1725 513 1802 habere
552 1727 826 1804 comendatos
853 1733 919 1803 set
960 1726 1232 1804 contrarium.
1266 1725 1318 1802 Iit
1344 1726 1441 1802 ideo

354 1867 553 1942 rogemus
582 1845 712 1947 ipsius
749 1843 1087 1943 magnitudinem,
1129 1851 1334 1947 quatenus
1361 1841 1441 1921 sibi

352 1965 518 2069 placeat
558 1965 755 2043 mandare
784 1975 826 2042 et
855 1966 1052 2044 ordinare
1094 1989 1169 2069 per
1195 1965 1306 2040 illam
1333 1965 1442 2042 viana

354 2109 461 2185 quae
501 2084 580 2164 sibi
620 2085 857 2172 videbitur,
912 2086 1107 2189 praelatis
1148 2083 1361 2165 Curiacbo
1402 2091 1445 2162 et

352 2207 578 2284 Budislano
607 2205 856 2307 Ugrignich,
887 2206 997 2310 qnod
1028 2231 1049 2283 a
1077 2205 1226 2285 talibus
1267 2208 1445 2289 adhunan

355 2325 537 2406 tionibus
566 2327 808 2406 victualium
849 2327 1031 2405 debeant
1069 2329 1185 2405 sein
1215 2335 1349 2408 totum
1377 2329 1444 2408 ab·

353 2450 532 2534 stinere,
562 2457 603 2526 et
630 2459 675 2526 nt
702 2449 809 2526 bene
852 2449 1074 2528 comodata
1115 2449 1259 2529 lacere
1300 2452 1444 2538 scient,

356 2569 566 2670 negotium
596 2576 715 2648 caute
743 2572 997 2674 perturbare
1025 2565 1217 2661 debeant,
1243 2595 1334 2648 nam
1359 2574 1444 2651 nol·

354 2689 531 2768 lentibus
586 2691 686 2793 ipsis
713 2717 759 2769 se
814 2689 1107 2790 abstinet-cab
1135 2689 1311 2800 inceptis
1366 2717 1445 2796 per

355 2839 443 2898 eos,
473 2811 689 2928 oportebit
729 2837 806 2889 nos
837 2818 985 2889 contra
1027 2809 1143 2914 ipsos
1184 2811 1365 2915 operari,
1393 2813 1443 2890 si·

356 2939 426 3010 ent
453 2956 531 3033 pro
571 2931 735 3009 honore
764 2940 806 3009 et
834 2929 944 3009 bono
985 2929 1240 3029 agendorum
1282 2937 1442 3010 nostro·

357 3076 447 3130 rum
473 3053 706 3130 videbimus
734 3053 826 3132 lore
855 3059 1067 3156 oportum.

837 3207 939 3282 Sacr.
962 3207 1093 3292 Rogat..
1116 3203 1190 3278 Lib.
1214 3205 1239 3270 1.
1269 3205 1325 3284 cla.
1348 3205 1400 3284 aa.

475 3393 674 3494 LXXI·
709 3413 818 3488 talo.
847 3417 911 3491 21.
951 3410 1308 3489 Novembris.

356 3589 578 3666 3araroneao':
610 3622 714 3669 asara
740 3605 823 3680 basy
846 3607 1072 3672 Bocaaaaon
1106 3621 1179 3665 rnna
1204 3623 1221 3666 a
1246 3599 1385 3678 aspasio.
1407 3622 1446 3672 aa

430 3710 510 3766 abra
536 3725 732 3768 nocuasnsn
757 3705 934 3775 sacrastis
959 3724 1042 3780 noas
1068 3724 1172 3782 apaan
1194 3710 1373 3767 Pamnorn.

459 3875 612 3979 Capta:
643 3878 757 3978 quod
798 3874 1004 3954 scribatur
1043 3874 1237 3954 Nicolino
1276 3874 1446 3962 notario

354 4004 519 4085 nostro,
561 3999 674 4098 quod
717 3995 841 4075 iaciat
892 4002 1035 4073 notum
1086 4017 1163 4098 per
1202 3996 1446 4098 deputatum

354 4119 819 4220 nostrumHelyam,
856 4119 1026 4197 domino
1069 4117 1215 4193 bano
1255 4115 1445 4195 Rossi·

355 4262 485 4330 naa,
512 4239 688 4352 qualiter
714 4243 890 4319 nuncius
917 4244 1085 4324 noster,
1113 4237 1262 4315 missus
1290 4237 1342 4315 ad
1368 4259 1445 4316 re·
