3206 5110
191 637 193 642 .
335 567 697 675 cmxxv.
730 589 839 666 ma
868 591 903 664 a.
938 575 1101 666 nulli.

170 787 389 846 Hacrauesb
418 803 455 843 aa
485 799 719 862 npoaaanropa
754 779 973 858 lloropcaors
998 785 1111 860 Μαρια
1140 785 1263 860 Bapda·

169 907 260 962 pana,
283 892 406 964 ruaybe
430 905 469 946 ce
491 904 678 964 yroaapanu
704 903 787 962 aspa
811 902 848 942 ea
863 902 1060 958 paenorum·
1074 876 1264 964 Cp'dcaaua.

274 1071 494 1153 scribatur
521 1069 602 1150 Ser
630 1071 811 1150 Marco
841 1069 1142 1153 Euchadiae,
1170 1092 1264 1171 pro·
1333 1083 1340 1098 ·

174 1193 305 1272 visori
335 1193 488 1282 Catari,
515 1195 555 1269 in
583 1191 664 1269 bac
694 1191 842 1269 forma:

275 1311 324 1392 Ul
348 1314 400 1390 de
417 1313 651 1391 intentione
680 1317 824 1388 nostra
852 1333 978 1415 super
1008 1311 1119 1390 iacto
1149 1311 1265 1411 pacis

172 1433 413 1512 tractandae
443 1455 537 1511 cum
566 1433 739 1510 domiuo
782 1429 1267 1534 despolollassiae.
1350 1519 1354 1532 p
1458 1463 1461 1478 ¹

172 1579 247 1633 seu
277 1579 371 1634 cum
399 1553 481 1632 illis
511 1557 580 1656 qui
609 1553 660 1632 ab
689 1579 742 1632 eo
772 1552 1006 1650 libertatem
1049 1553 1267 1638 baberent,

172 1675 263 1752 sitis
294 1674 557 1760 informatus,
588 1699 670 1752 rron
700 1675 966 1753 obstantibus
996 1673 1087 1750 aliis
1109 1671 1268 1752 austris

176 1793 568 1879 mundatis,'vobis
611 1819 745 1896 nsque
783 1795 823 1871 in
860 1799 1125 1895 praesentem
1154 1791 1267 1870 diem

175 1913 383 2000 comissis,
411 1915 531 1989 vobis
563 1935 658 1990 uum
686 1913 846 1990 nostris
875 1913 1067 1992 consiliis
1103 1919 1267 2012 rogato·

176 2055 267 2110 rum
310 2043 353 2111 et
395 2031 627 2112 addiciunis
675 2030 894 2110 scribimus
934 2039 976 2108 et
1016 2031 1269 2120 mandamus,

176 2163 381 2257 quaetenus
417 2154 569 2234 dictam
612 2177 760 2257 pacem
799 2162 1060 2256 pertractare
1096 2165 1137 2232 et
1175 2175 1269 2232 con·

175 2273 348 2352 cludere
378 2277 582 2364 debeatis,
611 2274 858 2352 secrrmdum
878 2275 1057 2352 formam
1086 2281 1129 2352 et
1156 2281 1268 2350 leno·

175 2415 266 2472 rem
311 2393 486 2472 cedulae
529 2393 823 2498 praesentibus
870 2396 1156 2480 introclusus,
1197 2395 1268 2497 qui

177 2515 311 2592 t'orma
340 2521 382 2591 et
410 2526 533 2592 tenor
560 2527 654 2593 salut
694 2517 923 2595 secuudum
967 2517 1267 2594 continentiam

174 2633 336 2738 primae
378 2635 662 2722 ambasiam,
702 2657 825 2738 quam
853 2635 973 2711 vobis
1014 2635 1270 2722 comisimus,

177 2754 343 2856 quaudo
372 2755 508 2858 primo
538 2754 670 2833 ivistis
699 2755 906 2860 adportes
933 2753 1003 2833 lla
1020 2779 1039 2831 s
1054 2781 1073 2832 s
1087 2757 1100 2834 i
1115 2779 1137 2833 a
1153 2781 1192 2844 e,
1219 2757 1270 2834 si·

177 2879 249 2953 cul
282 2874 506 2966 videbilis,
547 2899 642 2954 cum
684 2878 760 2954 ista
802 2875 1047 2964 addicioue,
1088 2877 1200 2968 cuod
1229 2877 1268 2955 in

179 2997 334 3076 dictam
362 3018 511 3098 pacem
534 3017 696 3098 ponere
725 2993 918 3073 debeatis
950 2993 1271 3073 l'amaliotos

180 3125 221 3194 et
256 3113 711 3204 Pastroviobos‚
745 3122 788 3192 et
815 3115 922 3192 alius
959 3119 1028 3216 qui
1060 3117 1272 3194 venissent

178 3236 227 3312 ad
257 3235 542 3314 obedientiam
560 3247 757 3315 nostram.
775 3237 978 3314 elicuisset
1005 3239 1067 3314 eis
1095 3238 1270 3338 promia·

176 3379 265 3432 sum
296 3355 349 3432 de
380 3357 633 3434 iucluceudo
671 3379 749 3434 eos
787 3361 963 3460 inpane
999 3379 1122 3456 quam
1164 3355 1270 3432 lace·

175 3499 322 3554 remus
352 3501 445 3554 cum
476 3477 714 3554 domino
751 3476 1010 3578 despoto
1039 3476 1270 3579 praedicto.

176 3597 336 3676 Verum
366 3597 463 3702 qnia
491 3597 626 3675 simile
656 3596 891 3676 mandatum
922 3597 1098 3676 lecimus
1138 3599 1270 3676 nobili

176 3720 270 3795 viro
298 3715 379 3794 Ser
407 3715 637 3796 Francisco
665 3715 842 3802 Bembo,
880 3715 1009 3800 militi,
1047 3717 1268 3822 capitaneo

177 3847 325 3916 nostro
353 3837 537 3937 generali
556 3837 723 3940 Culpbi‚
747 3839 800 3914 da
828 3839 1073 3940 praticuudo
1103 3845 1147 3915 ct
1173 3863 1270 3916 cou-

178 3957 387 4037 cludendo
416 3958 566 4036 dictam
596 3979 758 4061 pacem‚
773 3958 980 4054 volumus,
1010 3959 1119 4059 quod
1148 3961 1181 4036 si
1210 3979 1302 4036 re‘
1446 3979 1448 3992 ·

177 4080 353 4183 perietis
368 4103 443 4156 vos
466 4077 629 4158 insimul
659 4102 755 4156 cum
784 4079 1160 4184 diotocapitaueo,
1187 4079 1269 4159 dic·

177 4208 259 4279 tam
288 4223 439 4303 pacem
473 4199 638 4280 insimul
669 4221 762 4280 cum
792 4223 849 4280 eo
875 4201 1087 4306 praticara
1114 4205 1269 4280 alcon·
