3220 5118
228 621 310 698 pro
338 598 452 675 bono
492 604 538 674 at
562 593 706 696 quiete
745 594 879 674 nostri
920 595 1120 680 dominii,
1140 595 1329 701 ‘eundem

227 719 438 794 dominum
468 715 770 794 Hemanuetem
799 713 1164 820 Pbitantropinum
1202 721 1329 791 trans·

228 837 353 938 mittit
380 837 421 918 in
443 837 787 919 ambassiatorem
815 862 936 916 suurn
964 837 1014 913 ad
1043 836 1329 938 praesentiam

228 957 338 1036 dicti¹
356 957 516 1037 domini
543 957 656 1057 regis
684 951 996 1047 Romanorum,
1037 956 1088 1035 ad
1116 955 1328 1034 declaran-

227 1075 326 1154 dum
342 1077 396 1168 ei,
411 1085 566 1178 quanto
594 1077 792 1179 periculo
820 1077 1012 1156 subiacet
1028 1083 1117 1154 tota
1133 1073 1327 1154 Christia-

228 1195 334 1272 nitas
361 1202 405 1272 et
430 1217 550 1271 sunm
576 1195 824 1297 imperium,
850 1202 1030 1297 propter
1057 1217 1256 1296 guerram
1284 1200 1328 1272 et

230 1315 486 1412 divisiones,
527 1314 757 1395 existentes
786 1317 898 1395 inter
927 1317 1083 1395 dictum
1113 1316 1326 1394 dominum

229 1461 372 1536 regem
400 1435 683 1514 Romanorum
712 1425 755 1514 dt
781 1448 971 1516 nostrum
1000 1437 1256 1523 dominium,
1284 1443 1350 1516 et.

226 1559 280 1637 ad
307 1557 591 1636 inducendum
626 1558 785 1635 dictum
828 1559 1042 1636 dominum
1069 1579 1243 1656 regem,
1283 1566 1328 1634 ut

226 1677 331 1754 vetit
370 1675 720 1756 condescendere
749 1678 799 1754 ad
827 1702 1006 1780 pacem,
1048 1677 1325 1756 concordium

227 1797 292 1875 vet
319 1807 520 1896 treuguas
562 1819 655 1874 eum
683 1802 833 1876 nostro
861 1797 1078 1886 domini0;
1119 1796 1326 1898 quianon

227 1916 412 1998 habente
440 1914 554 1994 dicto
590 1916 804 2016 domino
844 1917 1181 2020 imperatore
1218 1917 1326 1994 snb·

227 2037 472 2125 sidium,
500 2035 745 2140 opportebit
772 2039 953 2116 eundem
984 2061 1138 2141 capere
1159 2041 1325 2142 perti·
1432 2140 1435 2148 Ι

229 2169 344 2236 tum
384 2181 506 2234 oum
546 2154 799 2248 Turcbo;
836 2167 879 2237 et
905 2157 1004 2238 ideo
1032 2159 1169 2236 dictus
1196 2158 1325 2248 domi·

192 2295 198 2309 ’
227 2305 307 2364 nus
333 2277 565 2357 Hemanuet
588 2301 641 2356 se
669 2277 822 2358 obtulit
846 2281 1148 2380 interponere,
1185 2286 1228 2358 nt
1255 2277 1325 2358 bo·
1459 2281 1464 2294 '

227 2423 324 2479 num
354 2398 631 2479 concordium
659 2424 735 2476 sen
773 2409 1327 2503 treuguae-consequantur
1388 2483 1396 2506 ,

227 2579 240 2602 .
267 2581 278 2598 .
303 2575 313 2598 t
341 2530 385 2600 et
411 2519 448 2596 si
473 2519 600 2598 nobis
624 2522 791 2599 videtur
828 2523 966 2601 eidem
996 2523 1155 2624 aliquid
1183 2524 1324 2602 comit·

202 2653 335 2742 ,tere
363 2643 430 2722 vet
459 2644 642 2745 aliquem
671 2643 853 2730 mittere,
883 2645 1013 2724 faciet
1039 2649 1324 2746 obsequetur,

228 2768 330 2872 qnid
345 2764 497 2844 :eidem
525 2765 792 2844 comittemus
821 2771 864 2844 et
892 2775 962 2846 cet
964 2816 1212 2846 .......
1240 2789 1326 2844 res·

228 2890 469 2992 pendentur
471 2941 716 2974 .......
745 2887 977 2989 (quomodo
1006 2895 1051 2965 et
1079 2887 1327 2988 quantocies

229 3011 442 3090 tentarunt
485 3007 718 3110 pervenire
760 3009 810 3084 ad
850 3029 1002 3110 pacem
1043 3015 1089 3084 ct
1127 3015 1327 3105 treuguas

233 3127 559 3208 intermediante
584 3150 717 3232 papa,
746 3127 842 3204 dein
871 3127 1062 3230 procavii
1089 3125 1324 3206 Norimber·

232 3275 323 3354 gae,
351 3249 449 3328 dein
472 3242 593 3348 regis
619 3245 825 3326 Potoniae
854 3257 897 3325 et
923 3256 1003 3326 cet.
1030 3247 1120 3325 sine
1143 3247 1326 3341 affectu.)

509 3468 617 3536 secr.
643 3411 753 3534 (iona.
776 3467 907 3554 Rogat·
930 3465 1004 3532 Lib.
1028 3463 1105 3531 vn.
1129 3461 1186 3531 cb.
1211 3468 1283 3532 lae.
