3206 5110
361 425 430 492 578

362 631 475 706 muni
505 624 684 703 Veuctic
713 625 752 700 iu
782 623 960 702 Venetia
989 625 1104 714 dore,
1132 631 1173 700 et
1200 625 1369 702 solvere
1399 625 1461 701 dc'-

363 755 499 835 hccut,
528 753 570 822 et
611 753 833 824 teneantur
860 747 971 846 quod
1001 745 1276 822 constitutum
1304 745 1463 833 estrei

362 871 415 945 (te
458 871 605 948 cetero
639 853 787 941 'fuerit'
822 865 1094 942 coustitutum
1136 888 1212 964 per
1254 863 1461 939 dominum

362 990 513 1065 ducem
543 996 585 1064 et
614 1011 795 1064 comune
824 985 1002 1062 Venetie
1030 983 1221 1062 solvendi
1259 989 1302 1060 et
1338 985 1460 1062 dandi

360 1107 671 1184 abhomiuibus
700 1105 880 1181 Veuetie
908 1103 947 1178 in
977 1105 1157 1182 Venetia
1188 1105 1359 1182 comuni
1388 1105 1464 1180 Ve-

361 1227 474 1304 uetie
504 1251 583 1326 pro
600 1225 713 1303 datio
730 1225 940 1300 dictorum
958 1225 1348 1316 mercimoniorum,
1363 1250 1464 1324 quas
1572 1273 1579 1289 ·

362 1347 515 1424 Veneti
544 1345 763 1422 Venetiam
793 1347 1070 1444 apportarent
1098 1345 1150 1420 de
1179 1365 1309 1441 reguo
1338 1341 1482 1438 Seicig

247 1534 261 1550 ,.
368 1467 436 1557 iic,
466 1477 508 1544 et
535 1467 707 1568 Aputie:
737 1475 779 1542 et
807 1463 893 1541 hoc
923 1487 1023 1541 sone
1051 1463 1308 1561 intelligatur
1336 1463 1371 1537 si
1401 1463 1464 1538 ds·

332 1587 467 1664 ‘tium
496 1584 768 1662 coustitutum
797 1583 890 1684 plus
920 1581 1046 1661 fuerit
1073 1607 1197 1682 quam
1236 1583 1463 1682 ‹circumge-

364 1707 527 1790 simum,
558 1727 653 1778 cum
681 1701 874 1802 superius
902 1703 1197 1796 commeatur,
1242 1703 1353 1800 quod
1392 1703 1464 1778 ho·

365 1825 501 1901 mines
530 1821 698 1921 chusii
741 1821 793 1898 dc
830 1823 1046 1900 mercibus
1073 1820 1195 1920 regui
1223 1821 1398 1901 Scieitie
1426 1831 1465 1896 et

362 1945 517 2048 Apuiie
545 1942 925 2020 debcant-solvere
940 1940 1309 2042 quadragesimum
1327 1967 1466 2019 comu-

360 2063 621 2141 ni'Veuetie.
678 2064 740 2139 Dc
781 2061 995 2142 mercibus
1026 2087 1130 2140 vero
1169 2061 1399 2141 Seiuvouie
1426 2066 1465 2142 iu

360 2183 550 2264 Venetiis
578 2183 708 2260 nichil
750 2183 919 2259 solvere
953 2181 1148 2260 debeant.
1204 2179 1254 2259 lu
1291 2192 1464 2260 tautum·

365 2307 493 2383 modo
523 2326 617 2382 cum
648 2311 830 2405 quotuor
860 2302 1081 2400 navigiolis
1105 2319 1133 2378 'a
1162 2303 1271 2382 LXX
1298 2305 1467 2383 mittieri

362 2434 405 2501 et
432 2423 737 2501 intrudebeaut
765 2421 957 2521 Rogusiui
985 2422 1206 2498 Venetiam
1230 2425 1376 2500 renire
1390 2450 1467 2527 per
1510 2421 1516 2430 ’

362 2567 512 2622 currum
554 2553 597 2621 ct
624 2541 658 2620 si
699 2543 821 2620 aliter
848 2541 1044 2640 Rugusiui
1085 2545 1310 2622 Venetiam
1343 2541 1501 2622 vene·'

366 2666 461 2752 rint,
488 2665 654 2742 solvent
696 2665 884 2765 quintum
926 2667 978 2742 de
1020 2665 1211 2741 omuibus
1253 2667 1471 2744 mercibus

360 2781 565 2863 Romanie
595 2807 697 2882 quas
726 2785 952 2862 Venetiam
978 2787 1277 2887 apportabunt.
1305 2785 1357 2864 Et
1383 2794 1469 2864 tum

359 2927 438 3004 per
465 2915 686 2999 guerrarm'
703 2925 826 3002 (uram
851 2927 1094 3006 perpacem
1123 2905 1282 2996 licitum
1303 2913 1366 2982 est
1397 2905 1470 2984 ua·

359 3023 514 3122 gusiuis
536 3024 607 3100 -ire
637 3025 685 3100 ad
716 3027 989 3103 mercandum
1027 3027 1180 3105 acuit'o
1210 3025 1388 3106 Cornuti
1414 3031 1473 3104 iu-

363 3143 437 3222 fra.
492 3143 537 3219 lu
569 3143 659 3220 otiis
687 3169 792 3220 rero
821 3144 1010 3246 pertibus
1040 3145 1180 3224 vetitis
1222 3171 1300 3248 per
1335 3149 1471 3225 domi·

361 3289 457 3344 uum
487 3267 638 3342 ducem
669 3265 848 3342 Venetie
877 3263 941 3340 ire
971 3257 1471 3368 non‘debesnt‘ssagusi·

361 3385 400 3460 ui
430 3387 507 3462 uisi
536 3388 765 3462 secuudum
797 3385 909 3486 quod
941 3387 1124 3465 feceriut
1150 3385 1319 3466 Veneti.
1356 3389 1469 3465 ltcm

361 3502 410 3576 cb
439 3503 613 3583 Accone
643 3505 747 3582 istuc
777 3511 1003 3606 pertotmu
1035 3505 1305 3590 rireriomet
1333 3507 1470 3583 cPot·

361 3627 569 3722 montorio
594 3625 702 3702 istoc
730 3650 809 3725 per
838 3633 968 3702 totam
998 3627 1193 3704 rivericm
1224 3627 1301 3729 ipsi
1333 3627 1468 3730 uagu-

359 3743 439 3820 siui
467 3755 551 3820 uou
579 3743 736 3823 t'aoieut
764 3751 947 3847 portum
977 3734 1054 3823 nisi
1085 3747 1318 3826 occasione
1355 3749 1469 3826 acei-

360 3863 501 3962 pieudi
524 3853 737 3942 'victualia
767 3888 892 3944 eausa
923 3866 1102 3942 ducendi
1138 3866 1374 3946 Venetiam.
1416 3867 1471 3944 lu

358 3985 548 4064 Venetiis
575 4011 680 4062 vero
697 4005 783 4064 uon
799 3987 955 4064 debent
984 3987 1129 4064 facere
1145 3986 1341 4086 Rogusini
1359 4013 1472 4066 mer-

361 4113 624 4183 catumeum
656 4105 895 4184 ioristcriis
950 4107 1391 4198 circumamicta,
1423 4117 1473 4182 ct

359 4230 527 4322 {sectum
557 4223 723 4300 amodo
753 4228 968 4326 usquead
1000 4231 1087 4306 tres
1117 4237 1247 4306 annos.
1276 4231 1473 4330 compie-
