3154 5102
477 1089 1029 1192 Praelatio

651 1353 851 1364 ..1-——1

303 1577 479 1646 Societas
491 1577 670 1645 litteraria
684 1575 838 1642 Serhica
853 1567 1223 1662 llelgredensis,inixe
1237 1571 1292 1636 sd·

203 1687 364 1750 tendens
388 1685 433 1746 ad
450 1682 737 1769 promovendum
761 1677 911 1744 studium
940 1685 976 1741 ct
1001 1677 1204 1766 augendum
1229 1695 1293 1738 no·

199 1787 313 1851 titiam
338 1785 517 1850 historiae
542 1783 694 1869 patriae,
709 1781 828 1846 omnia
842 1785 1074 1846 monumenta
1100 1773 1166 1840 bue
1188 1795 1290 1861 spec·

198 1890 319 1956 tentia
344 1887 439 1975 typis
463 1897 618 1954 nondum
641 1887 846 1972 vulgeta‚in
861 1883 936 1950 suis
959 1881 1156 1968 periodicis
1178 1879 1291 1962 scrip·

197 1993 244 2058 tis
256 1992 394 2058 sensim
405 1992 438 2057 in
450 1991 570 2056 lucem
585 1991 697 2057 edere
711 1989 815 2056 solet
830 1991 954 2074 ltaque
970 2007 1015 2054 ex
1041 1983 1197 2052 maximo
1212 1984 1291 2050 the·

196 2117 312 2163 sauro
325 2103 642 2160 monumentorum
664 2093 844 2159 historiae
866 2092 972 2158 medii
996 2089 1085 2170 aevi,
1112 2087 1289 2154 tabulario

195 2221 331 2286 nempe
357 2197 632 2285 potentissimae
659 2199 838 2284 quondam
863 2194 1086 2280 reipublicae
1110 2193 1291 2272 Venetae,

194 2303 259 2368 illa
275 2323 365 2390 quae
385 2303 515 2368 ibidem
540 2301 642 2367 huius
654 2301 803 2389 generis
826 2301 979 2384 reperiri
1005 2299 1154 2388 possint,
1179 2297 1289 2363 etiem

196 2405 232 2469 in
257 2425 358 2472 suum
381 2405 549 2490 cupiebat
572 2405 751 2469 reducere
777 2425 919 2488 penum.
945 2405 1030 2470 ldeo
1055 2401 1214 2468 societas
1227 2399 1289 2464 ob·

196 2517 304 2573 tento
329 2527 513 2572 consensu
538 2517 575 2573 et
594 2507 801 2576 sufficiente
839 2505 971 2572 auxilio
995 2504 1179 2594 regiminis
1202 2503 1289 2570 Ser·

195 2611 270 2676 bici
303 2619 342 2674 et
367 2611 516 2696 equisilo
553 2612 656 2677 buius
691 2609 956 2676 interventione
993 2607 1209 2676 necessario
1244 2610 1288 2672 ad

195 2718 273 2779 hoc
297 2735 388 2798 opus
410 2717 680 2802 gratiosissimo
706 2716 838 2782 indultu
863 2737 1021 2780 cesaree
1047 2715 1289 2804 regiihustri·

195 2819 256 2884 aci
269 2819 468 2900 ministerii,
480 2819 564 2885 mihi
577 2825 671 2886 hunc
688 2823 853 2888 laborem
866 2819 1021 2886 conlidit.
1041 2819 1107 2904 Qui
1120 2839 1188 2906 per
1200 2825 1288 2884 tem·

194 2943 264 3006 pus
277 2923 451 2987 seriarum
471 2923 778 2990 scholasticarum
802 2943 979 2988 annorum
1000 2921 1232 2988 1857011858
1253 2918 1287 2983 in

192 3028 277 3111 ipso
301 3025 492 3104 tabulario,
505 3025 654 3112 primum
667 3027 814 3092 conieci
840 3026 1032 3091 elenchum
1056 3033 1219 3090 actorum
1243 3023 1287 3087 ed

192 3127 380 3192 historiam
403 3129 592 3194 Serbicum
615 3129 868 3214 spectantium,
892 3125 1123 3194 existentium
1140 3128 1174 3190 in
1188 3125 1286 3190 volu·
1378 3183 1380 3189 ,

190 3231 348 3297 minibus
372 3233 506 3297 archivi
518 3228 662 3307 Veneti,
675 3231 791 3298 dictis:
806 3233 900 3298 tttsti
913 3233 969 3298 del
984 3231 1139 3312 Secuto,
1152 3229 1286 3296 Come·

181 3335 364 3416 morisim,
389 3335 482 3401 Libri
497 3345 698 3422 pectorum,
712 3337 868 3402 Secreta
894 3335 1035 3400 consilii
1060 3341 1285 3422 rogatorum,

185 3437 283 3502 Libri
306 3436 538 3523 Syndicatus,
579 3441 685 3506 Liber
708 3441 894 3508 literarum
917 3451 1085 3506 secretus
1118 3435 1286 3524 collegii,

182 3539 298 3604 Liber
322 3540 534 3627 plegiorum,
557 3543 666 3609 Liber
692 3543 855 3625 uibus,et
872 3541 979 3608 biber
1005 3539 1286 3628 privilegiorum,

184 3641 247 3729 qui
278 3643 454 3710 elenchus
489 3657 607 3714 exstet
642 3649 733 3734 typis
769 3651 885 3714 editus
920 3649 952 3711 in
988 3659 1087 3711 tomo
1110 3645 1140 3708 Χ
1164 3641 1285 3725 scripti

183 3747 365 3834 periodici
400 3748 559 3816 eiusdem
594 3750 783 3817 societatis
818 3749 969 3816 Glasnik
1002 3745 1108 3828 dictt;
1153 3745 1285 3812 deinde

185 3873 280 3918 vero
315 3853 392 3940 ipsa
430 3866 512 3921 acta
550 3879 616 3943 per
651 3867 866 3938 extensum,
914 3866 952 3920 et
985 3871 1100 3939 pauca
1137 3850 1285 3918 nonulla

181 3954 351 4020 breviter
375 3957 603 4022 solummodo
628 3969 811 4042 extructa,
835 3955 989 4022 fideliter
1013 3955 1283 4022 transscribere

182 4056 319 4140 incepi,
343 4077 496 4144 quorum
524 4059 580 4125 bic
605 4071 802 4148 sequuntur
828 4061 973 4148 priores
997 4068 1071 4125 tres
1094 4059 1283 4126 centuriae

181 4163 219 4227 in
253 4163 420 4228 ordinem
456 4165 755 4253 chronologicum
788 4167 1011 4252 dispositae,
1044 4183 1138 4250 quse
1174 4161 1284 4227 etism

181 4266 337 4348 primum
371 4271 639 4336 excudebantur
674 4271 709 4334 in
747 4271 852 4336 tornis
892 4271 938 4334 xl
971 4281 1008 4336 et
1031 4267 1097 4332 xtl
1122 4267 1282 4332 eiusdem

183 4369 352 4437 Glssnik.
383 4371 623 4440 Continuutio
649 4371 866 4460 reliquarum
899 4375 1012 4440 adbuc
1038 4379 1190 4458 quatvor
1214 4369 1282 4436 cii·
