3212 5116
1196 395 1259 462 105

161 602 490 706 praedictorum
519 605 562 678 et
590 601 778 680 obtentis·
813 557 918 703 uoce
947 609 988 683 et
1023 601 1258 684 concordio

162 723 394 826 praedictis
409 721 519 801 inter
547 723 680 800 dictos
706 727 863 826 partes,
883 729 982 800 tunc
1009 727 1155 800 noster
1178 747 1259 800 am·

165 846 345 922 baxaior
379 843 617 945 praedictus
646 841 822 921 inbono
876 844 1006 944 gratia
1058 844 1259 924 Venetias

166 972 416 1043 revertatur.
445 961 488 1038 Si
517 967 654 1040 antem
695 987 773 1066 per
800 966 944 1043 ambas
984 965 1092 1066 ipsas
1119 969 1260 1067 partes

165 1085 404 1162 remanebit
431 1086 485 1162 de
514 1083 696 1162 volendo
733 1083 868 1186 ipsum
911 1085 1189 1164 concordium
1217 1091 1259 1162 et

2 1295 3 1298 Ν
165 1229 345 1307 pacem,
371 1205 439 1282 vei
477 1213 519 1284 et
554 1211 731 1306 utraque
784 1206 972 1308 ipsarum
1024 1211 1190 1308 peieret
1218 1209 1261 1282 et

2 1369 3 1376 κ
50 1367 53 1372 ·
166 1325 298 1402 vellet
349 1324 712 1414 inconvenientia,
767 1331 867 1402 tunc
895 1325 986 1428 ipse
1014 1321 1259 1400 ambaxator

167 1446 282 1525 focio
311 1469 390 1548 per
418 1470 471 1522 eo
499 1443 727 1550 superinde
743 1443 944 1547 quidquid
959 1443 1059 1523 boni
1087 1443 1259 1548 poterit,

166 1566 360 1644 similiter
388 1567 535 1644 redeat
562 1567 775 1644 Venetias.

266 1689 320 1766 ln
345 1713 442 1767 casu
481 1709 586 1766 vero
616 1713 702 1788 quo
732 1695 973 1765 remaneret
1012 1687 1151 1765 solum
1179 1711 1258 1791 pro

165 1807 272 1886 iura
311 1808 560 1909 praedicto,
587 1815 687 1886 tunc
715 1806 824 1884 dicat
852 1805 891 1882 ei
924 1797 1061 1887 dictus
1115 1815 1260 1885 noster

166 1929 426 2016 ambaxator,
443 1952 538 2005 eum
567 1925 646 2003 iilis
661 1924 803 2004 verbis
832 1926 1039 2028 quaesibi
1066 1925 1260 2004 videbun·

167 2055 263 2135 tur,
292 2047 403 2148 qnod
430 2055 654 2150 postquam
681 2071 765 2124 non
792 2048 880 2124 vuit
910 2045 1258 2126 condescendere

168 2165 219 2256 ad
260 2191 410 2268 pacem
451 2191 549 2248 oum
603 2167 833 2255 canterinis,
886 2176 1030 2244 nostra
1082 2166 1260 2248 intentio

168 2289 342 2367 omnino
371 2299 448 2376 est,
477 2287 592 2392 quod
621 2288 775 2388 galeas,
804 2288 913 2388 ligna
929 2295 970 2366 ct
985 2286 1145 2388 navigia
1172 2310 1261 2382 sua,

170 2433 281 2512 quae
337 2417 456 2494 tenet
482 2420 640 2489 armata
681 2411 722 2488 in
774 2409 878 2488 mari
906 2409 957 2488 ad
998 2409 1191 2488 damnum
1221 2416 1263 2488 et

171 2531 374 2610 offensam
401 2532 590 2634 ipsorum
634 2529 943 2616 Catarinorum,
971 2538 1189 2610 removeat
1218 2539 1261 2609 et

168 2651 368 2730 disarmet
422 2652 535 2736 omni
590 2675 715 2730 causa
768 2657 943 2742 remota,
970 2675 1050 2729 nec
1077 2653 1169 2754 ipsa
1195 2649 1262 2728 vei
1412 2691 1417 2716 ι

171 2772 252 2848 aiio
278 2772 457 2871 navigia,
487 2771 632 2872 galeae
660 2798 734 2850 seu
764 2771 899 2872 ligne,
930 2773 983 2852 de
1026 2779 1174 2851 cetero
1201 2793 1262 2848 ar·

169 2897 280 2968 mata
308 2891 350 2968 in
377 2893 481 2970 mari
509 2895 717 2970 teneatad
739 2891 934 2970 damnum
961 2891 1028 2968 vci
1058 2887 1260 2970 offensam

169 3011 416 3111 aliquorum.
472 3013 524 3092 nt
551 3011 776 3113 quodiam
806 3011 1072 3092 comissimus
1110 3019 1259 3092 nostro

170 3131 389 3232 capitaneo
419 3131 539 3219 Cuiii,
563 3132 676 3244 quod
704 3133 745 3212 in
775 3159 873 3212 casu
898 3133 1011 3234 quod
1038 3133 1151 3213 dicta
1177 3157 1260 3236 pax
1292 3175 1297 3193 ι

18 3259 22 3268 ’
168 3253 536 3330 remaneatsoium
564 3277 646 3356 pro
663 3255 776 3333 dicto
803 3253 930 3347 iura,
959 3263 1002 3336 et
1029 3253 1144 3356 quod
1172 3254 1261 3357 ipse

168 3397 253 3450 non
270 3379 489 3452 removeat
501 3382 542 3452 ci
557 3374 759 3454 disarmet
770 3373 902 3454 dictas
916 3397 1012 3454 snas
1025 3375 1180 3476 galeas,
1191 3377 1261 3474 lig·

167 3515 221 3570 na
237 3496 281 3569 et
306 3491 483 3593 navigia,
513 3500 557 3569 ut
579 3495 840 3590 esidictum,
866 3497 978 3599 ipsas
992 3495 1133 3596 galeas
1150 3493 1262 3593 ligna

168 3615 211 3688 et
263 3613 428 3714 navigia
467 3640 563 3695 cum
602 3615 801 3718 personis
854 3639 984 3719 super
1024 3614 1124 3718 ipsis
1151 3613 1259 3694 exis·

167 3732 378 3828 tentibus,
418 3736 690 3829 intromittat,
746 3735 929 3815 offendat
983 3746 1025 3813 et
1077 3736 1259 3816 damnifi-

167 3859 249 3942 cet,
263 3860 474 3954 tamquam
494 3853 691 3958 publicos
708 3853 1008 3933 etmanife'stos
1036 3857 1260 3952 cursorios,

169 3979 212 4054 et
258 3973 295 4050 si
322 3972 549 4076 per-dicta.
588 3973 719 4052 verba
771 3973 907 4053 dictus
946 3972 1052 4056 iura
1091 3986 1246 4058 conten

168 4093 324 4174 tabitur
377 4101 420 4174 et
438 4171 442 4180 ,
459 4095 778 4176 condescendet
840 4095 890 4174 ad
934 4119 1084 4202 pacem
1138 4101 1262 4181 bene·

169 4215 363 4318 quidem
402 4217 588 4324 alioquin
616 4215 752 4300 dictus
802 4227 951 4301 noster
1002 4219 1260 4316 ambaxator,
