3228 5108
367 611 571 724 pecnnia,
614 605 806 695 ethonis
836 607 879 693 et
906 616 995 695 aiiis
1023 617 1149 695 rebus
1180 608 1270 694 onis
1299 599 1462 719 quinia:

370 759 579 839 cumque,
622 737 830 815 accedere
872 737 1039 814 mittere
1072 745 1183 816 stare
1212 747 1255 816 et
1280 731 1464 816 mercari

366 862 408 938 in
433 859 622 962 qualibet
648 866 768 960 parte
797 859 932 935 nostri
961 861 1092 958 regni.
1119 859 1179 936 Et
1198 855 1466 935 similiter¹

367 981 510 1084 posint
535 978 670 1057 iibere
699 985 742 1055 et
770 999 948 1065 secure,
976 977 1067 1056 sine
1094 977 1311 1057 sedatione
1337 977 1463 1056 adcu-

361 1105 431 1199 jus
461 1097 585 1191 datii,
626 1099 793 1202 pedagii
820 1099 886 1174 vei
923 1097 1090 1197 gabeile
1118 1100 1353 1198 tergovine,
1388 1097 1462 1174 'vei

368 1221 503 1322 aliqua
543 1221 621 1296 alia
650 1219 895 1305 solatione,
922 1219 1148 1296 extrahere
1186 1219 1273 1294 vei*
1297 1215 1463 1297 extrahi

369 1339 578 1418 facerede
609 1339 795 1442 qualibet
821 1345 940 1440 parte
967 1341 1103 1417 nostri
1130 1339 1250 1439 regni
1276 1358 1463 1416 merean-

368 1463 457 1546 tias‘,
485 1461 711 1564 pecunias,
751 1468 792 1538 et
819 1483 889 1538 res
918 1475 1208 1563 quascumque
1234 1460 1463 1538 voluerint.

368 1581 498 1658 item
526 1581 799 1684 promisimus
825 1580 963 1656 eidem
980 1579 1152 1658 domino
1182 1579 1332 1663 Marco
1360 1577 1466 1654 Dan·

369 1699 486 1787 doio,
513 1694 806 1778 ¹ambassiatori
834 1701 964 1804 ipsius
990 1699 1149 1778 *domini
1178 1700 1297 1778 dacis
1325 1707 1367 1776 et
1394 1721 1464 1776 eo·
1514 1735 1523 1760 ·

369 1821 505 1900 munis
535 1822 828 1906 venetiarum,
852 1821 965 1922 qnod
993 1821 1290 1926 precipiemus,
1311 1823 1467 1898 eterno

370 1943 522 2022 effectu
550 1943 778 2027 iaciemus,
820 1944 933 2044 quod
963 1963 1111 2021 omnes
1150 1943 1284 2020 nostri
1325 1948 1465 2020 recto·

368 2065 736 2156 res,·casteitani,
764 2065 962 2168 zupponi,
986 2059 1176 2162 judices,
1204 2073 1247 2140 et
1274 2063 1343 2142 alii
1371 2061 1465 2140 otii·

370 2185 488 2261 tiaies
517 2185 655 2278 nostri
681 2183 799 2282 regni
819 2181 987 2270 ,dabunt
1003 2183 1201 2262 auxilium
1217 2189 1259 2261 et
1274 2182 1464 2258 favorem

369 2305 685 2384 neocaesariam
727 2302 976 2406 supradictis
1004 2304 1180 2382 Venetis
1217 2301 1393 2382 subditis
1424 2311 1467 2381 et

370 2425 561 2504 fldeiibus
589 2427 878 2507 venetiarum.
905 2425 963 2505 nt
991 2425 1130 2528 quod
1157 2423 1467 2530 providebitur,

371 2548 492 2650 qaod·
511 2549 551 2624 in
581 2546 769 2650 qualibet
793 2553 915 2649 parte
944 2547 1080 2626 nostri
1110 2545 1242 2645 regni,
1272 2545 1322 2624 ad
1344 2566 1501 2662 quam.

371 2667 640 2746 declinabunt
665 2665 845 2769 predicti
871 2667 1025 2744 Veneti
1052 2663 1219 2753 subditi,
1247 2673 1291 2744 et
1318 2663 1464 2743 ddeies
1517 2683 1522 2692 '
1564 2732 1567 2741 .

370 2784 654 2874 venetiarum,
682 2784 897 2862 habebunt
919 2787 1069 2864 domos
1086 2809 1165 2888 pro
1182 2804 1331 2864 eorum
1357 2783 1471 2863 habi-

371 2909 541 2998 tatione,
568 2907 775 2984 solvendo
807 2913 1004 3008 quantum
1033 2911 1098 2984 est
1126 2905 1396 2995 conveniens,
1427 2911 1473 2984 et

372 3025 485 3128 qood
528 3025 817 3105 tractabuntur
858 3023 898 3104 in
940 3025 1122 3128 qualibet
1174 3033 1295 3130 parte
1335 3023 1472 3106 nostri

372 3149 492 3245 regni
520 3147 810 3226 favorabiliter
838 3158 880 3222 et
913 3147 1107 3246 benigne.
1133 3143 1264 3222 Item
1295 3169 1468 3225 conces·
1607 3123 1610 3148 ⁴

372 3265 500 3344 simus
529 3266 666 3344 eidem
710 3268 898 3345 domino
927 3267 1076 3346 Marco
1113 3262 1305 3344 Dandulo
1335 3263 1470 3342 amba·

372 3386 526 3464 xiatori
553 3386 681 3490 ipsius
710 3388 870 3465 domini
897 3387 1015 3467 ducis
1045 3397 1088 3466 et
1116 3387 1309 3466 comunis
1335 3385 1469 3462 Vene-

373 3505 550 3594 storum,
593 3507 708 3609 quod
750 3507 904 3586 flumen
945 3507 1122 3586 Narenti
1155 3515 1197 3588 et.
1225 3509 1365 3586 omnia
1393 3505 1470 3584 alia

372 3629 542 3706 flumina
584 3649 634 3704 ac
662 3650 809 3706 omnes
838 3631 918 3708 alie
946 3653 1053 3732 aque
1094 3629 1241 3708 dulces
1272 3636 1315 3707 et
1340 3629 1466 3712 saise,

216 3833 227 3852 l
363 3747 503 3828 totius
558 3749 691 3826 nostri
743 3750 891 3848 regni,
960 3751 1043 3826 sint
1094 3734 1241 3854 aperte
1293 3747 1470 3825 Venetis

375 3867 576 3958 subditis,
630 3877 673 3946 et
713 3869 908 3950 fidelibus
960 3869 1259 3966 venetiarum,
1318 3869 1470 3954 taliter,

376 3991 488 4090 quod
517 3990 653 4066 iibere
682 4001 724 4068 et
750 4012 916 4093 secure,
945 3992 999 4069 de
1028 3989 1153 4069 dicet
1181 3991 1233 4067 de
1257 3997 1401 4076 no'cte,
1429 3987 1470 4065 in

376 4119 570 4214 tempore
596 4111 714 4214 pacis
744 4119 787 4190 et
813 4113 1079 4216 intempore
1108 4133 1278 4212 guerre,
1307 4108 1473 4216 possint

377 4253 471 4305 cam
500 4228 688 4329 navigiis,
716 4232 846 4328 galeis
876 4230 1059 4330 armatis,
1090 4231 1276 4320 baronia,
1305 4237 1347 4308 et
1375 4251 1504 4308 cum.

377 4352 490 4426 omni
519 4350 602 4427 aiio
631 4371 790 4448 genere
817 4351 1100 4451 navigiorum
1129 4371 1224 4432 oum
1251 4349 1335 4428 suis
1364 4353 1469 4426 mer*
