3154 5102
1 585 2 602 ²
76 585 127 662 od
167 609 253 664 non
293 591 581 687 redeundum,
624 592 696 670 sed
739 592 788 668 ud
829 591 1170 694 prosequendum
1209 553 1212 562 Ι
1257 605 1260 610 ·

1 757 2 788 ι
74 696 278 788 Venetiss'
312 710 391 788 iter
426 737 558 790 sunm.
613 709 658 789 Si
685 721 824 790 nutem
866 709 1000 788 dictus
1042 708 1171 789 frater
1220 731 1224 740 ·

73 823 328 928 Peregrinus
357 833 527 909 omnino
556 833 725 911 reddire
756 831 806 906 ud
835 829 1169 927 bunnumrcliet‚
1304 915 1308 924 ,

72 945 127 1024 de
167 947 256 1026 hoc
295 959 442 1029 noster
483 953 656 1030 nuncius
695 951 747 1029 sit
775 954 1008 1036 contentus,
1043 957 1085 1028 et
1117 951 1170 1029 de

1 1093 9 1124 ,·
74 1069 213 1145 eundo
254 1071 320 1146 vet
361 1094 446 1151 non
490 1073 628 1152 eundo
660 1071 708 1150 ud
738 1072 918 1147 bannum
961 1069 1084 1148 iaciat
1109 1095 1169 1148 se·

75 1187 255 1269 cundum
285 1193 502 1271 consilium
530 1191 629 1272 dicti
656 1191 795 1270 fratris
829 1189 1062 1291 Peregrini
1091 1215 1171 1268 ve·-

74 1333 166 1385 rum
195 1311 231 1388 si
259 1335 357 1389 eum
384 1314 583 1416 reperiet,
611 1313 717 1391 nitra
757 1311 867 1389 dictu
902 1313 1021 1408 ioco,
1062 1331 1174 1414 expo

1 1475 2 1526 ι
73 1437 144 1507 nat
173 1432 213 1507 ei
240 1431 350 1509 sicut
377 1433 564 1522 continet
590 1433 791 1511 comissio
821 1457 906 1510 suu.

178 1549 261 1627 Ser
287 1551 540 1632 Benedictus
567 1556 620 1634 de
650 1553 811 1631 ΜοΙίιιο
840 1551 938 1630 vuit:
980 1546 1169 1628 conside·

76 1672 207 1750 rnndo
238 1671 353 1774 quod
394 1673 526 1752 dictus
566 1674 766 1751 irater
804 1669 1171 1770 Peregrinus

73 1791 237 1878 scribit,
265 1793 381 1893 qnod
409 1795 545 1877 credit
573 1793 760 1874 breviter
788 1791 934 1872 uenire
958 1789 1170 1869 anducate

73 1913 304 1992 dominium
332 1921 374 1991 et
400 1917 659 2016 avantagium
690 1913 812 1992 nobis
840 1914 904 2012 sit,
934 1913 1044 1991 scire
1075 1913 1169 1986 unte

1 2129 2 2134 Ν
75 2060 127 2112 en
153 2059 234 2138 pro
264 2019 413 2138 quibus
440 2038 581 2137 venit,
625 2037 719 2140 quie
747 2035 952 2116 maiorem
980 2031 1169 2142 informa,

1 2153 2 2208 ἶ
73 2157 236 2235 tionem
289 2155 448 2235 habere
488 2159 724 2261 poterimus
763 2159 801 2234 in
843 2144 962 2234 iactis
1001 2151 1170 2230 nostris·
1225 2197 1229 2204 ·

1 2311 2 2358 ι
78 2279 205 2356 radat
229 2301 339 2380 pers:
366 2278 476 2378 quod
513 2279 750 2358 inducietur
778 2278 830 2357 de
858 2274 1059 2355 mittendo
1088 2271 1169 2350 dic·

1 2474 2 2492 ,
74 2407 162 2476 turm
189 2399 411 2484 nuncium,
449 2423 584 2502 usque
613 2399 664 2476 ud
692 2403 792 2479 octo
822 2398 910 2476 dies
935 2393 1168 2496 proximos,

1 2513 2 2537 ³
75 2529 117 2599 et
146 2525 244 2596 tunc
273 2519 429 2598 erimus
454 2519 524 2598 hic
555 2528 596 2600 et
624 2519 695 2598 fiet
725 2519 833 2600 sicut
859 2517 1080 2595 videbitur.

178 2637 310 2742 Copta
338 2639 392 2716 de
419 2663 529 2728 non,
573 2663 698 2743 quum
729 2647 815 2725 est,
859 2637 972 2742 quod
1013 2642 1169 2713 stemus

76 2758 197 2856 firmi,
227 2767 269 2837 et
298 2757 412 2862 quod
439 2761 614 2838 nuncius
642 2761 765 2838 vadat
792 2783 886 2837 cum
917 2757 1168 2838 comissione

71 2883 157 2978 jorn
185 2877 265 2956 sibi
292 2879 410 2958 iacta.
772 2977 779 3000 Ι
1061 2983 1064 2998 .

503 2997 604 3062 Scor.
629 2999 758 3086 Roget
784 2997 856 3063 Lib.
880 2997 907 3062 Ι.
931 2998 969 3064 Α.
996 2995 1049 3062 cir.
1074 2995 1126 3060 32.

221 3151 413 3252 XLIX·
455 3174 566 3250 1345.
602 3175 653 3247 22
686 3169 1025 3250 Februarii.
1158 3179 1160 3184 ’

79 3364 285 3424 aerumnoso
322 3379 449 3421 nucars
485 3377 792 3440 ynpssurcssuua,
821 3381 859 3436 re
889 3379 1016 3422 uouisse
1052 3375 1167 3420 mucre

79 3485 177 3543 roucy
214 3470 411 3542 Byruuauy
436 3485 453 3524 u
478 3465 643 3542 Ppuropii
668 3469 914 3546 itpoaucsoun,
943 3483 960 3524 ιι
993 3481 1167 3524 ocreatus

1 3584 2 3589 ’
78 3587 268 3631 rnesonnrra
305 3568 494 3640 caseorum
530 3587 612 3630 uero
642 3589 681 3644 na
704 3589 770 3630 un
804 3587 932 3642 recusso
967 3566 1167 3645 uporooucu

79 3693 119 3732 na
154 3693 281 3752 crpasy
313 3677 514 3749 Μιοιιιιιγς
563 3679 645 3748 μή
688 3695 725 3746 re
760 3693 799 3735 cc
835 3689 1029 3745 uocassent
1064 3687 1165 3746 upauu

246 3779 429 3853 Cpocsorn
464 3796 593 3838 ucnuru
619 3797 636 3836 ιι
663 3797 784 3856 cane-ry
810 3795 1000 3856 npcrrouu.

180 3949 336 4050 Copta:
378 3950 489 4049 quod
530 3946 737 4026 scribatur
773 3949 989 4050 capitaneo
1028 3955 1072 4024 et
1098 3969 1165 4047 gu-

81 4069 378 4147 bernatoribus
418 4069 600 4162 nostris,
641 4069 751 4171 quod
787 4094 832 4146 se
869 4059 1098 4147 abstineant
1125 4076 1167 4145 ct

81 4200 247 4290 gentem
277 4197 459 4269 nostrum
501 4191 650 4270 fuciunt
689 4191 878 4270 similiter
919 4187 1165 4278 obstincria
