3236 5108
349 604 391 672 at
419 594 559 695 quiete
589 617 684 672 eum
713 594 931 678 omnibus,
960 597 1002 670 et
1043 598 1272 695 propterea
1314 619 1437 696 quan·

348 715 585 814 ducumque
628 710 749 790 nobis
792 710 947 812 aliquid
988 711 1178 810 dicetur,
1232 714 1285 792 de
1314 715 1437 792 laetis

348 835 476 938 ipsius
518 835 712 911 dominae
762 834 965 930 reginae,
1008 855 1086 910 nos
1128 833 1343 912 audiemus
1382 835 1438 922 id,

350 953 465 1055 quod
494 952 618 1032 nobis
647 953 728 1030 diei
757 951 894 1028 faciel.

779 1085 874 1153 nisu
896 1088 953 1152 del
978 1087 1120 1154 Senalo
1147 1087 1234 1155 ΧΗ.
1258 1088 1315 1154 eli.
1342 1090 1396 1153 19.‘

537 1273 783 1377 duxv.
821 1299 932 1384 1389.
962 1293 1220 1374 sedulii.

350 1461 553 1519 aerumnoso
589 1473 805 1532 oprosopurn
842 1457 958 1532 bopby
994 1459 1208 1532 Cpannnpy,
1231 1472 1436 1532 moenerapy

351 1565 504 1638 d'snssu,
526 1563 702 1620 :odeleus
725 1579 763 1632 aa
787 1580 828 1636 ny
859 1577 1008 1634 possess
1042 1579 1173 1636 spaera
1199 1581 1238 1620 na
1263 1579 1352 1638 napy
1375 1579 1439 1634 psa

437 1684 594 1742 oppnnne
619 1664 721 1734 rasis,
743 1685 781 1738 aa
805 1686 846 1724 ro
872 1685 908 1726 aa
933 1685 1016 1737 ceps
1041 1683 1167 1742 κακον]
1191 1685 1353 1742 ynnnnrn.

385 1817 391 1831 ·
457 1801 611 1904 Cepia:
666 1802 771 1879 Cum
825 1825 903 1904 per
930 1803 1238 1882 ambasiatores
1282 1803 1439 1882 domini

351 1921 1206 2022 GeorgiiStrazimir,dumini
1248 1923 1436 2002 Dulci-

353 2069 419 2145 gn
436 2045 462 2137 i,
489 2047 543 2122 sit
570 2043 819 2144 requisilnm
847 2043 982 2122 ducali
1011 2043 1196 2121 dominio
1238 2069 1293 2120 ex
1322 2051 1442 2144 parle

353 2163 510 2242 domini
538 2162 753 2265 praedicti,
794 2165 909 2265 qued
942 2164 1078 2264 possit
1119 2171 1267 2242 tenere
1310 2183 1439 2238 arma·

352 2293 419 2363 los
449 2284 488 2360 in
517 2283 620 2360 mari
648 2291 690 2361 et
716 2283 757 2360 in
784 2283 985 2361 llumariis
1011 2285 1100 2361 suis
1129 2281 1232 2360 dues
1277 2281 1435 2382 brigen·

351 2406 476 2492 linos,
511 2427 587 2506 pro
615 2404 844 2484 securitate
884 2429 1052 2482 suarum
1094 2403 1272 2506 partium
1301 2409 1343 2481 el
1372 2403 1442 2478 llu-

352 2527 573 2604 mariurum
601 2551 679 2631 pro
710 2527 821 2606 l'aelo
861 2528 960 2604 selis
976 2585 986 2618 ‚
1004 2591 1007 2598 .
1027 2525 1149 2606 Vadit
1175 2548 1285 2628 pars:
1327 2523 1440 2626 quod

353 2650 659 2751 respondeatur
686 2647 764 2726 sibi
792 2647 843 2724 ad
871 2647 992 2726 istam
1032 2653 1208 2749 partem,
1249 2647 1363 2746 quod
1391 2645 1440 2720 si·

353 2775 425 2847 eut
452 2775 597 2846 nolum
626 2775 705 2856 est,
734 2795 811 2846 nus
840 2793 1027 2846 essemus
1053 2791 1222 2869 semper
1250 2767 1442 2868 dispositi

223 2931 227 2942 =
353 2889 549 2966 alacriter
577 2889 847 2992 complacere
875 2887 988 2967 dicle
1018 2889 1188 2965 domino
1210 2888 1250 2964 in
1282 2886 1443 2964 eunetis

352 3007 901 3112 possibilibus,·lamquam
942 3011 1088 3089 intimo
1130 3008 1264 3088 amico
1306 3007 1441 3084 noslri

352 3129 538 3209 dominii.
565 3129 650 3210 Sed
678 3131 785 3210 sicut
813 3138 876 3209 est
902 3131 1176 3222 manifestum,
1205 3129 1330 3230 aliqui
1359 3128 1437 3206 bri·

351 3239 504 3351 gantini
531 3253 709 3354 partium
738 3254 914 3354 Apulee,
937 3251 1172 3331 discurrunt
1198 3275 1278 3354 per
1305 3273 1436 3340 mare,

353 3372 597 3450 inferrendo
650 3372 796 3450 damna
837 3373 973 3450 mullis
1025 3371 1245 3474 personis,
1288 3377 1435 3448 eontra

352 3515 459 3592 quos
499 3517 578 3570 nos
604 3491 854 3570 intendimus
896 3491 1060 3593 penitus
1112 3489 1352 3594 procedere
1395 3499 1436 3568 el

351 3613 577 3714 providere
604 3613 845 3715 superinde.
901 3614 953 3690 Et
980 3637 1034 3688 na
1062 3613 1188 3714 aliqui
1216 3611 1286 3688 alii
1315 3610 1438 3688 amiei

352 3733 512 3830 nostri,
540 3731 617 3809 sub
658 3741 879 3835 praetextu
920 3733 1012 3810 talis
1056 3729 1376 3817 concessioniS,
1403 3729 1437 3806 si

354 3876 445 3930 eam
474 3853 722 3946 laceremus,
750 3854 901 3932 faciant
935 3855 1054 3932 nobis
1081 3854 1238 3931 similes
1268 3851 1437 3953 requisi·

353 3974 501 4064 tiones,
529 3975 642 4080 quod
682 3977 856 4055 cederet
882 3977 921 4052 in
950 3976 1173 4052 maximum
1216 3973 1438 4051 delrimen·

355 4103 440 4172 lum
481 4097 731 4187 mullorum,
772 4121 966 4196 rogamus
1006 4096 1267 4200 praedictum
1309 4092 1436 4171 domi·

355 4242 481 4308 num,
510 4221 623 4317 qrrod
662 4221 828 4321 placeat
868 4222 1028 4298 habere
1069 4243 1148 4295 nos
1176 4242 1198 4293 a
1225 4218 1334 4295 diela
1376 4237 1439 4293 re·
