3154 5102
288 255 405 388 ‚w

314 507 658 610 llungnrine
713 512 769 584 et
833 503 1105 588 dominae
1163 509 1413 611 reginae

316 630 369 712 ei
384 653 456 708 us·
469 651 509 708 m
526 635 613 706 atr
628 627 755 719 indu
771 635 921 732 posset
936 627 1048 708 uliud
1063 651 1188 732 quum
1204 625 1415 734 prodesse

316 748 437 830 tactis
475 745 645 838 nostris,
678 745 858 826 dicendo
886 769 990 826 sune
1033 752 1242 828 maiestati
1278 751 1427 829 verbe.

317 869 586 950 reverentiae
602 875 644 944 et
672 866 866 959 honoris,
893 869 1020 948 Vadit
1046 895 1158 974 pers:
1186 869 1301 973 quud
1328 871 1415 950 mit·

318 997 459 1070 tantur
487 986 538 1064 nd
566 1009 643 1070 eos
671 990 757 1068 dun
786 989 984 1089 religiosi
1011 991 1070 1068 ed
1110 989 1415 1072 condolen-

316 1111 440 1190 dum
467 1109 528 1186 de
558 1119 746 1190 morte
782 1109 992 1192 domini
1019 1115 1180 1213 regis
1208 1115 1414 1194 Andre·

318 1220 432 1310 usli
460 1230 678 1308 fratris
707 1232 811 1324 sui,
841 1255 935 1312 cum
963 1233 1043 1312 illis
1071 1234 1234 1336 pulcris
1273 1233 1414 1311 verbis

319 1375 428 1457 quae
455 1353 725 1430 videbuntur.
777 1351 830 1432 Et.
855 1355 1172 1456 subsequenter
1199 1359 1418 1456 exponunt·

319 1472 387 1551 de
427 1469 783 1550 rebellione
830 1471 1301 1564 ladratinorum,
1343 1472 1415 1573 qui

318 1595 400 1670 ism
415 1591 531 1670 annis
547 1589 608 1667 lll
620 1599 727 1670 cent.
745 1599 787 1669 et
802 1593 912 1670 ultra
927 1593 1100 1670 luerunt
1113 1592 1237 1670 nubis
1252 1589 1415 1670 subiec-

321 1712 373 1802 ti,
400 1710 512 1790 sicut
539 1723 603 1788 est
631 1710 849 1788 notorium
879 1713 956 1791 toti
997 1712 1181 1803 mundo,
1221 1710 1413 1810 regendo

319 1855 395 1910 eus
422 1831 466 1910 in
492 1837 602 1910 statu
630 1831 816 1932 pucilieo
847 1841 890 1911 et
918 1833 1064 1934 quieto
1094 1839 1138 1910 et
1165 1857 1261 1910 eum
1302 1845 1417 1921 omni

320 1951 609 2034 benivolentia
636 1961 680 2030 et
709 1959 937 2052 augmento
982 1977 1162 2044 eurum,
1204 1961 1413 2053 tamquam

320 2069 447 2152 lilius.
489 2069 575 2150 Sed
603 2072 685 2174 ipsi
712 2072 942 2177 inpinguati
972 2082 1016 2152 et
1043 2073 1241 2154 incruenti
1270 2095 1417 2152 erexe-

322 2202 418 2272 runt
444 2217 491 2272 se
519 2194 560 2271 in
589 2195 832 2296 superbiam
861 2203 904 2274 et
932 2198 1235 2286 temeritatem,
1272 2194 1417 2275 comit·

321 2315 447 2398 tendo
478 2314 754 2394 rebelliorem
795 2322 946 2396 uorttra
972 2323 1161 2396 nostrum
1190 2315 1418 2395 comunita-

323 2447 418 2518 tem
447 2435 823 2539 nedsperamusin
851 2437 933 2518 deo
963 2439 1180 2530 altissimo,
1210 2437 1325 2540 quod
1353 2461 1417 2514 su·

320 2559 513 2665 perbinm
541 2581 692 2638 eorum
720 2557 761 2638 in
789 2559 1091 2639 contusionem
1132 2559 1339 2649 deducet,
1366 2558 1417 2635 sl·

323 2686 396 2762 eut
437 2685 502 2756 est
540 2679 707 2756 iustum.
760 2676 812 2756 Et
841 2687 885 2757 ut
912 2680 963 2758 nd
1001 2676 1282 2757 obedientium
1324 2699 1419 2754 nus·

321 2807 429 2880 tram
456 2807 498 2876 et
538 2798 787 2878 fidelitatem
817 2823 894 2877 eos
936 2800 1148 2878 reducere
1191 2799 1418 2888 veleamus,

321 2920 508 3002 misimus
537 2927 734 2998 nostrum
761 2919 997 3000 exercitum
1040 2929 1182 3000 terrae
1219 2927 1263 2997 et
1288 2919 1417 2996 muris

323 3048 474 3126 contre
522 3064 610 3121 eos.
663 3043 826 3120 Verum
869 3067 965 3122 cum
1007 3040 1058 3118 ad
1098 3061 1216 3117 sunm
1255 3037 1416 3138 regiam

322 3161 581 3240 maiestatem
623 3167 666 3240 et
692 3186 868 3240 suorum
910 3163 1282 3264 predecessorum
1311 3179 1418 3235 sem·

322 3304 402 3385 per
429 3281 636 3380 gessimus
667 3283 949 3360 reverentiam
976 3281 1197 3358 maximam
1213 3287 1256 3357 et
1282 3279 1415 3355 hono·

324 3423 428 3492 rem,
457 3409 501 3478 et
534 3401 659 3477 etiem
699 3422 854 3500 gerere
890 3400 1178 3490 intendamus,
1219 3396 1419 3474 miramur

325 3522 441 3623 quod
470 3519 781 3613 intelleximus,
810 3520 927 3622 quod
967 3542 1043 3596 sun
1083 3541 1187 3618 gens
1226 3517 1343 3595 uenit
1369 3514 1420 3592 nd

326 3647 535 3744 perles
564 3639 1084 3720 Sclnvoninemnnu
1125 3642 1297 3727 armate,
1337 3658 1417 3737 pro

326 3761 463 3841 dando
507 3761 696 3841 levorem
737 3761 861 3839 dietis
915 3757 1136 3836 ludrntinis
1182 3755 1417 3834 rebellibus

326 3881 495 3962 nostris.
548 3881 600 3961 Et
626 3887 858 3984 propterea
885 3901 1085 3978 rogamus
1115 3901 1234 3956 ouem
1263 3876 1420 3955 sereni·

327 4011 480 4094 tatem,
517 4012 724 4105 quatenus
754 4003 794 4080 ei
820 4000 987 4106 placent
1013 4023 1099 4078 non
1141 3999 1317 4076 sredere
1346 3995 1415 4072 lul·

327 4123 488 4203 lucibus
517 4133 559 4206 el
586 4124 702 4202 lelsls
731 4125 874 4204 verbis
902 4145 1066 4212 eorum,
1094 4145 1174 4200 nec
1207 4118 1420 4224 permitte·
