3192 5112
368 379 413 444 84

370 607 395 660 n
412 606 438 660 u
455 609 474 659 s
516 602 598 660 non
628 590 822 682 tangeret
848 580 991 684 aliqua·
1011 581 1141 658 v'erba
1168 581 1285 680 ligae
1300 576 1361 656 Ni
1377 602 1402 658 o
1418 606 1460 658 o·

370 702 508 789 lino,
550 703 663 804 quod
691 701 906 782 Nicolinus
937 709 1060 780 caute
1091 707 1132 778 et
1159 699 1352 805 provide,
1380 721 1461 806 par

369 825 538 902 modum
581 824 652 924 qui
692 819 770 900 sibi
812 819 992 898 habilior
1032 819 1276 923 apparebit,
1322 827 1462 918 tangat

298 1033 302 1040 ι
367 945 499 1021 verba
535 943 644 1042 ligae
681 941 795 1020 dicto
836 941 1008 1019 domino
1053 943 1189 1030 bano,
1229 941 1461 1019 secundum

369 1065 545 1142 formam
590 1062 900 1166 capitulorum,
943 1085 1050 1163 quae
1079 1061 1179 1138 alias
1207 1063 1300 1164 ipse
1329 1062 1460 1138 banus

367 1211 446 1289 per
473 1210 595 1262 sumn
622 1187 934 1262 ambaxatorem
971 1182 1095 1260 nobis
1137 1188 1312 1281 tangere
1348 1181 1461 1270 iecit,

368 1313 410 1382 et
439 1303 578 1382 trahat
605 1306 655 1380 ab
683 1303 777 1410 ipso
807 1309 942 1380 totum
971 1301 1084 1404 quod
1099 1303 1269 1404 poterit,
1289 1309 1331 1379 et
1346 1299 1462 1403 quid·

369 1425 468 1527 quid
495 1425 692 1503 habuerit
720 1432 764 1502 et
791 1423 1017 1502 extraserit
1045 1447 1067 1499 a
1095 1422 1209 1502 dicto
1239 1424 1364 1513 bano,
1390 1446 1461 1499 no·

369 1545 432 1622 bis
460 1547 646 1624 sollicite
674 1547 833 1623 scribat
850 1551 1097 1623 etnostrum
1127 1551 1329 1650 expectet
1349 1567 1461 1620 man·

368 1664 523 1744 datum.

361 1765 364 1776 '
896 1764 1001 1833 Secr.
1025 1765 1115 1847 Rog.
1138 1762 1211 1830 Lib.
1236 1765 1262 1830 l.
1287 1765 1343 1829 eh.
1366 1763 1419 1830 57.

479 1936 735 2047 LXVIII·
770 1961 884 2035 1346.
925 1961 948 2031 7
983 1956 1348 2034 Novembris.

366 2133 572 2218 daaaroaeao
608 2147 784 2188 aaaoanara
819 2131 1017 2206 decennary
1059 2133 1251 2209 Heroum,
1287 2143 1325 2200 pa
1365 2145 1461 2199 ηομ

366 2231 511 2306 ¹aaaaaru
558 2249 732 2310 oarooope
780 2235 863 2292 dana
909 2235 1132 2294 Booaacaora
1167 2247 1207 2292 aa
1233 2231 1461 2308 upcaaoareub

715 2352 824 2398 caroea
850 2357 887 2398 ca
914 2342 1106 2411 Marianam.

472 2507 628 2610 Capta:
672 2532 768 2584 cum
809 2533 889 2612 per
924 2517 1094 2588 nostras
1120 2501 1295 2588 ¹litteras
1324 2499 1461 2611 pridie

367 2627 571 2728 scriptum
601 2628 712 2706 foret
737 2627 1049 2708 Nico'llino
1080 2629 1315 2727 notario,
1346 2623 1461 2729 quod

368 2755 489 2826 caute
518 2757 560 2825 et
586 2750 776 2850 provide,
816 2758 859 2828 el
894 2776 973 2854 per
1012 2750 1126 2829 illum
1163 2749 1362 2840 modum,
1390 2749 1461 2849 qui

365 2867 445 2947 sibi
471 2867 651 2946 habilior
688 2872 935 2974 apparebit,
973 2878 1168 2974 tangeret
1194 2871 1324 2948 verba
1352 2871 1462 2969 ligae

366 2985 536 3065 domino
566 2989 699 3065 bano
727 2989 993 3069 Bossinae
1024 2999 1065 3069 et
1094 2997 1176 3070 cet.
1204 2987 1259 3068 lit
1286 2992 1337 3066 ab
1366 2987 1461 3091 ipso

363 3105 557 3186 Nicolino
587 3110 754 3186 mullum
792 3111 1085 3215 receperimus
1123 3109 1462 3214 responsionem;

367 3238 409 3306 et
436 3252 514 3332 pro
544 3230 662 3309 tactis
692 3233 849 3309 nostris
879 3233 1004 3312 iaciat
1031 3231 1143 3310 sciro
1160 3228 1213 3310 de
1228 3227 1461 3310 intentione

364 3350 496 3454 ipsius
526 3349 621 3428 bani
648 3349 889 3451 superinde.
923 3351 1051 3431 Vadit
1078 3373 1190 3456 pars:
1220 3352 1335 3453 quod
1363 3351 1463 3428 scri·

365 3469 488 3548 batur
530 3473 644 3551 dicto
687 3471 908 3565 Nicolino,
960 3469 1178 3574 quomodo
1219 3469 1461 3576 recepimus

365 3617 462 3669 suas
491 3593 650 3672 litteras
681 3596 977 3686 continentes,
1016 3593 1128 3697 quod
1165 3594 1301 3672 dictus
1331 3597 1461 3669 banus

364 3712 485 3790 valde
515 3712 861 3816 conquerebatur
889 3715 954 3792 de
990 3711 1017 3791 J
1033 3741 1056 3791 a
1071 3714 1097 3793 d
1111 3735 1173 3806 ra
1187 3721 1204 3792 t
1217 3716 1230 3792 i
1244 3739 1271 3792 n
1286 3715 1299 3792 i
1315 3735 1348 3799 a,
1391 3713 1462 3814 qui

366 3859 461 3911 eum
490 3833 530 3911 in
561 3838 676 3914 ouria
716 3837 877 3937 regis
906 3835 1247 3937 Hungariae
1286 3827 1463 3912 diffama-

364 3961 512 4032 verant
541 3963 583 4033 et
610 3982 696 4035 non
740 3958 962 4037 cessabant
1002 3957 1239 4046 diffamare,
1279 3955 1331 4031 de
1373 3976 1459 4056 quo

364 4070 485 4149 valde
513 4075 794 4154 condolemus
823 4085 866 4156 et
892 4077 1201 4181 displicentiam
1237 4069 1458 4150 maximam

364 4195 603 4295 recepimus
645 4197 685 4273 in
728 4200 874 4278 animis
916 4199 1103 4285 nostris,
1145 4201 1457 4297 cognoscentes
