3220 5118
193 585 305 668 Unde
334 592 459 670 vobis
487 591 808 695 respondemus,
837 593 949 694 quod
965 591 1080 670 modi
1107 613 1186 694 per
1205 613 1288 694 vos
1338 607 1341 627 ·

192 710 407 789 observui
437 710 553 790 eirca
582 713 714 813 ipsam
742 709 943 814 protinam
960 707 1282 812 nobisplaoenl‚

192 837 234 904 et
275 829 428 908 exinde
483 832 729 934 sapientiam
783 835 965 908 vestram
1006 838 1047 908 et
1086 829 1284 906 virtutem

192 949 345 1027 merito
384 951 609 1032 laudamus.
664 951 749 1030 Sed
780 961 823 1030 ut
851 950 904 1030 de
931 951 1164 1030 intentione
1192 974 1285 1028 nos·

194 1079 414 1172 imsuper
443 1070 656 1174 capitulis,
688 1071 875 1149 formatis
905 1069 1177 1171 interipsum
1206 1067 1285 1145 vai·

195 1185 347 1265 vodam
388 1197 429 1267 el
484 1216 561 1268 vos
600 1189 687 1268 silis
715 1189 1002 1278 informatus,
1056 1185 1175 1264 vobis
1216 1186 1283 1266 de·

194 1306 400 1385 clanamus
443 1319 485 1386 et
526 1310 701 1387 dicimus
756 1308 868 1412 quod
922 1310 988 1386 de
1030 1308 1284 1410 ,palmum

193 1429 538 1532 capitulum,
568 1434 681 1533 quod
710 1433 811 1512 dicit
838 1431 891 1508 de
919 1429 1101 1508 essendo
1130 1425 1286 1506 amicus

191 1549 428 1630 amicorum
458 1563 499 1630 et
527 1551 720 1630 inimicus
747 1552 1046 1640 inimieorum,
1073 1575 1158 1626 non
1187 1548 1289 1629 lacit

190 1694 271 1776 pro
300 1681 448 1752 nostro
479 1673 690 1768 dominio,
721 1676 815 1776 quia
843 1681 907 1752 est
933 1673 1133 1772 generale
1162 1679 1204 1749 et
1229 1671 1285 1748 in·

191 1791 325 1892 telligi
366 1803 509 1896 posset
551 1820 630 1898 pro
674 1793 865 1872 omnibu·
895 1802 938 1872 et
966 1801 1113 1872 contra
1142 1813 1287 1870 omnes

193 1910 246 1987 de
274 1916 444 1992 mundo.
497 1915 551 1992 Et
579 1923 808 2019 propterea
836 1917 1049 1998 volumus,
1088 1911 1203 2016 quod
1231 1909 1286 2016 ip·

191 2057 284 2110 sum
313 2033 537 2136 capitulum
566 2036 795 2127 dimittatis,
811 2039 1002 2139 otiosum
1019 2034 1131 2112 nullo
1160 2030 1286 2110 modo

193 2153 311 2233 dioto
353 2156 643 2234 vaivodae
684 2157 947 2259 permittatis,
990 2155 1150 2256 quiesi
1177 2153 1289 2234 inter

192 2298 270 2354 nos
300 2283 343 2354 et
370 2279 587 2356 dominum
616 2301 795 2378 regem
836 2279 1132 2358 Bossinae
1160 2271 1287 2353 debet

192 2396 365 2477 tractari
394 2397 533 2499 aliqua
558 2398 652 2498 liga,
681 2400 876 2475 volumus
905 2395 1285 2500 ligamspeoislem

190 2526 347 2595 elnon
376 2520 633 2617 generalem.

295 2638 710 2718 sesecundum
749 2643 1047 2720 elleroium
1086 2639 1285 2741 capitu·

191 2761 201 2834 l
216 2784 293 2836 um
322 2761 639 2863 respondemus,
662 2765 774 2864 quod
790 2785 932 2840 sumus
950 2759 1152 2849 contenti,
1169 2751 1284 2860 quod

189 2879 331 2958 dictus
368 2883 637 2960 dominus
675 2909 776 2960 nex
805 2883 854 2962 ad
885 2907 1051 2962 omnem
1082 2879 1282 2982 requisiti·

190 3007 463 3080 onemnostri
492 3005 667 3082 dominii
695 3013 887 3082 teneatur
914 3012 956 3082 et
972 3002 1126 3080 debeat
1154 2999 1282 3078 omni·

189 3117 268 3196 bus
297 3123 384 3198 suis
413 3124 633 3226 expensis,
665 3132 725 3200 tol
754 3149 806 3200 ex
834 3127 920 3202 suis
948 3123 1145 3222 gentibus
1173 3131 1286 3196 tene·

188 3267 237 3319 re
266 3243 316 3319 ad
352 3267 570 3346 campum,
613 3267 835 3346 quousque
874 3243 1102 3320 dominatio
1144 3251 1287 3318 nostra

189 3359 383 3439 habuerit
423 3365 780 3463 Tragurium
828 3363 1216 3465 etSpalatum
1245 3369 1287 3438 et
1403 3372 1409 3383 '

186 3505 420 3561 succurere
438 3485 605 3586 quando
636 3486 715 3563 enit
744 3485 986 3587 requisitus,
1015 3482 1121 3561 locis
1150 3489 1285 3560 elter·
1391 3540 1406 3559 .

188 3605 245 3680 nis
283 3605 440 3683 nostris
482 3605 829 3697 Dalmatiae,
871 3606 1038 3709 quando
1073 3604 1286 3710 opprime·

188 3731 336 3803 rentur
363 3728 414 3803 ab
442 3727 622 3804 inimicis
665 3727 845 3815 nosti-im
890 3735 932 3804 et
959 3725 1134 3803 ulterius
1174 3748 1285 3802 esse·

188 3871 280 3923 mus
310 3847 522 3940 contenti,
560 3850 826 3952 inquantum
856 3849 1048 3929 obtinere
1089 3847 1288 3952 possetis,

189 3969 301 4070 quod
342 3969 435 4074 ipse
477 3972 672 4049 dominus
714 3995 789 4048 nex
832 3970 1018 4050 mitteret
1073 3976 1286 4050 eontra

189 4090 224 4166 B
243 4115 266 4168 a
282 4089 294 4165 l
310 4115 329 4165 s
346 4115 368 4167 a
384 4113 423 4166 m
465 4089 677 4170 inimicum
707 4099 896 4169 nostrum
915 4150 925 4182 ,
969 4099 1011 4167 el
1036 4115 1118 4196 pro
1146 4089 1285 4168 delen·

191 4209 311 4288 sione
355 4209 550 4289 locorum
596 4219 842 4288 nostrorum
886 4209 1204 4298 Albaniae,
1245 4213 1287 4287 et

193 4354 272 4430 pro
303 4331 533 4432 aquirendo
565 4331 658 4409 loca
683 4331 846 4422 amissa,
875 4331 984 4410 illam
1014 4332 1287 4433 quantitatem
