3230 5104
1273 275 1278 290 i

275 579 323 657 ln
351 602 478 658 nome
506 573 722 680 delpodre
750 601 774 654 e
803 573 868 654 dei
904 575 1012 654 iioio
1034 575 1271 678 edeispioi·

175 711 217 780 iu
251 708 400 780 sancto
441 724 574 779 omen.
629 697 699 778 sn
740 699 1015 778 monifestoo
1056 695 1273 777 ohodanno

174 847 358 927 persono
388 824 468 902 ohe
495 823 651 900 vedere
679 825 722 898 et
751 821 971 899 intendero
1001 827 1153 921 questo
1179 832 1270 923 'pne-

176 954 296 1024 sente
324 945 500 1047 scripto:
545 943 700 1023 chome
726 943 769 1020 el
802 965 961 1020 veneo
1000 967 1090 1020 sao
1132 938 1273 1017 Nico·

176 1069 221 1143 Ιο
249 1067 308 1144 de
338 1067 382 1144 io
410 1065 658 1144 Vranina
688 1062 967 1144 miseerZuan
997 1061 1271 1164 Bolionipoo·

176 1187 354 1264 vedeton
382 1186 434 1264 de
451 1187 489 1263 io
517 1185 794 1264 illustrissimo
823 1184 1012 1285 oignon-io
1039 1183 1093 1260 de
1120 1181 1272 1260 Venie-

177 1310 258 1398 Χίας
287 1333 311 1386 e
339 1307 366 1383 li
395 1333 502 1386 vene
544 1309 596 1384 el
626 1331 761 1408 gron
802 1305 1042 1383 voiv'odo
1076 1302 1128 1381 do
1167 1303 1204 1379 lo
1233 1301 1273 1377 ii-

177 1429 427 1506 lustrissima
456 1427 618 1530 prefato
661 1427 844 1526 signorio
874 1425 918 1502 ei
948 1424 1132 1524 oignon
1160 1420 1273 1498 Ste-

180 1550 370 1652 phano
400 1547 632 1649 Cernoy
661 1555 925 1626 oumtuio
954 1545 1007 1623 el
1036 1567 1274 1622 eonven-

179 1681 233 1747 to
262 1671 323 1746 de
350 1667 547 1757 Xenia,
577 1669 629 1746 de
669 1693 742 1746 suo
784 1666 896 1746 bono
937 1667 1106 1742 volunta
1146 1685 1272 1740 senza

107 1787 111 1794 ’
177 1787 462 1878 oleun‘iorzo:
491 1813 668 1866 mooum
699 1790 824 1866 loson
853 1786 965 1899 bona
993 1786 1092 1863 fode
1120 1808 1146 1861 e
1175 1781 1273 1862 ohu-

136 1967 137 1975 κ
178 1933 241 1998 or;
270 1911 282 1984 i
310 1934 357 1986 se
384 1909 523 1986 hanno
553 1909 742 1989 ocosiodi
770 1911 823 1987 do
851 1915 969 1985 sotto
1000 1907 1030 1983 ii
1055 1903 1271 1984 comanda.

178 2031 304 2108 menti
333 2033 385 2108 de
416 2032 453 2107 io
482 2029 644 2134 prefato
672 2029 952 2108 iiiusinissimo
996 2026 1182 2126 signorio
1219 2026 1273 2102 de

178 2152 384 2230 Veniexia
412 2175 505 2230 oum
535 2157 681 2252 questo
712 2148 947 2235 condition,
980 2147 1061 2226 ohe
1088 2147 1273 2224 habieno

180 2273 218 2348 le
247 2295 407 2350 uxonze
436 2272 475 2348 le
505 2271 630 2374 quale
672 2272 812 2351 hanno
854 2267 1021 2347 hobude
1049 2267 1090 2344 in
1132 2271 1273 2367 tempo

178 2393 708 2492 dolsignonBolsa.

280 2513 423 2593 lieni
453 2513 534 2592 ohe
564 2514 684 2593 alono
715 2513 774 2593 sio
792 2513 1040 2618 perdonodo
1058 2509 1275 2589 ohodonno

179 2629 322 2712 iniuria
351 2635 587 2713 haveuseno
618 2633 729 2713 ioeto
757 2657 887 2712 overo
916 2633 996 2712 mai
1025 2629 1078 2708 fin
1107 2653 1129 2708 o
1156 2629 1274 2706 loro

178 2763 379 2858 presente
410 2763 555 2835 contro
583 2755 620 2832 io
651 2754 931 2834 illustrissima
945 2754 1111 2857 prefato
1135 2749 1275 2852 signo·

179 2875 247 2952 rio·
268 2897 370 2952 oven
398 2875 452 2952 oii
480 2873 545 2951 sui
574 2873 758 2953 subdito.

280 3015 427 3091 Item
456 3013 580 3097 dixe,
610 3011 718 3089 ohe
751 3035 859 3090 non
890 3011 970 3088 sio
1001 3012 1274 3114 aigunpneie

181 3158 285 3212 over
302 3157 489 3211 vescovo
506 3155 611 3212 ovet·
638 3133 998 3211 arcivescovo
1022 3131 1163 3210 botin
1187 3154 1274 3209 son·

181 3255 280 3332 nole
309 3261 454 3332 nostre
483 3253 664 3344 chiexie,
695 3277 760 3332 mo
789 3255 870 3334 ohe
898 3255 1057 3334 lisiano
1087 3253 1274 3331 delano·

179 3385 265 3455 stro
303 3376 400 3455 iede
440 3380 657 3482 superiori
687 3377 740 3454 de
770 3378 807 3455 ie
835 3382 981 3456 nostre
1023 3375 1201 3456 ohiexie:
1232 3381 1275 3452 et

179 3497 350 3574 volemo
380 3483 432 3576 de
476 3500 600 3600 queie
636 3521 719 3575 non
763 3497 899 3601 podeo
940 3521 1056 3576 essen
1097 3495 1273 3574 oooiveis·

179 3641 289 3696 oovo
327 3617 442 3697 Latin
484 3619 536 3696 in
582 3617 811 3707 Cnoina,
838 3645 964 3698 nomn
1004 3617 1129 3697 desse
1169 3637 1277 3694 mes:

177 3764 226 3817 so
256 3738 491 3842 bitropoliti
522 3738 582 3816 de
612 3739 806 3817 lo'iede
847 3737 1064 3818 Soiovo:
1101 3733 1274 3839 pero'hie

170 3935 410 3948 fi*

281 4027 362 4070 neue
386 4027 485 4084 naono
518 4027 597 4084 naon
622 3965 698 4072 iuno
735 4013 830 4072 6an
866 4009 990 4084 nneiy
1025 4027 1108 4084 uony
1143 4011 1273 4066 nonoin,

229 4155 231 4158 -
283 4112 498 4195 uapuepooy,
521 4133 559 4187 aa
583 4133 624 4174 no
649 4132 838 4192 upononno,
863 4129 928 4190 opo.
943 4129 991 4187 oy
1006 4111 1152 4172 neantoii
1176 4127 1273 4171 onae·

283 4231 398 4277 noenu.
