3206 5110
345 397 408 462 172

473 585 779 689 CCCLXX.
802 607 936 716 ¹ruer.
968 609 1057 700 eo..
1088 594 1303 684 Martii

344 809 544 874 3u'nuroueno
568 831 734 891 yruppnro
758 797 860 889 rpap‘n
883 815 1023 890 3apapn,
1048 787 1108 874 irou
1134 835 1151 873 e
1175 833 1291 874 nuoun
1309 820 1420 892 parua
1580 811 1581 868 t

589 915 666 991 uio,
700 933 719 972 n
745 931 867 992 uoperra
902 914 997 975 nonin
1021 920 1184 978 uiuorum.
1580 871 1581 956 i

365 1078 369 1088 ’
410 1050 551 1162 Ι(ἷιιιῐι
579 1085 687 1163 sicut
716 1084 906 1166 omnibus
935 1093 1000 1164 est
1038 1086 1324 1186 manifestum,
1368 1087 1436 1164 ci·

345 1203 499 1284 vitos
540 1201 990 1284 nostratudrue
1019 1207 1189 1304 cognita
1218 1207 1298 1293 sit,
1336 1229 1436 1284 esse

344 1347 425 1401 una
453 1322 604 1402 bastita
631 1321 716 1403 imo
745 1329 867 1428 porto
906 1323 1110 1402 maritimo
1146 1326 1437 1404 veneciarum

345 1452 387 1520 et
414 1449 544 1520 status
572 1446 732 1532 nostri,
775 1451 817 1521 et
844 1443 906 1522 sic
933 1467 1011 1544 per
1038 1444 1336 1547 progenitores
1361 1469 1434 1521 no·

342 1571 453 1640 utros
482 1557 553 1640 tiut
580 1563 781 1642 continue
809 1569 1022 1664 reputate,
1048 1565 1159 1642 sicut
1185 1564 1287 1643 satis
1316 1569 1438 1666 patet

345 1709 397 1760 ex
439 1683 629 1762 maximis
661 1681 837 1782 gvorris,
864 1683 1016 1762 habitis
1056 1685 1172 1762 circa
1211 1705 1437 1786 recupero·

346 1801 501 1880 tionem
530 1803 636 1881 itlius
678 1803 865 1908 pluribus
902 1803 1087 1892 vicibus,
1128 1805 1277 1908 quibus
1319 1805 1438 1884 ittam

344 1925 582 2017 omisimus',
619 1925 660 2002 in
702 1923 850 2029 quibus
889 1949 1038 2046 magnp
1076 1950 1174 2030 pars
1215 1925 1436 2005 sostnntia·

345 2067 434 2121 rum
465 2045 616 2124 civium
658 2057 901 2126 nostrorum
940 2045 1145 2125 exhaustu
1180 2047 1283 2138 fuit,
1324 2047 1435 2125 ultra

344 2167 590 2245 effusionem
630 2165 838 2266 sanguinis
867 2175 910 2245 et
943 2167 1311 2270 consumptionem
1340 2193 1438 2272 per·

345 2311 577 2379 sonarum3·
609 2295 652 2368 et
687 2289 812 2368 faciat
851 2315 930 2394 pro
959 2289 1128 2368 honore
1168 2295 1318 2368 nostro
1347 2288 1438 2367 inti·

344 2409 439 2485 nitis
469 2411 607 2489 causis
630 2413 745 2490 velut
774 2419 817 2489 et
833 2409 998 2488 casibus
1015 2407 1207 2488 omnibns
1234 2409 1336 2488 satis
1366 2435 1442 2488 no·

344 2531 423 2636 tis,
462 2555 544 2607 non
572 2537 685 2610 stare
713 2531 888 2611 ulterius
929 2531 968 2607 in
998 2530 1062 2608 his
1104 2529 1317 2618 terminio,
1358 2531 1438 2609 sed

346 2657 412 2724 est
450 2650 549 2728 totis
577 2654 769 2730 sensibus
807 2652 1085 2751 vigilandum,
1127 2651 1176 2730 ad
1207 2651 1438 2729 fortifican-

345 2769 441 2846 dum
470 2763 582 2848 itta‘m
606 2779 753 2875 presto
771 2781 813 2850 et
840 2769 992 2858 taliter,
1008 2770 1121 2874 quod
1150 2795 1230 2848 nec
1253 2794 1332 2848 nos
1354 2791 1440 2845 nec

345 2893 506 2994 posteri
535 2891 653 2969 uosri
686 2893 775 2971 ullo
804 2902 1005 2994 tunquam
1034 2901 1230 2994 tempore
1257 2887 1441 2967 habeant

345 3011 559 3100 dubitare,
600 3015 711 3116 quod
752 3037 832 3117 per
871 3011 1054 3116 ntiquom
1098 3037 1239 3092 casum
1267 3011 1333 3088 vet
1362 3037 1439 3112 po·

345 3133 515 3210 tentiam
545 3133 776 3224 amittatur,
807 3140 849 3246 pt
877 3133 991 3235 quod
1020 3133 1154 3210 omnis
1181 3133 1311 3209 motus
1338 3149 1443 3209 oon*

347 3261 492 3356 ceptus
522 3263 564 3332 et
590 3237 755 3358 spesld'e
784 3254 992 3332 mentibus
1021 3253 1256 3331 emulorum
1271 3257 1437 3330 nostro·

345 3399 437 3452 rum
466 3377 631 3478 penitus
658 3375 894 3467 auferetur,
935 3373 1057 3453 etad
1085 3375 1194 3452 hanc
1220 3383 1303 3452 tom
1331 3375 1423 3450 satu

346 3495 514 3573 tifernm
556 3505 598 3574 et
625 3478 907 3574 necessariam
932 3493 1234 3599 'provisionem
1270 3519 1355 3572 non
1386 3495 1440 3573 sit

345 3617 535 3696 habenda
563 3613 851 3694 consideratio
881 3615 931 3692 ad
960 3615 1150 3693 laborem
1167 3615 1348 3716 aliquem
1370 3616 1437 3691 vel

346 3757 588 3836 expensam,
604 3745 803 3840 respectu
832 3735 934 3814 tanti
962 3735 1072 3828 boni,
1102 3736 1303 3837 quinper
1328 3735 1437 3813 hanc

345 3859 452 3935 viam
470 3855 553 3934 dici
582 3855 752 3958 poterit,
776 3849 929 3934 'statum
957 3863 1148 3935 nostrum
1177 3879 1272 3932 esse
1288 3879 1437 3958 perpe-

345 3986 418 4056 tuo
448 3982 761 4061 assecuratum,
803 3983 845 4052 ot
874 3974 1056 4054 tenendo
1084 3971 1253 4053 Jadram
1282 3973 1438 4052 tenebi·

347 4103 415 4174 tur
455 4103 543 4177 tota
585 4086 907 4184 Dalmatio,
949 4121 1030 4175 nec
1071 4119 1250 4198 unquam
1280 4095 1438 4198 poterit

347 4217 527 4296 dubitari
556 4217 608 4294 de
637 4239 789 4320 guerra
826 4220 1055 4310 maritima,
1090 4215 1201 4293 vadit
1226 4235 1350 4317 pars:
1376 4237 1436 4292 se-
