3224 5110
1181 393 1246 458 w

150 609 192 682 to
223 604 418 702 negotio,
447 603 596 680 diebus
623 602 780 677 nostris
816 607 981 699 tempus
1009 607 1092 678 tam
1122 623 1248 678 acco·

152 725 378 808 modatum,
407 747 562 825 resque
591 745 739 802 omnes
769 724 850 798 tam
880 719 987 796 bene
1016 718 1245 822 dispositae

152 845 327 922 inveniri
355 871 439 924 non
469 850 682 948 poterunt;
713 849 755 920 et
783 843 908 920 etiam
938 867 1021 918 non
1043 841 1245 920 acceden-

153 973 194 1041 te
222 965 263 1040 in
292 970 488 1066 tempore
517 963 707 1042 exercitu
737 962 972 1048 antedicto,
1002 961 1158 1040 frustra
1186 987 1246 1042 es·

35 1141 39 1152 ,
153 1093 217 1162 set
245 1109 442 1162 accessus
472 1086 512 1162 in
541 1083 733 1162 strictum
763 1080 910 1159 classis
938 1083 1171 1181 predictae.

255 1206 318 1282 De
346 1203 562 1306 premissis
592 1212 730 1282 aulem
760 1202 973 1286 volumus,
1002 1202 1117 1302 qnod
1144 1197 1248 1278 lln'·

155 1323 265 1401 stri
299 1324 534 1402 domino
570 1325 856 1426 despoto‚
891 1347 941 1401 ac
982 1323 1247 1422 magnanimo

157 1446 481 1546 capitaneo
517 1443 751 1520 domino
788 1441 1249 1522 lohannivaivo-

156 1563 215 1638 de
243 1562 666 1650 'Pransilrano,
711 1571 912 1640 oretenus
941 1565 1008 1640 vel
1039 1589 1115 1667 per
1142 1565 1244 1643 litte·

156 1709 225 1762 ras
250 1685 417 1786 plenam
446 1684 633 1762 notitiam
662 1687 764 1762 dare
780 1686 947 1772 debeas,
975 1710 1025 1764 ec
1053 1686 1250 1787 aliispro·

158 1807 325 1884 ceribus
355 1811 397 1883 et
424 1805 603 1882 dominis
625 1805 927 1909 principalibus
955 1805 994 1881 in
1024 1805 1253 1906 hocfaoto‚

157 1933 244 2003 tum
271 1931 317 2002 nt
343 1926 576 2025 intelligant
602 1929 753 2005 ardens
782 1927 1039 2004 desiderium
1062 1936 1252 2004 nostrum

160 2057 202 2125 et
231 2071 312 2148 que
341 2071 418 2150 per
446 2053 523 2124 nos
553 2055 643 2126 acta
674 2056 793 2140 sunt,
830 2053 917 2124 tum
947 2049 1071 2125 etiarn
1101 2055 1147 2126 ut
1174 2073 1255 2126 ma·

161 2169 224 2266 gis
261 2166 496 2246 animentur
533 2171 584 2245 ad
615 2169 800 2246 celerem
844 2192 992 2246 eorum
1035 2191 1253 2246 accessum

160 2293 307 2367 contra
336 2289 373 2364 Τ
388 2313 411 2365 e
426 2315 452 2364 u
470 2315 493 2365 c
509 2313 529 2365 r
546 2315 571 2365 o
587 2315 606 2365 s
633 2288 863 2391 predictos.

263 2407 407 2487 Placet
434 2408 568 2506 nobis,
599 2409 713 2512 quod
742 2415 826 2486 tam
854 2435 932 2514 per
959 2413 1141 2489 medinm
1164 2433 1253 2487 rev.

165 2527 322 2608 domini
359 2530 693 2608 cardinalis
732 2531 945 2630 legati,
977 2557 1100 2633 qnam
1130 2530 1255 2610 aliter

163 2651 314 2730 bonam
342 2647 684 2728 informationem
722 2653 941 2756 acceperis
969 2655 1022 2730 de
1052 2651 1257 2731 conditio·

164 2769 284 2848 nibus
314 2795 362 2849 ac
390 2773 443 2849 de
469 2770 743 2850 divisionibus
782 2773 945 2852 illarum
982 2775 1184 2874 partium,
1214 2775 1256 2850 li-

165 2881 396 2994 bent'erque
426 2893 572 2972 videre
600 2893 815 2982 vellemus,
845 2896 959 2995 quod
987 2895 1257 2972 deveniretur

165 3014 216 3091 ad
245 3015 336 3091 illas
367 3019 589 3112 treuguas,
617 3011 668 3090 de
697 3011 848 3114 quibus
887 3015 988 3093 lacis
1019 3015 1058 3090 in
1087 3015 1167 3090 tuis
1196 3013 1256 3089 lit·

164 3133 266 3211 teris
294 3134 564 3224 mentionem,
595 3139 637 3210 et
664 3137 734 3210 uta
764 3133 820 3213 ita
847 3141 1049 3236 sequatur
1076 3135 1178 3211 utile
1201 3133 1256 3212 iu-

166 3252 366 3337 dicamus,
395 3255 508 3354 qnod
536 3275 614 3355 per
639 3253 848 3356 prelatum
890 3256 1106 3332 dominum
1150 3255 1256 3354 lega·

165 3379 253 3448 tum
296 3371 433 3449 omnia
474 3371 610 3451 flenda
653 3379 771 3466 sunt,
807 3377 853 3449 nt
891 3399 974 3451 non
1003 3373 1259 3475 impediatur

166 3498 238 3572 ant
266 3492 503 3572 retardetur
518 3517 716 3572 accessus
736 3494 953 3574 exercitus
967 3493 1257 3598 suprascripti.

166 3613 305 3711 Quare
333 3613 524 3690 volumus
552 3620 598 3690 nt
624 3615 730 3693 hanc
759 3614 977 3694 materiam
1006 3618 1116 3693 bene
1144 3615 1259 3694 intel·

167 3735 301 3834 ligere
330 3735 510 3819 studeas,
539 3734 643 3812 etsi
672 3733 947 3836 sequentibus
986 3737 1052 3811 vel
1088 3761 1171 3813 non
1199 3761 1258 3815 se·

167 3853 389 3956 quentibus
429 3855 619 3952 treuguis
674 3857 921 3944 antedictis,
969 3857 1259 3935 serenissimus

169 3976 362 4054 dominus
393 3999 469 4052 rex
497 3973 683 4075 prelatus
714 3982 756 4053 et
785 3975 999 4055 exercitus
1028 3975 1104 4055 ibit
1132 3979 1259 4054 omni-

170 4105 225 4174 no
255 4101 403 4172 contra
429 4093 702 4173 Teucros
729 4096 972 4200 predictos;
1014 4101 1056 4172 et
1092 4101 1176 4177 tam
1205 4097 1257 4179 de

58 4279 61 4284 ,
170 4213 279 4304 boc,
307 4239 430 4314 quam
466 4215 520 4293 de
562 4213 754 4294 omnibus
793 4217 885 4294 aliis
923 4239 1006 4320 que
1046 4215 1256 4296 mentione

1034 4338 1056 4401 7
