3154 5102
1172 444 1215 513 aa

131 645 351 726 Sersiae
379 652 599 728 consulunt
625 651 831 754 sapientes
857 654 1108 762 responderi
1136 679 1214 735 am·

7 779 9 798 '
131 766 319 846 baxatori
345 793 437 848 suo:

227 937 281 1016 Et
306 937 442 1042 primo
470 938 522 1015 ad
549 939 730 1043 primum
746 943 983 1044 capitulum,
999 945 1215 1026 continens

130 1063 166 1137 in
195 1061 348 1138 cll'ectu
385 1059 450 1135 de
487 1063 892 1152 coronatione
928 1065 1106 1144 suain
1134 1067 1215 1146 im·

7 1183 8 1192 '
129 1181 290 1282 perio
334 1177 1052 1286 Constantinopolitano,
1094 1212 1215 1289 quam

7 1321 9 1392 g
127 1301 247 1379 nobis
261 1300 311 1379 ad
325 1303 517 1402 gaudium
533 1302 748 1404 significat,
763 1307 1082 1408 respondeatur,
1102 1307 1217 1410 quod

7 1413 8 1440 ³
129 1420 180 1500 ob
208 1423 437 1526 specialem
465 1425 751 1521 devotionem,
784 1450 904 1528 quam
932 1449 1102 1530 semper
1128 1451 1218 1528 ges·

7 1621 9 1658 ἦ
127 1545 252 1620 simus
281 1551 323 1620 et
349 1545 532 1644 gerimus
574 1544 623 1620 ad
665 1571 783 1624 suam
824 1549 1109 1646 majestatem,
1138 1573 1216 1629 nos

7 1701 8 1734 ι
129 1669 169 1757 et
194 1667 335 1739 nostra
364 1667 607 1756 comanitas,
648 1665 701 1744 de
724 1663 1044 1769 ¹quibuscunque
1086 1665 1216 1746 hono·

127 1786 240 1863 ribus
267 1792 311 1862 ct
338 1783 471 1883 gloria
498 1809 598 1862 suae
629 1787 854 1884 majestatis
882 1787 1214 1890 plurimumgau·

7 1949 8 1952 κ
128 1907 283 1993 demus,
298 1913 507 2008 tamquam
521 1907 777 1985 serenissimi
798 1915 847 2006 ¹et
870 1907 1106 1987 honorandi
1121 1906 1214 1984 ami·

7 2039 9 2126 Q
129 2026 163 2104 ci
191 2033 234 2103 et
261 2025 394 2104 altinis
420 2025 564 2118 nostri,
593 2027 836 2106 affectantes
876 2035 1145 2128 augmentum
1173 2034 1215 2104 et

7 2205 8 2208 a
126 2149 488 2226 conservationem
516 2157 648 2228 status
676 2151 956 2228 excellentiae
984 2173 1106 2238 suae,
1143 2175 1210 2228 ve·
1284 2155 1288 2164 '

127 2268 442 2372 improprium,
471 2289 567 2347 cum
595 2269 777 2348 sciamus
806 2275 1060 2370 maiestatem
1097 2295 1212 2349 saram

126 2393 299 2491 diligere
329 2397 502 2471 econtra
531 2401 718 2486 nostrum
743 2391 950 2470 honorem
979 2397 1021 2470 et
1048 2397 1211 2480 statum,

125 2517 165 2590 et
191 2513 300 2590 sicut
328 2514 602 2613 cognovimus
628 2537 707 2616 per
726 2513 920 2592 ellectum
936 2512 975 2589 iu
992 2511 1211 2612 magnilica

125 2632 337 2712 oblatione
364 2657 444 2736 per
470 2657 563 2709 eum
605 2630 728 2711 nobis
768 2633 874 2710 facta
914 2655 995 2708 non
1037 2639 1101 2710 est
1129 2631 1210 2722 diu,

123 2759 175 2834 de
215 2759 342 2858 gente
378 2776 451 2830 sua
480 2753 529 2861 ad
557 2759 743 2831 nostrum
780 2753 1020 2842 servitium,
1062 2759 1209 2831 corrtra

121 2877 302 2954 ladrum.
356 2873 408 2952 Et
434 2873 531 2952 ideo
562 2876 839 2974 regratiamur
866 2899 964 2952 suae
993 2873 1209 2972 majestati,

7 3029 8 3054 ¹
120 2999 172 3075 de
202 2997 400 3098 eo=quod
428 2994 550 3073 uobis
576 3001 674 3072 nota
715 2995 814 3075 facit
855 2995 943 3072 eius
983 2993 1130 3094 gaudia
1167 2999 1210 3068 et

7 3129 8 3156 ³
121 3123 320 3207 honores,
348 3145 454 3222 quae
484 3127 600 3220 grata
628 3117 911 3219 multipliciter
938 3125 1032 3195 sunt
1063 3115 1206 3194 animis

122 3237 288 3325 nostrie,
318 3237 413 3340 quia
454 3236 708 3341 suplicamns
737 3237 950 3327 altissimo,
986 3239 1103 3340 ¹quod
1139 3235 1208 3312 ho·

124 3382 249 3436 nores
277 3365 319 3436 et
347 3358 641 3436 excellentiam
669 3383 784 3436 suam
823 3365 1044 3435 conservet
1072 3363 1114 3433 ot
1141 3377 1205 3430 au·

125 3487 222 3579 gcat
248 3479 472 3557 maximum
499 3487 654 3557 votum.

7 3717 10 3764 ᾖ
224 3651 288 3732 Ad
326 3651 542 3730 factum
577 3677 681 3732 vero
719 3647 1206 3755 unionis,quamin·

7 3809 8 3840 ³
122 3785 186 3853 ter
213 3773 349 3875 ipsum
378 3781 522 3850 etnos
549 3770 638 3850 ficri
664 3777 794 3874 petit,
824 3797 903 3876 pro
933 3769 1206 3873 aquisitio-
1342 3844 1344 3850 ,

7 3995 8 3998 p
122 3919 186 3972 ne
227 3893 470 3996 imperii
512 3889 1089 3995 Constantinopolis.
1129 3887 1205 3966 Re·

123 4016 391 4118 spondeatur:
408 4018 518 4117 quod
547 4015 862 4094 animusnoster
876 4035 1044 4117 semper
1068 4009 1206 4089 unitus

122 4142 162 4213 et
189 4135 419 4214 conformis
446 4145 522 4235 est,
553 4136 602 4214 ad
631 4135 842 4241 quaelibet
864 4160 962 4215 suae
980 4131 1204 4234 majestatis

123 4251 381 4357 beneplacita
410 4261 451 4334 el
477 4255 677 4335 honores.
703 4257 860 4334 Verum
888 4262 1063 4359 propter
1088 4275 1206 4352 guer-
