3220 5118
337 574 419 673 sis,
463 595 613 653 ,comes
648 572 813 671 jndices
865 577 1080 652 secretum
1123 573 1342 656 consilium
1378 601 1427 656 ac

338 695 470 774 mains
486 699 529 770 et
543 695 758 794 generale,
786 694 974 775 ultimate
990 693 1058 770 die
1086 695 1304 772 millesimo
1320 717 1426 772 men·

337 842 383 892 se
411 821 454 894 et
481 815 711 893 indictione
740 814 973 916 predictis,
1016 817 1259 916 congregati
1288 817 1340 892 ed
1366 840 1430 895 so·

337 949 434 1012 num
463 958 665 1036 campane
692 959 815 1012 more
842 935 998 1026 solito,
1026 934 1222 1027 fecimus,
1262 933 1430 1014 institni-

330 1079 428 1134 mus
468 1054 747 1132 ordinavimus
790 1053 1026 1132 creavimus
1054 1063 1097 1134 et
1125 1054 1430 1141 constituimus,

261 1185 267 1200 ’
337 1173 527 1254 omnibus
555 1173 682 1253 modo
710 1176 774 1252 vio
796 1173 904 1273 iuris
934 1175 1067 1252 forme
1095 1185 1138 1254 et
1165 1176 1314 1253 ordine
1336 1199 1430 1254 con·

336 1296 557 1374 suetudine
586 1294 712 1384 omni,
739 1295 942 1378 inclusive
971 1297 1226 1400 exceptione
1267 1303 1431 1374 remote

336 1429 419 1497 tam
441 1417 623 1518 juridica
652 1439 775 1516 quam
802 1412 1008 1502 solislice,
1052 1422 1096 1493 et
1124 1417 1320 1495 omnibus
1347 1443 1429 1497 non

335 1533 783 1643 specificatisjuribus
809 1536 1059 1639 prudentem
1085 1560 1137 1614 ec
1165 1537 1429 1616 multiformis

285 1735 287 1744 ,
335 1659 567 1760 sapientem
595 1658 727 1733 virum
757 1680 828 1732 ser
864 1655 1185 1736 Antonium
1228 1655 1429 1759 l‘uotij

336 1781 388 1856 de
418 1777 524 1855 eolis
552 1777 605 1854 de
632 1784 777 1854 sancto
800 1775 1002 1873 Genesin,
1032 1783 1222 1854 nostrum
1245 1780 1431 1876 juratum

335 1897 542 1977 noterium
572 1896 869 1975 cancellarium
898 1903 940 1975 et
966 1895 1268 1988 secretarium,
1295 1897 1334 1973 in
1363 1922 1433 1976 no-

336 2025 466 2096 strum
494 2017 701 2126 sindicum
729 2025 1054 2120 procuratorem
1085 2023 1277 2097 actorem
1304 2019 1431 2100 foetu·

334 2161 424 2215 rem
453 2141 495 2214 et
522 2123 686 2222 certum
712 2139 943 2242 specialem
972 2136 1161 2215 nuntium
1189 2138 1279 2216 sive
1306 2159 1432 2236 nego·

334 2260 488 2335 tiorum
516 2267 757 2358 gestorem,
783 2281 859 2336 seu
891 2259 1217 2359 quibuscunque
1245 2257 1335 2334 eliis
1362 2283 1434 2336 no·

337 2377 470 2470 mine,
499 2376 704 2470 vocabulo
749 2383 792 2480 et
811 2380 909 2476 jure
938 2377 1021 2455 dici
1047 2379 1194 2454 vocari
1225 2385 1266 2454 et
1294 2377 1432 2482 appel·

336 2488 412 2579 leri
439 2508 592 2600 posset.
622 2499 761 2606 ibique
789 2505 1048 2600 presentem,
1077 2503 1229 2600 sponle
1257 2501 1433 2588 matura,

334 2633 459 2706 Sena,
503 2623 545 2694 et
566 2619 748 2718 juridice
778 2615 1081 2697 deliberatione
1127 2617 1166 2694 in
1195 2641 1241 2694 se
1268 2619 1431 2697 mende-

334 2747 421 2815 tum
448 2737 676 2818 sindicntus
703 2745 746 2816 et
773 2737 1102 2840 procurationis,
1130 2741 1284 2838 sponte
1305 2745 1348 2816 et
1362 2759 1428 2814 ex·

333 2882 482 2964 presse
510 2858 826 2960 suscipientem,
854 2858 905 2932 od
933 2859 1286 2959 comparendum,
1314 2863 1358 2935 et
1384 2881 1431 2934 se

334 2979 639 3082 personaliter,
676 2983 718 3055 et
744 3003 830 3056 non
859 3003 937 3080 per
964 2979 1257 3079 interpositum
1285 3001 1426 3080 perso·

333 3124 440 3187 nem,
469 3124 615 3180 coram
643 3099 790 3178 ducale
819 3097 1001 3176 dominio
1029 3099 1307 3178 Venetierum
1336 3123 1427 3202 pre·

332 3220 609 3312 seolondum,
649 3245 743 3297 cum
775 3219 908 3298 literis
945 3216 1270 3297 credentialibus
1310 3225 1429 3322 perte

331 3356 476 3421 nostre
504 3339 785 3428 comunitatis,
802 3346 846 3416 et
860 3340 912 3418 nd
928 3337 1178 3416 narrandum
1207 3339 1428 3418 dicendum

333 3462 644 3563 exponendum,
666 3461 787 3556 juxte
818 3459 1139 3536 commissiones
1168 3483 1243 3536 sue
1274 3461 1427 3564 capitu·

333 3585 428 3672 {erre
456 3584 686 3683 scripturus
715 3580 920 3673 dandum,
947 3587 991 3657 et
1018 3579 1311 3681 replicandum
1339 3581 1427 3660 toli·

333 3727 409 3780 ens
449 3703 644 3804 quotiens
678 3700 1115 3803 oportunumvfuerin
1157 3711 1240 3780 tam
1283 3701 1427 3802 vigore

333 3811 545 3902 literarum
583 3822 905 3901 credentialium
948 3845 1071 3922 quem
1115 3811 1429 3913 comissionum

334 3945 754 4045 concludendumque
781 3948 912 4042 prout
939 3951 980 4020 et
1004 3941 1172 4044 quando
1200 3941 1281 4018 sibi
1309 3941 1428 4019 sindi-

334 4089 388 4141 oo
417 4070 512 4143 ente
541 4065 653 4142 dicto
682 4061 918 4151 videbitur,
947 4063 1140 4164 capitulis
1167 4063 1425 4165 responden·

339 4185 461 4275 dum,
491 4209 539 4264 ac
568 4184 749 4290 capitula
778 4194 820 4266 et
845 4184 1077 4288 scripturas
1106 4182 1292 4275 liendes,
1320 4183 1430 4262 inter
