3192 5112
181 395 190 410 ⁸
319 403 366 480 'i

322 617 444 706 bani,
474 619 542 720 qui
583 623 679 695 sunt
716 617 757 694 in
798 618 952 701 curia.
1010 615 1066 696 de
1116 615 1237 698 dictis
1273 615 1408 720 petiti·

306 735 495 830 onibus,
549 743 592 816 ct
631 743 833 840 procuret
883 763 963 841 pro
1019 741 1194 816 obtentu
1247 741 1406 827 carum,

320 866 403 938 tam
431 858 538 962 apud
566 859 779 968 dominum
805 857 974 962 Papam,
1004 883 1124 960 quam
1152 858 1261 960 apud
1281 851 1407 936 domiss

320 1007 418 1060 num
458 984 523 1060 de
564 980 805 1058 'I'utella
846 979 888 1056 ld
929 979 1053 1077 boni,
1096 981 1209 1082 quod
1249 979 1408 1080 poterit

321 1125 418 1181 cum
445 1100 607 1178 honore
636 1106 796 1180 nostro.

738 1237 842 1304 sear.
865 1239 995 1326 Rogat.
1021 1236 1094 1303 Lib.
1117 1237 1142 1302 l.
1167 1238 1206 1301 A.
1234 1237 1290 1304 ch.
1311 1239 1364 1306 73.

488 1423 738 1527 LXXVI.
777 1449 889 1524 asar.
923 1449 947 1522 a
983 1443 1229 1547 Aprilis.

322 1617 442 1714 olentia
465 1656 549 1714 oasa
573 1631 697 1721 Boane,
721 1669 866 1710 nocuere
890 1655 984 1710 llana
1009 1670 1200 1728 pauescas,
1222 1655 1349 1728 anapia
1369 1667 1408 1728 ca

651 1771 930 1831 puuoaanoanane
964 1771 1081 1831 upana.

348 1965 349 1968 κ
420 1925 672 2029 Exemplum
699 1925 1054 2028 supplicationum
1081 1924 1410 2030 porigendarum

319 2047 552 2124 domino
592 2041 766 2146 Papa,
806 2045 973 2122 nomine
1015 2044 1234 2124 domini
1275 2043 1409 2120 bani

318 2165 574 2262 Bosnae,
616 2167 1118 2244 missarnmAmadeo
1161 2165 1407 2244 notario

319 2283 360 2362 ln
388 2305 557 2360 romana
587 2287 716 2363 curia

405 2421 634 2522 ¹Significat
660 2423 867 2502 sanctitati
893 2430 1063 2502 restrae
1090 2421 1259 2500 humilis
1277 2425 1410 2501 etde·

320 2551 440 2621 votus
481 2541 587 2620 lilius
629 2550 782 2627 vester,
825 2542 1177 2645 >Stephanus
1227 2542 1410 2620 banus

318 2665 670 2752 Bosnensis,
708 2666 821 2766 quod
849 2665 1072 2764 religiosus
1100 2663 1176 2760 vir,
1215 2663 1411 2741 frater

317 2785 688 2885 Peregrinus
739 2789 804 2864 de
856 2783 1154 2877 Saxonis,
1205 2785 1409 2885 generalis

318 2904 496 2983 ministri
525 2892 685 2982 ordinis
709 2906 919 2982 minorum
947 2906 989 2982 in
1017 2903 1188 2981 Bosna
1214 2891 1422 2991 vicarius(

318 3027 473 3104 devote
501 3024 678 3105 fideliter
706 3035 749 3104 ct
774 3026 978 3104 instanter
1004 3027 1047 3104 in
1072 3026 1214 3104 Bosna
1228 3051 1308 3130 pro
1325 3023 1408 3104 lide

319 3147 525 3226 catholica
541 3155 582 3225 et
597 3151 821 3225 animarum
851 3149 984 3226 salute
1012 3147 1219 3239 laborans,
1245 3171 1407 3250 paucos

317 3267 444 3346 habet
459 3276 784 3370 cooperatores,
800 3271 1031 3350 secundum
1046 3268 1294 3368 exigentiam
1308 3293 1406 3372 ope-

317 3388 374 3464 ris
402 3394 444 3465 et
470 3387 779 3466 multitudinem
807 3392 1050 3476 animarum,
1088 3396 1264 3492 propter
1293 3389 1405 3489 quod

316 3499 532 3608 negotium
560 3508 658 3588 lidei
685 3533 767 3586 non
795 3511 1274 3588 modicumretardatur.
1304 3499 1407 3606 Quass

318 3653 365 3706 re
395 3653 491 3705 cum
521 3631 678 3730 absque
706 3629 934 3707 sanctitatis
963 3637 1130 3706 vestrae
1163 3631 1294 3727 gratia
1320 3649 1407 3706 non

318 3749 454 3852 possit
479 3749 627 3826 haberi
642 3748 806 3837 modus,
821 3771 901 3846 per
916 3757 1045 3849 qnem'
1063 3748 1197 3825 dictus
1226 3749 1405 3827 vicarius

318 3869 478 3948 habere
505 3871 641 3948 valeat
678 3872 986 3972 cooperatores
1012 3871 1055 3947 in
1083 3867 1178 3947 lidei
1215 3871 1408 3949 doctrina

317 3989 477 4093 peritos
506 3997 549 4066 ct
574 3989 736 4088 lingvae
764 3987 981 4070 Sclavica'e
1016 4011 1101 4067 non
1130 3988 1312 4088 ignaros,
1338 3989 1407 4066 vel

317 4109 474 4187 saltem'
494 4111 544 4187 ad
572 4108 871 4188 addiscendum
900 4117 1034 4212 aptos,
1061 4109 1268 4211 supplicat
1294 4108 1406 4185 ide'm

320 4227 463 4321 banus,
495 4229 609 4333 quod
636 4230 675 4308 in
706 4231 956 4332 obsequium
993 4227 1181 4327 ejusdem
1218 4227 1317 4306 lidei
1344 4251 1407 4306 or·
