3192 5112
308 594 370 670 eis
397 613 504 694 quae
532 594 755 694 poterunt,
783 595 825 667 et
861 591 1098 670 rescribant
1125 595 1397 698 expectantes
1544 649 1549 656 .

308 720 495 791 nostrum
529 711 789 796 mandatum,
828 719 1106 812 procurantes
1146 737 1226 789 suo
1254 735 1398 816 posse,

309 833 421 934 quod
461 827 629 908 interim
656 854 680 908 a
707 828 957 907 novitatibus
999 857 1053 908 ex
1091 837 1268 934 utraque
1307 853 1397 931 par·

310 953 351 1030 te
380 957 583 1029 cessetur.
611 949 769 1048 Quibus
785 949 1086 1058 eteomittatur
1112 952 1224 1052 quod
1240 949 1395 1030 bonurn

248 1147 254 1158 ,
308 1079 350 1149 et
376 1071 745 1149 conservationem
773 1070 984 1148 dictorum
1025 1079 1271 1149 nostrorum
1299 1069 1395 1148 fide·

308 1189 406 1268 iiurn
435 1192 487 1268 de
516 1188 697 1290 Ragusio
731 1197 967 1292 procurent
993 1190 1034 1269 in
1064 1191 1143 1268 ista
1178 1193 1399 1270 ambaxata

307 1333 395 1398 sua,
413 1318 496 1389 tarn
525 1314 633 1416 apud
662 1309 799 1389 dictos
828 1309 1035 1400 dominos,
1063 1338 1185 1414 quam
1214 1313 1320 1390 alios
1345 1312 1396 1388 si·

309 1439 379 1511 eut
417 1430 599 1511 viderint
634 1457 740 1536 opus
768 1457 876 1512 esse.
929 1431 982 1510 Et
1008 1431 1077 1513 tiat
1104 1433 1226 1512 dietis
1267 1418 1399 1510 anaba-

307 1551 526 1632 xatoribus
568 1553 811 1630 commissio
854 1553 970 1632 cirea
1010 1555 1226 1656 praedicta
1263 1555 1305 1632 in
1348 1577 1397 1630 ea

309 1674 446 1752 forma
474 1697 580 1776 quae
608 1673 794 1751 dominio
823 1677 1054 1778 apparebit.

409 1881 463 1960 lat
498 1878 678 1958 babeant
717 1878 816 1956 dieti
855 1883 1152 1959 ambaxatores
1197 1878 1321 1958 libras
1349 1878 1401 1956 11.

308 2007 417 2082 oent.
443 2023 523 2105 pro
550 1997 714 2078 duobus
754 2000 966 2078 mensibus
992 1989 1072 2106 pro
1116 2001 1331 2103 quotibet,
1359 2005 1401 2078 et

309 2123 346 2202 si
372 2123 481 2204 ultra
508 2122 713 2204 steterint,
741 2118 922 2200 habeant
958 2123 1085 2202 libras
1112 2121 1153 2200 L.
1181 2147 1258 2224 pro
1301 2147 1401 2224 quo·

309 2240 411 2321 libet
450 2243 490 2318 in
530 2265 677 2324 mense
730 2240 926 2322 babendo
968 2243 1062 2320 1111.
1105 2241 1282 2321 famulos
1322 2263 1401 2346 pro

309 2363 509 2467 quotibet,
536 2363 648 2440 iuter
675 2386 783 2464 quos
797 2364 851 2442 sit
865 2389 970 2442 unus
998 2371 1269 2467 expensetur,
1297 2387 1403 2443 uuus

308 2481 497 2564 notarius
537 2507 632 2560 oum
661 2507 745 2560 uno
787 2483 943 2562 famulo
972 2491 1168 2562 ebrinum
1209 2483 1403 2594 coebum,

309 2609 354 2682 et
386 2602 549 2708 possint
575 2606 820 2708 expendere
848 2603 954 2682 sold.
982 2605 1022 2682 11
1049 2627 1298 2704 grossorum
1322 2625 1400 2704 pro

312 2725 530 2828 quotibet,
556 2725 596 2802 in
626 2726 821 2830 expensis
863 2727 951 2804 oris
991 2749 1072 2830 pro
1102 2751 1149 2802 se
1177 2733 1220 2804 et
1247 2725 1402 2804 familia

309 2871 398 2928 sua.
442 2847 603 2926 Nabulo
629 2871 735 2926 vero
764 2855 807 2926 et
834 2847 977 2948 agozia
1004 2846 1184 2926 babeant
1210 2871 1232 2924 a
1262 2871 1402 2928 eomu-

310 2969 367 3047 ni.
406 2967 460 3046 Et
486 2967 584 3069 quia
613 2968 829 3068 expeditio
860 2993 1008 3048 eorum
1037 2976 1102 3048 est
1127 2967 1239 3048 utilis
1269 2973 1312 3044 et
1334 2991 1405 3044 ne·

311 3087 506 3177 cessaria,
534 3093 752 3166 teneantur
772 3090 1033 3190 respondere
1058 3087 1125 3166 die
1141 3112 1218 3190 qua
1248 3087 1401 3188 eligen-

311 3214 379 3286 tur
418 3209 485 3288 vei
537 3209 681 3286 attera.
735 3207 903 3286 Denarii
942 3231 1045 3286 vero
1085 3233 1165 3308 pro
1207 3210 1403 3310 expensis

310 3327 554 3410 ambaxatae
592 3330 851 3432 accipiantur
878 3349 973 3408 curn
1001 3332 1219 3410 ordinibus
1247 3335 1402 3412 terrae.

416 3571 560 3676 Capta:
600 3570 719 3670 Quod
748 3571 849 3650 dieti
876 3568 1169 3650 ambaxatores
1196 3591 1280 3648 non
1308 3593 1401 3672 pos·

311 3690 393 3888 ¹sipt
417 3691 603 3772 refutare
644 3693 722 3770 sub
751 3716 858 3796 pena
887 3691 1086 3774 librarum
1116 3690 1164 3772 C.
1193 3713 1272 3793 pro
1301 3713 1401 3790 quo·

328 3809 340 3886 i
371 3816 424 3890 et.

726 4051 815 4118 misti
839 4053 896 4122 det
919 4053 1059 4121 senato
1084 4049 1208 4116 xxvi.
1235 4053 1283 4116 ch
1306 4051 1357 4116 36.
