3228 5108
206 369 210 374 '
334 355 401 428 uo

328 565 983 670 ‘intelligendosequodllalsa
1000 572 1047 646 et
1071 565 1267 644 domina
1284 563 1430 642 Hele
1492 559 1493 562 ‘
1559 574 1564 587 '

337 686 782 766 nosimilitermittant
809 712 911 764 suos
941 686 1250 808 ambassiatores
1268 687 1428 790 adpre·

336 805 515 884 sentiam
544 805 699 886 domini
728 807 957 909 despoti,
995 807 1058 884 ire
1088 805 1241 884 debeat
1267 806 1318 882 ad
1345 804 1428 882 dic·

207 935 209 943 ’
336 930 423 1004 tum
464 925 680 1006 dominum
721 928 1032 1030 despotum
1064 935 1117 1011 et
1156 925 1430 1004 dominae

174 1081 185 1096 ·
339 1047 530 1132 Meroe,
561 1046 725 1125 etiacta
754 1045 961 1126 amicabili
987 1047 1241 1125 salutatione
1258 1055 1299 1124 et
1316 1043 1429 1123 obla·

337 1167 475 1252 tione,
504 1166 565 1244 eis
593 1173 833 1270 exponere,
874 1190 1060 1268 eaquae
1090 1192 1112 1244 a
1140 1167 1262 1245 nobis
1292 1166 1429 1267 requi·
1582 1223 1583 1230 a

337 1285 527 1366 siverunt
553 1285 855 1366 ambasiatores
882 1287 1030 1366 Balsae
1050 1287 1251 1404 predicti,
1275 1294 1319 1365 et
1345 1310 1430 1364 res·

224 1501 229 1512 Ι
277 1412 280 1427 ’
338 1405 588 1508 pensionem
619 1431 742 1510 quam
771 1407 930 1486 eisdem
960 1407 1148 1496 fecimus,
1176 1431 1351 1509 quarum
1367 1429 1430 1483 re·

340 1524 574 1628 quisitionis
604 1537 647 1605 et
673 1526 961 1631 responsionis
989 1529 1156 1632 copiam
1183 1525 1262 1604 sibi
1298 1527 1431 1604 mitta·

340 1651 408 1722 tur
434 1668 513 1748 pro
543 1669 618 1722 sua
631 1647 939 1726 informatione.
967 1647 1020 1754 Et
1047 1647 1302 1751 subiungere
1317 1647 1430 1746 quod

339 1772 485 1844 nostra
512 1767 764 1859 dominatio,
807 1769 1076 1848 considerato
1106 1769 1291 1848 fraterno
1320 1791 1430 1844 amo·

340 1913 388 1965 re
405 1896 447 1966 et
461 1888 653 1991 perfecta
682 1889 859 1967 amicitia
887 1889 1057 1989 vigente
1078 1892 1189 1988 inter
1216 1889 1432 1967 dominum

342 2008 367 2084 d
383 2033 406 2084 e
423 2035 482 2109 sp
500 2033 526 2085 o
543 2015 599 2085 tu
614 2033 654 2084 m
693 2015 735 2086 et
761 2017 952 2088 nostrum
981 2011 1236 2102 dominium,
1270 2005 1431 2086 nullum

342 2127 502 2208 babens
528 2121 796 2230 respectum,
825 2129 938 2232 quod
966 2129 1090 2210 Balsa
1119 2155 1204 2209 non
1234 2125 1429 2206 observa·

343 2251 472 2348 verit,
511 2252 622 2330 sicut
648 2251 902 2354 promiserat
928 2277 1006 2355 per
1032 2277 1180 2368 pacem
1210 2251 1362 2332 iactam
1391 2257 1434 2328 et

132 2439 136 2446 .
183 2395 193 2414 “
341 2370 546 2449 firmatam
561 2369 672 2448 inter
686 2371 822 2472 ipsum
837 2372 1137 2476 etprovisores
1158 2379 1328 2448 nostros
1342 2393 1434 2471 pre·

341 2485 502 2582 dictos,
531 2513 610 2594 pro
640 2494 997 2594 contemplatione
1040 2516 1141 2570 suae
1169 2489 1432 2591 magnificen-

298 2655 302 2660 -
344 2610 439 2700 tiae,
467 2619 696 2712 sequentes
725 2636 867 2690 mores
886 2614 1110 2692 nostroein
1139 2609 1433 2692 obliviscendo

341 2730 512 2808 iniurias
554 2737 751 2833 receptas
792 2738 835 2810 et
870 2735 1052 2814 volendo
1094 2753 1434 2834 unumquemque

342 2852 393 2930 ad
422 2850 595 2952 gratiam
625 2853 858 2942 reducere,
902 2879 1044 2932 sumus
1073 2854 1261 2934 contenti
1289 2873 1434 2930 coram

341 2969 647 3073 magnificentia
687 2999 762 3052 sua
800 2975 1029 3055 ratillicare
1059 2984 1102 3054 et
1128 2973 1337 3078 aprobare
1364 2997 1432 3075 pa·

342 3115 448 3178 cem,
480 3091 633 3174 iactam
660 3093 771 3174 inter
799 3095 1014 3172 dominam
1041 3094 1245 3172 Helenam
1274 3097 1317 3170 et
1340 3091 1433 3170 nal:

342 3235 431 3288 sam
460 3235 514 3288 ex
542 3233 622 3286 una
660 3218 780 3311 parte
809 3221 852 3290 et
879 3221 1051 3292 nostros
1092 3212 1337 3314 provisores
1379 3233 1433 3287 ex

343 3331 434 3419 alia,
456 3333 710 3416 observante
726 3340 768 3411 et
782 3333 964 3413 iaciente
980 3331 1093 3410 dicto
1110 3316 1282 3412 domino
1310 3331 1436 3408 Balsa

343 3477 394 3532 ea
420 3451 573 3550 omnia,
604 3475 711 3556 quae
740 3453 1008 3532 continentur
1034 3453 1074 3530 in
1103 3478 1207 3556 pace
1245 3452 1434 3554 predicta

343 3575 536 3654 iacienda
580 3583 622 3654 et
663 3573 927 3652 observanda
955 3599 978 3652 a
1005 3582 1126 3679 parte
1167 3597 1267 3661 sua,
1310 3597 1435 3675 quam

343 3715 506 3794 pacem,
535 3694 624 3795 ipse
647 3703 793 3770 nostro
822 3693 1005 3778 nomine,
1034 3694 1182 3793 vigore
1213 3693 1434 3789 libertatis,

343 3833 467 3911 quam
496 3833 520 3886 a
546 3810 668 3890 nobis
696 3813 837 3900 habet,
866 3811 1091 3892 affirmabit
1118 3821 1160 3892 et
1187 3811 1437 3902 ratillicabit,

281 4034 286 4046 .
343 3933 584 4012 eteidictus
611 3933 746 4022 Balsa,
774 3936 863 4013 sive
891 3937 1218 4016 ambassiatores
1244 3935 1332 4025 siri,
1359 3959 1436 4010 sno

343 4055 544 4148 nomine,
586 4061 709 4134 erunt
738 4057 924 4136 contenti
964 4055 1107 4136 facere
1137 4062 1178 4134 et
1207 4054 1436 4134 observare

346 4182 474 4280 prout
500 4175 675 4256 indicta
702 4203 807 4280 pace
836 4181 1089 4269 continetur,
1119 4184 1218 4257 lunc
1245 4175 1436 4254 similiter

356 4305 505 4379 nostro
524 4297 717 4386 nomine,
731 4299 858 4378 iaciat
872 4307 916 4378 et
929 4297 1144 4394 observet,
1169 4297 1437 4402 procurando
