3236 5108
311 367 476 436 Μ’

313 553 477 682 CCX·
509 577 619 652 1398.
645 573 1022 654 Indictvumt.
1053 509 1403 676 Septembris.

311 731 519 808 Ranuoacso:
543 767 713 807 sasomnru
736 761 954 823 ynpannresro
977 751 1160 824 dpaasoun,
1175 769 1212 824 ua
1226 768 1310 825 syna
1326 768 1404 823 assy

311 855 402 926 raray,
426 871 444 926 y
467 851 562 910 soioit
585 855 625 926 hc
649 867 770 910 nocuos
793 855 974 922 Rosciana,
1008 871 1132 928 cac-apa
1155 856 1262 930 iuopia
1285 853 1401 922 Tonic,

447 971 455 992 ¹
594 961 676 1016 noia
701 975 742 1030 no
765 976 868 1033 cupra
893 975 973 1016 raoc
997 976 1131 1030 conara.
1231 1019 1234 1028 ,

414 1075 558 1178 Capta.
586 1076 764 1177 instruar
792 1078 889 1176 quia
918 1077 1165 1179 suplicatum
1193 1077 1318 1154 nobis
1339 1081 1403 1152 cst

151 1221 163 1250 ⁸
311 1219 391 1301 pro
432 1207 553 1298 parte
593 1197 787 1274 dominae
828 1198 1181 1300 Voysiavaa,
1235 1198 1397 1276 sororis

313 1316 523 1418 quondum
553 1316 711 1394 domini
746 1317 998 1414 Georgii
1027 1317 1274 1426 Tobiae,
1304 1315 1401 1393 oiim

309 1438 339 1512 d
355 1462 379 1512 o
396 1461 435 1514 m
451 1439 462 1514 i
478 1461 503 1514 n
519 1438 531 1514 i
573 1437 724 1516 Dura
741 1435 885 1528 chii,¹
920 1441 1034 1539 quod
1071 1437 1303 1518 dominatio
1331 1461 1402 1515 no·

313 1565 399 1634 atro
428 1558 621 1656 dignetur
661 1558 820 1636 habere
864 1566 1108 1661 respectum
1137 1581 1238 1635 suaa
1267 1555 1404 1635 condi·
1540 1544 1547 1558 '

315 1678 463 1768 tionis,
492 1677 692 1756 videlicet
720 1678 832 1778 quod
862 1685 1043 1782 propter
1068 1699 1240 1782 parvam
1267 1676 1402 1781 provi·

314 1797 497 1887 sionem,
525 1821 647 1898 quam
675 1797 816 1888 habet,
843 1798 1006 1877 scilicet
1033 1801 1282 1876 ducatorum
1311 1821 1402 1875 ccn·

254 1921 257 1928 ’
315 1927 401 1998 tum
438 1919 478 1994 in
519 1943 653 2006 anno,
698 1927 900 2022 opportet
940 1920 1002 1996 irc
1044 1917 1401 1999 mendicandodc

223 2095 225 2099 ,
314 2041 443 2118 domo
459 2039 497 2116 in
514 2039 697 2128 domum,
713 2047 755 2116 et
770 2049 1001 2142 propterea
1020 2040 1239 2137 dignemur
1267 2038 1402 2117 cidem

313 2161 542 2260 providere
570 2159 622 2238 dc
639 2183 719 2238 una
744 2159 888 2252 domo,
915 2185 994 2262 pro
1024 2185 1098 2237 sna
1125 2159 1401 2238 habitatione.

313 2279 439 2357 Vadit
477 2303 602 2380 pars,
645 2283 759 2382 quod
800 2284 1020 2360 mandetur
1054 2284 1215 2360 rectori
1256 2287 1403 2356 nostro

315 2403 415 2482 dicti
454 2403 559 2490 ioci,
602 2401 713 2502 quod
742 2401 986 2503 expendere
1013 2403 1186 2491 debeat,
1227 2404 1403 2480 ducatos

314 2524 525 2622 sexaginta
553 2519 593 2598 in
620 2547 699 2600 una
737 2522 888 2611 domo,
929 2525 970 2600 in
1000 2549 1081 2626 qua
1109 2525 1198 2627 ipsa
1239 2522 1403 2600 domina

314 2627 503 2722 habituro
543 2644 678 2744 possit
704 2644 745 2720 in
773 2643 855 2720 vita
883 2667 969 2732 sua,
1000 2651 1042 2722 ct
1083 2652 1182 2748 post
1223 2653 1403 2724 mortem

313 2787 431 2846 suam
459 2763 687 2842 reducatur
713 2764 753 2840 in
782 2787 986 2859 comune,
1031 2789 1110 2866 pro
1140 2763 1403 2866 complacan-

314 2885 368 2978 tia
395 2885 526 2986 ipsius
556 2883 739 2962 dominc.
1430 2869 1433 2874 ’

709 3017 806 3084 Misti
830 3016 887 3084 dei
912 3019 1065 3084 Senato.
1088 3014 1210 3090 xilv.
1235 3023 1289 3086 ch.
1309 3023 1362 3088 oa.

367 3173 556 3273 coxi.
594 3195 706 3269 noo
734 3191 941 3312 indict.
969 3191 1062 3270 vn.
1105 3199 1163 3270 ιο.
1191 3191 1368 3272 iunii.

312 3350 519 3430 Ilpasnseris
552 3369 589 3407 aa
615 3351 789 3408 ichraano
814 3351 1015 3426 rpaisancaao
1050 3371 1149 3428 spa-an
1181 3356 1401 3428 Bocascnora

809 3457 929 3513 Ocnos.

313 3571 583 3671 Priviiegium
613 3567 1006 3650 serenissimi
1041 3571 1260 3650 domini
1288 3573 1400 3650 Ste-

314 3693 491 3796 phani
531 3691 769 3794 Ostoya‚
812 3691 904 3770 dci
947 3693 1143 3792 gratia
1185 3691 1404 3782 Bassia,

340 3811 533 3889 Boane
576 3812 996 3914 Maritimcque
1038 3819 1092 3890 et
1133 3819 1239 3891 oct.
1283 3837 1377 3892 oum

365 3935 450 4010 suis
479 3933 576 4014 filiis
606 3943 647 4011 ct
675 3933 917 4032 heredibus;
946 3936 998 4010 dc
1023 3935 1137 4012 intus
1162 3943 1204 4012 ct
1233 3945 1351 4013 extra

750 4055 976 4154 degratia.

417 4193 757 4294 Anthonius
785 4194 1034 4280 Venerio
1062 4193 1292 4291 dci-gratia
1320 4193 1405 4268 dux

313 4314 586 4394 venetiarum
629 4325 709 4392 cto.
763 4310 972 4392 Universis
1011 4321 1056 4390 ct
1096 4313 1287 4426 singuiis⁸
1321 4321 1402 4390 tam
