3234 5116
332 549 652 628 considerantes
696 548 910 650 antiquam
952 548 1179 631 amieitiam
1218 559 1260 627 et
1288 552 1438 630 frater·
1583 612 1586 620 .

332 673 525 755 nitatem,
551 694 675 770 quam
703 693 876 771 semper
901 668 1129 748 babuimus
1156 689 1255 750 oum
1281 673 1438 772 magni·

331 791 427 870 bois
455 788 803 894 progenitoribus
831 789 938 887 suis,
966 813 1161 890 magnam
1189 792 1437 873 admiratio·

332 897 682 992 nembabuimus
709 917 752 989 et
775 909 993 1006 babemus,
1022 917 1066 990 et
1079 922 1202 992 certe
1230 935 1327 992 eum
1356 935 1440 990 ma·
1597 899 1598 958 3

333 1033 447 1108 ximo
474 1031 739 1134 displicentia
776 1031 1086 1118 intelleximus,
1128 1033 1245 1136 quod
1286 1039 1440 1132 gentes

331 1173 434 1228 suae
475 1159 685 1230 venerunt
713 1148 764 1226 ad
791 1148 940 1230 damna
980 1159 1023 1230 et
1049 1152 1313 1232 offensiones
1355 1157 1438 1230 ter·

334 1295 478 1349 rarum
506 1277 552 1347 et
578 1271 774 1350 iocorum
801 1277 1062 1360 nostrornm
1094 1277 1138 1349 et
1164 1271 1339 1351 interim
1367 1274 1439 1364 mi·
1597 1351 1598 1358 Ν

192 1471 195 1490 ,
253 1493 257 1501 ¹
335 1391 473 1469 serint
500 1392 551 1469 ad
574 1386 855 1491 praesentiam
888 1397 1076 1467 nostram
1105 1389 1438 1471 ambassiatores

334 1534 450 1589 suos.
491 1510 546 1586 lit
572 1497 652 1587 seit
679 1505 997 1606 magnificentia
1023 1531 1113 1600 sua,
1138 1511 1255 1611 qnod
1282 1513 1440 1590 nuttam

337 1655 507 1712 eausam
536 1629 674 1707 eidem
702 1625 977 1732 praebuimus
1016 1629 1262 1709 inimicandi
1289 1637 1438 1710 nostro

339 1750 561 1837 dominio,
600 1757 645 1830 et
673 1755 822 1848 gentes
861 1770 958 1828 snas
986 1749 1176 1828 mittendi
1204 1751 1257 1828 ad
1284 1753 1438 1832 damna

333 1879 506 1959 nostra;
547 1895 647 1973 ymo
675 1893 848 1972 semper
875 1868 1034 1947 inimus
1064 1871 1281 1956 eordiutes
1310 1875 1437 1952 amini

335 1991 662 2097 progenitorum
690 2015 862 2068 suorum
893 1986 1292 2092 etmagnitieentiae
1319 2017 1436 2087 suas,

335 2112 644 2212 subiungendo,
672 2114 783 2214 qrrod
813 2115 909 2193 loca
928 2115 1227 2216 quaeinerunt
1253 2115 1437 2194 nondam

337 2235 545 2324 fluisse,
573 2243 680 2333 qnae
697 2231 748 2312 ad
764 2255 909 2310 monus
938 2243 1105 2358 nostr-p
1131 2245 1437 2339 pervenerunt.

336 2381 420 2432 nun
449 2355 693 2456 accepimus
711 2355 973 2432 voluntariae
1000 2379 1083 2436 nee
1109 2359 1244 2457 gratia
1274 2353 1434 2435 ambiti-

336 2476 430 2552 onis
470 2473 644 2552 maioris
691 2473 897 2563 dominii,
955 2475 1029 2554 sed
1071 2477 1212 2556 eoacti
1252 2465 1435 2581 propter

336 2614 559 2695 guerram,
588 2617 711 2695 quam
740 2593 876 2671 dietus
903 2595 1031 2672 Balsa
1056 2594 1162 2674 iecit
1186 2605 1338 2676 nostro
1367 2597 1436 2673 dn·

339 2713 483 2800 minio,
510 2721 660 2794 eontra
688 2714 814 2792 fidem
843 2720 888 2792 et
900 2717 1210 2816 promissiones
1225 2741 1337 2813 stus
1367 2720 1435 2796 de·

340 2833 539 2914 elenando
566 2860 667 2913 sune
696 2834 1029 2935 magnificentiae
1063 2859 1196 2940 super
1221 2837 1308 2916 hoo
1337 2839 1434 2916 ilios

339 2957 493 3033 modos
529 2963 572 3032 et
599 2957 808 3040 rationes,
852 2957 1030 3056 quaein
1060 2955 1137 3033 ntia
1173 2955 1434 3036 comissione

338 3083 485 3156 nostra
510 3076 586 3154 tibi
602 3079 697 3154 deta
725 3077 1008 3161 eontinentur,
1025 3084 1068 3153 et
1082 3075 1256 3178 rogabis
1271 3075 1431 3157 dietum

339 3195 603 3296 magnifieum
640 3195 854 3273 dominum
894 3195 1145 3298 despntum,
1188 3197 1303 3297 quod
1331 3197 1435 3277 vetit

340 3325 486 3420 gentes
514 3337 611 3394 suas
638 3341 661 3392 n
684 3315 844 3392 damnis
871 3315 1030 3392 nostris
1057 3337 1297 3406 removere,
1327 3319 1433 3394 etsi

190 3421 197 3438 ’
339 3435 494 3540 aliquid
522 3459 577 3514 ex
605 3434 731 3511 terris
758 3434 826 3509 vet
855 3432 1072 3522 fortilieiis
1107 3433 1265 3511 nostris
1305 3461 1432 3516 oeen-

339 3565 480 3672 passet
524 3559 593 3636 vel
632 3554 895 3658 accepisset,
946 3555 1130 3634 sollicita
1172 3556 1288 3656 quod
1329 3557 1430 3635 iliud

291 3725 296 3740 ·
339 3687 487 3758 nostro
516 3679 703 3756 dominio
721 3677 980 3772 restituatur,
1011 3699 1107 3754 eum
1123 3673 1203 3752 iltis
1217 3677 1428 3778 pertinen

339 3799 451 3877 tibus
480 3801 620 3878 verbis
648 3806 691 3874 et
718 3796 973 3883 rationibus,
1016 3819 1123 3898 quae
1151 3797 1246 3873 tuae
1275 3796 1431 3876 disere·

338 3921 444 3997 tiooi
470 3920 737 3997 videbuntur.

439 4039 490 4117 Et
531 4039 565 4114 si
608 4039 745 4118 dictus
786 4037 979 4116 domiuus
1018 4033 1313 4139 desputus
1358 4035 1429 4113 tibi

204 4245 207 4252 ⁴
341 4156 500 4236 taceret
540 4161 722 4261 aliquam
763 4161 1022 4237 mentionem
1062 4157 1127 4234 de
1176 4156 1432 4238 filiabus
