3224 5110
1199 369 1261 440 Ul

172 603 266 662 nem
295 587 451 662 tantum
482 605 558 660 sue
589 578 855 680 benignitatis
884 585 927 660 et
954 579 1087 678 gratie
1114 577 1264 662 hocin

171 709 364 803 tempore
394 699 658 784 concessisse
689 698 934 780 mortalibus
964 697 1190 784 cernimus,
1220 700 1265 770 ut

170 821 457 900 dissidentium
500 821 611 900 inter
639 847 685 898 se
729 820 1076 924 amplissimarum
1105 817 1263 902 iliarum

170 941 343 1020 duarum
372 941 668 1042 potentiarum,
706 940 880 1023 illustris
918 940 1085 1018 scilicet
1113 959 1162 1014 ac
1188 961 1262 1038 po·

172 1059 390 1138 lautissimi
406 1059 767 1141 inclitissimorum
787 1062 1054 1140 Venetorum
1079 1054 1266 1154 dominij.

171 1186 213 1256 et
253 1180 511 1258 serenissimi
552 1181 712 1260 domini
740 1173 906 1280 regis
936 1178 1261 1276 Aragonum

170 1324 318 1380 causas
333 1323 503 1378 eversas
519 1309 764 1401 agnoscant,
795 1325 873 1404 pro
890 1297 1037 1403 grandi
1066 1297 1260 1378 odioma-

169 1424 324 1501 simum
340 1445 540 1510 amorem,
560 1447 637 1524 pro
660 1424 891 1515 inimicitia,
920 1419 1260 1506 benivolentiam.

169 1565 245 1643 pro
274 1541 460 1620 sollicito
491 1565 706 1622 armorum
735 1542 911 1642 strepitu
940 1540 1124 1644 quietem
1146 1546 1261 1636 toga·

169 1669 308 1740 torum
337 1661 571 1748 incensum,
602 1689 681 1762 pro
699 1663 861 1742 crudeli
891 1663 1005 1741 bello
1023 1685 1171 1763 pacem
1189 1660 1259 1738 hu·

170 1807 330 1864 menam
360 1807 596 1876 exercere,
633 1786 764 1864 decet
793 1785 876 1864 hoc
922 1784 1084 1864 celeste
1113 1807 1260 1864 munus

167 1903 301 1982 nostri
328 1901 563 1988 conditoris
590 1927 854 2003 agnoscere,
895 1909 937 1998 et
967 1905 1166 2003 quantum
1193 1923 1257 1981 va·

169 2025 225 2100 let
251 2023 428 2104 hnmana
457 2023 660 2124 fragilitas
676 2023 810 2122 dignis
825 2024 1056 2122 gratiarum
1085 2021 1257 2105 actioni·

166 2144 241 2232 bus
271 2145 492 2232 extollere,
521 2169 600 2223 nec
629 2145 780 2225 ocioso
811 2145 995 2222 decursu
1037 2142 1257 2244 pertransi·

168 2289 228 2356 re,
257 2267 370 2366 quod
400 2264 520 2348 tantis
549 2263 849 2346 calamitatibus
879 2263 1001 2342 linem
1023 2288 1072 2340 ac
1089 2264 1257 2346 modum

166 2385 375 2486 imposuit,
411 2391 452 2462 et
494 2385 804 2484 luctumverlit
835 2382 1111 2482 ingaudium.
1168 2384 1256 2464 uci-

166 2530 255 2582 mus
283 2529 360 2584 nos
387 2527 498 2606 quos
526 2531 597 2586 sua
628 2505 829 2586 clementi
858 2503 1126 2606 providentia
1155 2502 1257 2586 deus

165 2623 287 2702 etiam
318 2625 449 2723 regali
476 2622 646 2704 donavit
674 2626 849 2713 honore,
877 2631 980 2726 quot
1015 2622 1256 2706 sollicitudi-

165 2770 240 2824 nes
268 2744 391 2831 bella,
420 2751 524 2846 quot
552 2747 854 2852 oppressiones
883 2745 1095 2826 bellorum
1121 2744 1255 2828 iucur-

164 2890 246 2954 sus.
276 2874 379 2966 quot
405 2867 725 2946 inhumanitates
752 2865 912 2945 hostilis
945 2864 1125 2964 gladius,
1153 2873 1256 2965 quot

167 2987 416 3068 lacrimosas
455 3013 586 3068 voces
627 2986 811 3066 furiosus
860 2993 1058 3088 aspectus
1098 2981 1256 3064 inimici

167 3107 409 3210 parturiant.
439 3109 614 3188 Demum
633 3107 771 3187 omnia
786 3107 1030 3209 promiscua
1047 3105 1148 3184 tacit
1164 3127 1253 3188 cer·

162 3230 334 3310 tantium
363 3229 451 3308 fera
481 3229 713 3315 dissensio,
756 3235 932 3308 econtra
972 3253 1053 3328 pax
1093 3224 1254 3324 singula

145 3354 249 3428 suis
292 3355 461 3454 coaptat
502 3353 634 3445 locis,
674 3357 717 3429 et
758 3359 908 3458 cuncta
948 3349 1119 3459 propria
1156 3346 1252 3444 lege

163 3472 397 3574 componit.
432 3471 526 3552 Hoc
552 3473 680 3573 igitur
708 3473 864 3549 celeste
905 3469 1087 3555 donum,
1129 3493 1252 3570 quan-

163 3599 250 3668 tum
278 3617 499 3694 possumus
529 3593 726 3697 amplecti
753 3617 831 3670 nos
860 3589 1069 3674 convenit,
1099 3597 1250 3668 eicon·

164 3713 351 3812 gaudere
380 3713 462 3802 his,
491 3740 596 3816 quos
624 3713 709 3791 hoo
751 3712 932 3790 divinum
975 3709 1112 3785 lumen
1154 3709 1247 3786 adu·

162 3833 285 3924 navit,
313 3837 354 3910 et
383 3860 435 3911 eo
465 3833 656 3937 amplius,
687 3858 772 3934 quo
802 3833 925 3910 etiam
954 3856 1061 3922 nos,
1096 3831 1156 3908 illi
1185 3855 1251 3908 an·

163 3953 371 4033 numerati
399 3979 553 4032 eumue.
606 3951 655 4030 Ut
680 3956 793 4032 enim
833 3952 885 4030 ad
924 3973 1001 4028 nos
1042 3951 1165 4052 plena
1201 3974 1249 4030 ao

165 4081 281 4150 certa
309 4073 456 4150 notitia
483 4073 616 4152 delata
645 4083 722 4158 est,
755 4073 965 4177 prefatum
1007 4067 1170 4146 illustre
1200 4095 1248 4148 ac

166 4190 351 4274 inclitum
367 4193 829 4278 excellentissimorum·
847 4195 1106 4274 Venetorum
1120 4191 1248 4272 domi·
