3230 5104
311 353 384 432 'w

317 563 605 643 servationem
636 567 679 638 et
721 558 947 638 commoda
977 581 1149 662 semper
1189 559 1460 663 cupivimus

317 691 358 760 et
391 679 728 782 procuravimus.
752 679 812 764 ‚nt
827 679 862 756 si
880 680 919 756 id
944 677 1122 778 iacimus
1138 680 1176 755 iu
1203 703 1350 756 omnes
1366 680 1426 756 in·

317 800 550 878 ditarenter
580 798 848 880 Christianos
877 799 1201 880 Christianitatis
1228 800 1322 878 soto
1351 823 1425 876 no·

318 918 457 1015 mine,
486 927 644 1020 quanto
679 917 932 996 verosimilis
963 926 1047 1006 estc,
1078 924 1122 994 ut
1150 919 1350 1000 iaciamus
1381 920 1424 996 io

318 1039 507 1128 amicos,
545 1040 703 1124 amoris
750 1049 790 1116 et
833 1039 1145 1118 coniunctionis
1188 1038 1425 1142 cuiuspiam

317 1159 510 1236 adiuncta
542 1181 677 1236 causa.
706 1158 1011 1242 Excellentiam
1056 1163 1195 1236 autem
1237 1168 1425 1240 vestram

318 1299 491 1378 semper
532 1279 727 1354 duximus
769 1281 813 1354 ut
841 1277 1028 1356 institam
1069 1285 1111 1352 et
1138 1279 1359 1356 sublimem
1396 1279 1425 1352 i-

319 1406 359 1476 ta
388 1399 497 1476 iuter
527 1400 701 1500 primos,
732 1400 893 1478 amicos
924 1403 1109 1474 nostros
1132 1397 1423 1476 collocandam

319 1527 359 1596 et
404 1518 684 1620 reputandam
713 1525 753 1595 et
795 1517 1084 1596 honorandam
1120 1539 1141 1590 a
1171 1516 1308 1594 uobis.
1336 1515 1424 1594 Sed

319 1637 518 1741 quidquid
544 1639 598 1716 de
627 1637 720 1741 ipso
738 1644 886 1716 nostro
902 1638 1136 1714 secretario
1166 1636 1319 1716 accidit
1343 1637 1425 1712 ior-

321 1767 418 1836 tune
449 1756 589 1858 potius
614 1769 682 1834 aut
700 1753 876 1857 cuipiam
900 1754 1095 1850 sinistrae
1119 1755 1427 1846 informationi,

319 1901 442 1978 quam
459 1875 659 1953 voluntati
675 1871 958 1975 imputandum
977 1897 1214 1968 censemus,
1231 1900 1325 1954 cum
1344 1900 1427 1952 ma·

319 1997 431 2074 xime
446 1995 674 2092 videamus,
690 2019 812 2096 quam
829 1981 1124 2074 humaniter'et
1142 1993 1263 2096 quam
1281 1995 1427 2096 benig·

319 2118 429 2194 niter
444 2113 673 2196 sublimitas
690 2120 830 2194 vestra
845 2123 941 2218 post
957 2127 1207 2216 conc-eptam
1222 2117 1322 2194 tanti
1350 2119 1427 2194 cri-

320 2236 1426 2340 minissuspitiouem‚nostracausaetrespectuittum

320 2359 574 2436 tractaverit.
602 2357 653 2436 m
681 2355 833 2434 merito
861 2362 1005 2432 vestre
1037 2356 1275 2434 eelsitudini·
1299 2357 1427 2458 pturi·

321 2501 432 2556 mum
448 2475 665 2568 debemus,
681 2476 925 2575 egimusque
954 2473 1231 2576 amplissimas
1256 2476 1429 2576 gratias,

321 2593 522 2696 quidquid
550 2597 660 2674 enim
680 2595 929 2672 clementiae
957 2595 1342 2672 etmansvetudinis
1385 2596 1426 2672 iu

318 2741 543 2820 personam
586 2740 701 2792 suam
745 2714 980 2794 contulistis
997 2714 1188 2795 amicicie
1204 2725 1352 2796 nostre
1367 2739 1430 2794 aa·

321 2839 540 2944 cripsimus
570 2839 727 2915 Verum
740 2841 784 2912 ut
797 2845 938 2913 vestra
950 2835 1185 2915 sublimitas
1206 2841 1429 2916 veritatem

321 2983 488 3039 omnem
514 2957 729 3056 intelligat,
759 2957 947 3036 misimus
974 2956 1209 3057 predictum
1244 2971 1428 3036 secreta·

254 3153 256 3160 .
320 3079 427 3156 rium
456 3084 672 3164 nostrum,
701 3103 785 3154 non
817 3084 861 3154 ut
890 3077 969 3152 utta
999 3076 1164 3156 ratione
1206 3076 1333 3156 statui
1361 3101 1425 3156 re·

320 3197 484 3299 busque
501 3199 664 3287 vestris,
680 3197 812 3273 ultum
828 3196 1147 3276 incommodum
1163 3206 1233 3276 aut
1262 3197 1427 3300 pericu·

320 3319 403 3396 ium
444 3327 696 3418 procuraret
734 3341 828 3394 cum
881 3317 1254 3418 imperatore
1294 3315 1425 3392 Tar-

320 3429 450 3498 taro
468 3447 488 3496 r
505 3447 528 3496 u
547 3447 585 3496 m
604 3479 614 3503 ,
656 3421 752 3522 quin
781 3419 923 3520 potuis
967 3421 1130 3498 invitati
1160 3419 1294 3502 iitevis
1322 3419 1427 3498 dicti

316 3523 573 3621 serenissimi
613 3523 909 3626 imperatoris,
937 3521 1052 3600 titum
1071 3532 1113 3600 et
1142 3524 1286 3625 copias
1313 3545 1428 3612 suas,

319 3625 478 3704 vicinas
506 3633 649 3703 vestro
678 3625 831 3713 statui,
873 3635 914 3702 et
955 3633 1183 3726 propterea
1221 3625 1429 3702 molestes

321 3737 362 3805 et
419 3727 593 3804 infestas
634 3733 848 3804 averteret
887 3733 930 3804 et
969 3725 1207 3828 ditongaret
1246 3728 1280 3805 si
1323 3728 1428 3805 tieri

321 3833 460 3932 atique
491 3834 656 3910 ratione
685 3830 919 3930 potuisset,
958 3852 980 3902 a
1010 3834 1160 3907 vestris
1196 3832 1351 3910 tinibus
1378 3840 1431 3907 et

320 3935 555 4022 vicinitate;
592 3941 633 4010 et
675 3957 751 4034 per
784 3934 1028 4033 provincias
1070 3935 1174 4012 mari
1202 3933 1431 4012 meditere·

311 4039 404 4114 'neo
434 4037 547 4138 quod
578 4035 652 4112 n‘u
669 4061 695 4112 x
713 4039 724 4112 i
740 4063 765 4114 u
783 4061 806 4110 u
825 4059 863 4113 m
892 4034 960 4110 vet
979 4059 1104 4115 mare
1145 4036 1278 4118 maius
1313 4037 1432 4135 apet-

323 4140 444 4232 tatur,
472 4141 521 4217 ad
537 4137 675 4242 rippas
703 4139 857 4216 Danu
874 4135 899 4212 b
916 4136 927 4214 i
944 4135 954 4212 i
984 4135 1176 4234 duceret,
1194 4139 1234 4220 in
1251 4161 1432 4244 oppres-
