3234 5116
1239 427 1461 500 1211

211 635 270 714 nii
299 641 341 735 et
367 640 690 716 conservatione
719 638 901 740 partium
930 639 1120 728 illarum,
1149 637 1306 739 ubsque

214 764 325 836 tanta
353 782 543 862 expensa
585 765 627 836 et
654 760 865 836 interesse
893 761 1027 837 nostri
1055 757 1305 841 dominii....

290 893 368 986 *ut
402 906 559 974 utnon
589 897 800 974 amittatur
840 903 1003 997 tempus
1045 895 1103 972 ad·
1124 895 1303 974 dandum

211 1015 459 1118 principium
487 1014 802 1120 provisionibus
829 1013 1001 1094 utilibus
1029 1018 1083 1092 ad
1108 1015 1195 1100 hoe
1223 1017 1304 1094 fao·

213 1143 325 1228 tum,
369 1137 618 1242 expediatur
658 1142 817 1238 quanto
847 1138 1030 1237 prestius
1058 1134 1210 1214 nobilis
1238 1138 1304 1214 vir
1391 1145 1394 1151 '

146 1305 154 1326 .
210 1279 282 1332 ser
319 1256 588 1338 Andreas
629 1255 954 1342 Marcello,
997 1255 1068 1358 qni
1102 1257 1226 1335 vadat
1253 1261 1302 1337 ad

209 1375 500 1456 Juannum
531 1375 860 1466 Castrioti,
903 1378 1209 1480 sicutcaptum
1241 1387 1305 1457 est

211 1501 251 1578 iu
280 1499 360 1576 isto
390 1497 581 1588 oonsilio,
610 1497 678 1577 oui
707 1496 834 1576 etiam
863 1499 1121 1583 oomittatur,
1151 1497 1305 1578 debeat

213 1639 447 1716 procurare
471 1640 549 1718 per
578 1641 727 1693 omnes
755 1619 869 1694 vias.
899 1671 909 1692 .
937 1673 948 1720 3
977 1617 1030 1694 de
1058 1619 1303 1696 reducendo

212 1737 315 1813 otios
343 1737 541 1816 dominos
570 1744 613 1812 et
636 1736 805 1815 nobiles
833 1737 946 1826 itlius
975 1743 1236 1825 contractae,
1251 1738 1303 1816 ad

211 1862 396 1935 nostram
440 1857 752 1950 obedientiam,
794 1883 891 1934 cum
923 1856 1237 1959 provisionibus
1264 1867 1305 1933 et
1374 1894 1379 1900 ·

209 1979 559 2080 promissionibus
590 2037 599 2058 .
630 2039 640 2058 .
668 2037 678 2058 .
707 1989 750 2059 et
776 1979 952 2082 insuper
994 1983 1209 2059 mittantur
1235 2005 1303 2084 pe·

211 2100 319 2178 dites
360 2105 527 2178 eentum
571 2098 821 2188 Soutarnm,
873 2126 951 2203 pro
994 2102 1303 2181 reformatione

210 2221 420 2320 gentium,
463 2246 571 2322 quae
600 2223 670 2300 diu
698 2220 758 2300 ibi
786 2228 995 2302 steterunt
1028 2277 1305 2303 ........

210 2351 253 2420 et
280 2341 587 2432 mittantur...
612 2343 738 2422 staria
766 2344 844 2421 tria
872 2343 1000 2422 mittia
1029 2343 1153 2442 miley
1180 2369 1301 2446 quan·

209 2473 253 2540 to
282 2461 480 2564 prastino,
508 2520 518 2543 .
547 2518 557 2538 .
587 2521 593 2534 .
623 2467 666 2540 et
695 2463 1223 2554 ducatorumfllbmittia,
1251 2461 1302 2544 de

210 2583 363 2684 quibus
399 2581 581 2660 debeant
609 2583 752 2661 facere
793 2583 1114 2663 subventionem
1151 2585 1303 2686 stipen-

208 2699 348 2779 diariis
376 2701 548 2789 nostris,
578 2711 619 2782 et
647 2703 799 2782 fulcire
826 2703 1079 2781 victualibus
1108 2711 1149 2783 et
1178 2705 1303 2784 rebus

212 2823 435 2924 oportunis
464 2823 579 2903 ittam
608 2825 833 2904 civitatem.

508 2959 617 3039 Secu
639 2979 740 3026 cons.
765 2970 885 3057 rogat.
908 2960 982 3028 Lib.
1008 2961 1103 3028 vul.
1130 2964 1187 3028 ob.
1209 2963 1274 3038 ao.;

305 3135 637 3270 ooouvm
670 3188 782 3265 ns.
823 3192 887 3266 28.
911 3184 1204 3272 santam.

207 3381 433 3454 donatorem,
468 3397 507 3436 ua
548 3380 657 3456 uoutiy
692 3398 792 3439 suess
816 3399 835 3438 n
860 3397 1025 3439 seueram
1062 3381 1296 3455 Grapaprnors

365 3500 512 3542 noeaars
535 3499 555 3558 y
580 3484 733 3560 Cuarapn
757 3484 893 3558 sobouy.
927 3479 1147 3566 (eupaterio.)

312 3651 417 3730 Cum
471 3651 701 3730 secundum
743 3652 1092 3764 informationem
1134 3652 1301 3729 comitis

208 3775 252 3848 et
280 3771 489 3874 capitanei
516 3797 567 3851 ac
594 3773 831 3876 provisoris
859 3769 970 3850 Son
987 3777 1002 3848 t
1019 3795 1042 3847 a
1058 3771 1130 3859 ri,
1158 3774 1202 3850 et
1228 3771 1299 3850 eti·

208 3913 273 3967 am
301 3915 374 3968 ser
399 3887 551 3970 Petri
578 3888 781 3976 Potani,
810 3889 1031 3968 hortemur
1057 3890 1194 3987 vaide,
1222 3911 1301 3991 pro

208 4013 538 4089 conservatione
566 4017 709 4087 terrae
738 4017 908 4088 nostrae
938 4009 1048 4088 Son
1065 4020 1154 4088 tar
1172 4011 1184 4087 i
1199 4067 1208 4099 ‚
1249 4013 1300 4090 ad

207 4130 455 4208 mittendum
484 4127 586 4208 ittuo
615 4131 822 4231 quendam
849 4154 1070 4209 numerum
1100 4132 1300 4232 equitum,

208 4303 218 4328 .
248 4304 258 4328 .
288 4302 298 4326 .
328 4247 478 4328 .Vadit
506 4249 616 4353 pars:
646 4249 768 4328 detur
796 4247 978 4330 libertas
999 4251 1220 4350 collegio.
1252 4309 1259 4324 .
1291 4307 1299 4323 .

312 4397 314 4400 ·
1057 4371 1098 4436 9*
