3220 5118
361 389 427 466 lm

363 607 402 685 lb
417 613 666 710 perperaum
682 618 912 684 remanere.
941 601 1225 708 Dedimnsqne
1250 599 1448 708 predicto

361 727 583 826 magnifico
611 724 784 818 domiuo
801 722 1015 811 sandalio,
1041 729 1190 803 tenore
1212 731 1451 802 nostrarum

361 848 589 951 patentium
618 847 848 930 literarum,
876 847 1263 950 qnesnprascripto
1292 846 1448 924 ambas·

363 967 516 1048 eiatori
544 987 619 1045 sne
646 965 958 1066 magnificentie
985 965 1161 1045 fecimus
1190 963 1379 1052 exiberi,
1409 963 1452 1042 li·

363 1087 568 1166 bertatem
596 1085 827 1189 plenariam
857 1093 899 1164 et
926 1085 1171 1174 arbitrium,
1199 1081 1454 1189 disponendi

365 1218 408 1288 et
448 1207 629 1288 faciendi
671 1209 723 1286 de
765 1204 969 1311 predictis
1024 1207 1130 1287 loeis
1172 1205 1369 1305 Dnlcigni
1411 1213 1456 1284 et

312 1331 318 1351 '
363 1329 513 1406 Budua
543 1349 592 1407 aa
618 1329 883 1431 pertinentiis
912 1329 1010 1416 suis,
1039 1336 1080 1406 et
1101 1331 1155 1407 de
1170 1325 1455 1432 promissione

364 1445 740 1527 milledncatorum
767 1449 1161 1552 suprascriptorum,
1190 1471 1283 1527 cnm
1311 1469 1454 1548 snpra·

365 1570 483 1647 dicto
513 1570 681 1648 domino
709 1569 844 1658 Balsa,
871 1575 999 1674 prout
1026 1569 1165 1648 eidem
1180 1565 1454 1669 magnitudini

364 1711 440 1764 sue
469 1689 682 1768 videbitur
708 1700 750 1769 et
775 1690 974 1794 placebit.
1019 1689 1119 1768 Nam
1146 1687 1456 1794 suprascriptus

366 1807 563 1886 dominus
591 1809 822 1890 Grubacius
862 1811 1144 1890 ambasciator
1177 1807 1359 1915 predicti
1386 1807 1455 1885 do·
1569 1851 1575 1870 ·

363 1927 677 2028 miniSandalii‚
704 1931 851 2028 vigore
867 1927 1073 2011 libertatis
1100 1955 1180 2036 per
1208 1929 1350 2008 literas
1363 1951 1457 2034 pre·

364 2047 479 2126 libati
508 2048 573 2125 sui
601 2049 757 2127 domini
784 2051 865 2128 sibi
879 2051 1046 2139 tradite,
1069 2074 1148 2154 per
1162 2053 1237 2129 has
1264 2055 1457 2153 patentes

362 2169 531 2256 literas,
575 2195 677 2271 quas
706 2171 794 2274 ipse
835 2170 1116 2254 ambasciator
1156 2171 1294 2274 sigillo
1323 2169 1455 2274 ipsius

368 2285 527 2364 domini
543 2286 728 2388 Sandali‚
759 2293 872 2392 qnod
888 2315 1032 2370 secum
1049 2289 1244 2382 habebnt,
1259 2292 1300 2368 in
1317 2287 1455 2377 iidem,

368 2403 511 2499 robur,
538 2411 583 2483 et
610 2409 895 2490 testimonium
924 2433 1050 2515 snpra
1079 2421 1121 2492 et
1147 2413 1254 2492 inira
1281 2409 1458 2514 scripto·

367 2547 461 2601 rum
489 2523 727 2629 impressit,
755 2533 930 2610 mimivit
955 2541 998 2612 et
1026 2531 1256 2623 roboravit,
1284 2529 1457 2608 nomine

367 2642 467 2722 dieti
508 2648 669 2726 domini
709 2651 773 2728 sui
814 2653 1008 2753 promisit
1061 2660 1212 2734 nostro
1254 2648 1454 2748 dominio,

367 2767 480 2866 quod
508 2766 619 2847 idem
660 2771 853 2852 dominus
881 2771 1097 2854 Sandalius
1131 2779 1222 2873 ejus
1251 2771 1459 2862 dominns,

366 2884 493 2964 laniet
520 2913 615 2966 cum
642 2891 809 2982 ellectu,
836 2895 949 2998 quod
976 2919 1078 3000 sepe
1107 2894 1244 2974 dictus
1266 2891 1460 2969 dominus

367 3004 491 3083 Balsa
520 3009 653 3087 literis
682 3013 768 3090 suis
795 3015 1032 3118 patentibus
1060 3015 1183 3093 bullis
1211 3015 1302 3113 ejus
1332 3011 1458 3090 bulia-
1596 3035 1597 3118 3

368 3124 419 3204 tis
445 3135 488 3204 et
515 3129 649 3216 iactis,
676 3135 924 3216 selemniter
949 3135 1278 3240 suprascriptam
1307 3155 1457 3237 pacem
1596 3135 1597 3184 ἓ

366 3247 599 3336 raliiinabit,
628 3251 886 3354 omologabit
913 3261 956 3333 et
983 3253 1250 3358 approbabit,
1266 3259 1307 3332 et
1330 3251 1458 3330 invio·

267 3397 271 3412 ¹
367 3371 549 3449 labiliter
577 3371 838 3465 observabit,
867 3401 948 3457 nee
976 3401 1068 3456 eam
1096 3377 1294 3474 infringet
1321 3373 1458 3476 aliqua

368 3494 493 3566 cansa
520 3493 585 3570 vel
614 3501 780 3574 eventu.
832 3495 938 3576 item
968 3499 1082 3601 qnod
1125 3519 1273 3577 omnes
1309 3503 1459 3595 gentes

365 3631 463 3686 suas
490 3611 719 3712 armigeras
746 3613 885 3695 subito
914 3614 1152 3696 removebit
1180 3615 1230 3692 ab
1258 3615 1457 3694 infestati·

366 3750 448 3806 one
476 3738 519 3808 et
547 3731 882 3816 damnificatione
912 3737 1106 3817 locorum
1136 3743 1177 3816 ot
1193 3735 1456 3815 subditorum

368 3855 633 3947 nostrornm,
661 3863 703 3934 et
730 3860 867 3960 aliqua
896 3861 992 3939 loca
1019 3865 1167 3937 nostra
1196 3865 1239 3935 et
1265 3853 1457 3932 subditos

369 3999 452 4052 nnn
482 3977 719 4057 molestabit
745 3965 1083 4060 nec'molestare
1112 3977 1238 4056 laeiet
1266 3983 1336 4054 ant
1361 3997 1454 4079 per·

367 4096 503 4175 mittet
529 4116 609 4198 per
640 4123 739 4175 snos
767 4099 961 4178 subditos
989 4105 1060 4179 ant
1100 4095 1272 4184 fideles,
1312 4096 1454 4198 aliquo

367 4219 535 4317 ingenio
565 4243 690 4300 cansa
717 4221 785 4298 vel
809 4221 973 4310 colore.
998 4221 1143 4324 Neque
1159 4217 1212 4295 de
1229 4215 1335 4296 loeis
1363 4234 1454 4294 nos·

366 4339 441 4416 tris
484 4346 555 4418 ant
582 4343 769 4444 ipsorum
810 4343 950 4443 aliquo
978 4365 1026 4418 se
1052 4338 1303 4418 intromittet
1330 4336 1370 4412 in
1400 4333 1454 4413 in·
