3206 5110
1199 383 1258 470 tri

169 610 370 701 'Pauus
397 625 674 719 magnoet
701 618 893 698 Tantis
930 639 1110 720 parvo
1140 617 1261 696 duca·

172 749 237 818 tos
267 747 434 822 eentum
479 740 518 818 in
548 763 656 818 anno
698 762 777 843 pro
822 736 1034 840 quotibet,
1077 745 1120 816 et
1155 739 1261 816 alios

172 866 387 940 trecentos
417 865 625 940 restantes
654 857 874 962 usquead
902 881 1107 935 summam
1143 855 1262 934 duca·
1377 879 1382 890 ·

55 1036 60 1044 .
170 985 311 1058 torum
339 979 466 1065 mille,
494 979 631 1082 possis
659 976 847 1054 dividere
876 979 986 1054 inter
1014 977 1120 1054 alios
1143 975 1259 1054 nobi·

173 1101 235 1177 ies
276 1103 329 1180 de
372 1103 497 1189 inde,
537 1097 766 1176 seeundum
798 1097 1063 1176 conditiones
1099 1120 1263 1218 eorum,

171 1219 308 1299 dando
337 1221 565 1322 unicuique
592 1219 693 1297 ittud
711 1217 825 1319 quod
855 1220 930 1296 tibi
958 1218 1180 1314 videbitur,
1210 1221 1262 1296 de

21 1427 24 1441 Ἠ
171 1338 412 1445 provisione
452 1341 490 1418 in
520 1363 655 1427 anno,
693 1344 737 1416 ut
766 1337 946 1418 habeant
976 1365 1143 1420 causam
1173 1363 1262 1442 per·

170 1464 390 1542 severandi
437 1461 476 1540 in
522 1461 763 1539 obedientia
806 1468 848 1538 et
888 1457 1089 1540 fidelitate
1131 1461 1263 1539 nostri

171 1583 368 1684 dominii,
409 1605 515 1684 quos
544 1582 652 1659 solvi
691 1583 886 1659 volumus
926 1583 979 1658 de
1020 1581 1261 1660 introitibus

171 1703 330 1780 nostris
345 1701 525 1790 Scirtari,
542 1701 641 1779 ioco
670 1701 838 1777 iliorum
867 1701 980 1778 mitte
1002 1701 1264 1807 ducatorum,

173 1847 279 1924 qnos
307 1823 424 1901 soliti
454 1843 623 1900 eramus
652 1819 753 1897 dare
782 1817 943 1900 Baisae.

275 1977 359 2059 Sed
385 1979 420 2056 si
447 1977 674 2058 duannus
702 2003 797 2058 eum
815 1973 1294 2060 Sernndreonrm»
1365 2060 1367 2066 .

172 2103 256 2179 eet
277 2101 328 2180 io
359 2145 405 2160 -·
434 2101 653 2180 devenerit
693 2104 744 2181 nd
775 2101 1080 2193 concordium,
1110 2109 1151 2180 tu
1180 2103 1264 2183 nut-

172 2219 251 2297 tam
281 2219 402 2296 aliam
432 2220 762 2324 promissionem
793 2221 920 2302 iacias
945 2220 1101 2306 dunno,
1128 2220 1263 2299 deela-

172 2344 311 2416 rantes
341 2337 443 2432 tibi,
486 2339 600 2442 quod
630 2366 757 2422 carisa
793 2351 973 2448 propter
1002 2364 1124 2447 qnam
1151 2342 1261 2422 voiu-

171 2485 261 2538 mus
276 2460 474 2540 denarios
495 2463 808 2565 suprascriptos
824 2463 1066 2567 expendere
1089 2462 1263 2568 inprae·

170 2581 294 2660 dietis
326 2589 404 2673 est,
422 2581 756 2684 'quiaroiumus
786 2571 897 2685 quod
927 2591 1194 2663 remanerent
1223 2585 1276 2664 in·

171 2709 318 2780 nostro
362 2701 531 2781 comuni
573 2726 652 2803 pro
682 2691 829 2780 maiori
868 2709 989 2804 ¹parte
1029 2703 1184 2808 pronie
1221 2710 1264 2780 et

171 2821 385 2902 territoria
416 2830 564 2902 nostra
593 2820 645 2899 de
674 2823 785 2912 inde,
815 2846 892 2924 pro
921 2823 1099 2901 utilitate
1129 2823 1262 2900 nostri

172 2943 476 3020 comunis...
530 2943 582 3022 nt
612 2943 706 3045 quia
748 2931 1071 3022 Pimatioti
1112 2949 1154 3020 et
1193 2944 1262 3021 aiii

171 3065 277 3143 certi
319 3048 371 3138 de
413 3063 510 3139 inde
550 3068 759 3142 uenerunt
796 3065 846 3141 ad
881 3063 1166 3142 obedientiam
1193 3089 1263 3141 no·

166 3189 312 3278 stram,
330 3195 372 3262 et
400 3182 572 3260 muttum
604 3183 773 3262 fuerunt
802 3183 1060 3264 favorabiles
1089 3189 1132 3261 ut
1161 3181 1261 3261 obti-

168 3325 367 3382 neremus
393 3303 598 3380 intentum
628 3311 847 3390 nostrunt,
876 3305 925 3382 ad
953 3302 1261 3384 succurendum

170 3421 327 3501 civitati
354 3427 525 3500 nostrae
542 3417 773 3512 So'utari,
802 3427 993 3504 volumus
1010 3427 1120 3530 qnod
1148 3449 1262 3530 prae·

169 3543 307 3622 dictos
336 3543 492 3622 debeas
520 3545 701 3626 humane
744 3552 787 3624 et
814 3545 995 3628 dutoiter
1035 3553 1263 3654 pertracta·

169 3687 230 3754 re,
257 3669 300 3740 et
328 3689 405 3743 eos
421 3663 578 3745 habeas
607 3667 880 3758 reeomissos;
907 3668 1148 3746 denotando
1176 3666 1261 3752 tibi,

172 3784 285 3886 quod
327 3783 515 3864 misimus
558 3791 702 3864 certos
742 3811 903 3890 pannos
951 3786 1262 3884 distribuendos

170 3902 428 3996 interillos,
458 3903 529 4004 qui
557 3913 763 3982 venerunt
800 3906 848 3984 ad
879 3905 1162 3986 obedientiam
1193 3931 1261 3983 no·

169 4033 312 4112 strum,
341 4029 383 4101 et
413 4025 507 4102 iilos
544 4024 704 4104 dividas
733 4081 1056 4108 .........

475 4247 584 4314 Secr.
610 4249 733 4318 eonati.
763 4265 842 4338 rog.
869 4248 943 4325 Lib·
972 4251 1063 4319 Viti.
1088 4253 1144 4317 ub.
1166 4251 1218 4316 96.
