3186 5112
354 367 488 441 m„

248 669 250 674 ¹
457 575 610 659 Actum
636 572 793 652 Jodroe
809 573 848 648 in
864 595 1033 652 camere
1059 570 1205 674 palatii
1218 595 1345 674 supra
1371 571 1451 650 dio·

358 693 389 769 ti
405 693 563 773 domini
592 694 761 772 comitis
777 701 820 770 et
842 717 943 772 sune
970 692 1254 778 habitationis,
1281 715 1450 794 presen-

357 811 466 892 tibus
495 813 708 894 nobilibus
735 812 835 890 viris
865 813 1039 892 domino
1068 811 1260 890 Gnidone
1286 815 1340 890 de
1368 811 1452 892 Ma·

355 936 500 1016 inieris
530 933 673 1032 milite,
691 941 734 1012 et
748 958 820 1009 ser
846 931 1080 1013 Thomasio
1108 935 1161 1012 de
1191 932 1367 1032 Petrigo
1396 933 1452 1010 oi·

356 1055 477 1135 vibus
503 1053 659 1144 dadre,
699 1059 742 1130 et
768 1077 841 1130 ser
866 1052 1086 1132 Bernardo
1114 1051 1349 1156 Muripetro
1378 1078 1447 1131 no·

356 1177 439 1256 bile
468 1177 561 1256 cive
589 1173 888 1266 venetiarum,
916 1181 957 1252 et
984 1171 1167 1252 Martino
1195 1175 1249 1251 de
1279 1173 1449 1252 Cremo·
1496 1266 1501 1276 ⁸

356 1323 410 1377 no
438 1297 679 1377 habitatore
707 1292 852 1379 Jodre,
882 1292 1059 1373 testibus
1089 1296 1246 1393 rogetis
1276 1303 1318 1372 et
1344 1295 1450 1374 aliis.

458 1503 551 1602 Ego
587 1501 783 1580 Joaunes
810 1499 987 1591 Binioo,
1028 1501 1132 1578 civis
1168 1507 1212 1578 et
1237 1483 1451 1580 habitator

357 1623 537 1702 civitatis
572 1621 742 1709 Padue,
784 1629 903 1702 nutus
944 1621 1248 1701 comendubilis
1274 1621 1352 1698 viri
1379 1643 1452 1698 ser

360 1743 473 1820 Petri
512 1741 672 1825 Bianco
713 1745 766 1822 de
816 1743 953 1824 Padus
1009 1742 1201 1845 publicus
1242 1741 1451 1847 imperiali

358 1863 609 1946 auctoritate
650 1863 864 1950 notorius,
918 1888 998 1944 neo
1039 1888 1121 1943 non
1170 1865 1450 1942 cancellarius

359 1987 565 2088 magnifici
605 1993 649 2069 et
687 1985 884 2084 generosi
935 1985 1015 2064 riri
1065 1983 1228 2088 domini
1279 1983 1449 2062 Andree

357 2108 547 2207 Quirino,
576 2107 801 2185 clarissimi
817 2107 986 2186 comitis
1013 2107 1157 2192 dodre,
1178 2111 1221 2182 et
1235 2106 1365 2210 ipsius
1395 2107 1451 2182 ci·

356 2229 492 2309 vitatis
506 2227 637 2306 dadre
661 2227 837 2316 iuratus,
852 2230 1184 2331 suprascriptum
1198 2227 1452 2306 venditionis

357 2352 694 2445 instrumentum,
726 2375 779 2426 ex
804 2349 945 2428 nothis
973 2359 1016 2430 et
1042 2350 1307 2462 prothocolis
1336 2375 1449 2428 eom·

357 2468 605 2548 mendabiiis
643 2470 723 2550 viri
761 2492 831 2546 ser
869 2468 1047 2548 Joaunis
1075 2470 1127 2547 de
1157 2467 1319 2548 Casuiis
1348 2469 1449 2546 oiim

167 2582 170 2596 '
315 2689 317 2699 ,
357 2590 600 2670 concellarii
628 2590 822 2668 comunis
848 2587 991 2674 dadre,
1021 2591 1074 2668 de
1101 2591 1296 2668 mandato
1321 2595 1450 2667 eteo-

359 2713 560 2794 missione
595 2711 747 2812 preiati
776 2710 935 2788 domini
976 2711 1144 2790 comitis
1184 2713 1363 2814 scripsi,
1408 2717 1452 2788 et
1583 2753 1585 2784 i

211 2841 215 2850 '
359 2834 400 2910 in
429 2833 537 2914 hanc
565 2833 740 2912 formam
778 2829 990 2935 publicam
1019 2833 1196 2932 redegi,
1239 2840 1366 2934 prout
1394 2834 1449 2909 io·
1584 2819 1585 2874 3

355 2955 463 3039 reni,
492 2952 664 3054 nihii-in
693 2976 746 3030 eo
765 2952 920 3030 addens
945 2953 1013 3028 vel
1041 2951 1245 3040 minuens,
1271 2955 1451 3052 signum-
1584 3041 1585 3052 ,

358 3101 438 3176 que
466 3071 927 3151 meumtebeliionatus
966 3073 1142 3174 opposui
1181 3081 1445 3170 consuetum,

355 3196 431 3273 sub
460 3193 527 3270 die
553 3197 578 3269 d
605 3193 759 3270 mensis
785 3193 985 3292 Augusti,
1023 3194 1255 3274 indictione
1282 3193 1375 3272 Vll.
1405 3195 1447 3269 in

356 3312 480 3391 iidem
509 3324 551 3390 et
579 3313 867 3391 testimonium
894 3313 1213 3416 promissorum.

850 3451 1161 3518 Commemoriele
1185 3451 1227 3516 Χ.
1253 3453 1307 3516 ch.
1334 3455 1404 3518 172.

257 3710 260 3718 ·
408 3655 666 3756 CCLXII·
696 3678 806 3754 1111.
833 3658 1046 3755 indict.
1074 3675 1145 3755 lV.
1175 3683 1211 3756 8.
1240 3677 1388 3756 Maii.

356 3841 536 3914 Onronopn
565 3855 795 3910 noosaunnona
836 3839 1072 3912 Cossaeorum,
1096 3858 1133 3896 nn
1157 3859 1216 3912 noa
1241 3839 1350 3898 unione
1374 3859 1448 3900 ens·
1584 3877 1585 3892 ,

460 3961 592 4013 resnou,
617 3961 683 4016 orn
706 3961 766 4002 son
791 3961 872 4015 erno
895 3963 977 4002 rnre
1001 3961 1040 4002 oe
1065 3963 1161 4020 roano
1185 3933 1325 4044 Konope.
1369 4019 1376 4028 μ

457 4077 604 4182 Copta.
658 4077 779 4177 Quod
806 4079 894 4158 istis
923 4080 1280 4158 ambassatoribus
1309 4103 1349 4154 m
1366 4103 1444 4180 ag-

355 4199 533 4286 nii'iei
573 4199 796 4278 domini
838 4199 1096 4286 Sunduii,
1137 4201 1208 4302 qui
1244 4223 1447 4302 porrexe-

362 4325 457 4396 runt
485 4324 600 4395 certe
628 4317 810 4422 capitula
838 4343 917 4422 pro
933 4326 1052 4426 parte
1074 4319 1229 4398 domini
1258 4319 1336 4407 sui,
1365 4343 1446 4396 res·
