3230 5104
325 543 441 628 minii
483 547 638 627 redire.
694 551 756 628 Ad
785 571 907 650 quam
935 549 1081 628 venire
1109 556 1334 630 contentus
1363 561 1430 632 eet

326 668 454 746 modo
496 668 611 746 ilium
640 667 680 746 tn
710 667 1023 771 protectionem
1061 670 1347 773 accipiamus:
1376 695 1428 748 ae

327 789 589 891 capitaneum
633 777 823 866 nostrum
866 787 1028 864 ittarum
1069 789 1249 890 partium
1278 789 1430 870 consti-

327 915 504 998 tuamm,
531 909 599 984 itia
627 909 872 1008 provisione
901 931 951 986 ac
968 910 1141 1010 reliquis
1168 910 1258 986 aiiis
1287 911 1430 988 condi·

327 1027 526 1116 tionibus
542 1028 695 1130 quibus
724 1037 812 1104 orat
829 1030 1038 1128 quondam
1069 1054 1107 1106 m
1125 1053 1146 1104 a
1163 1053 1190 1128 g
1205 1055 1229 1104 n
1245 1028 1258 1105 i
1272 1029 1310 1105 t'i
1327 1055 1350 1108 c
1366 1055 1430 1106 us

327 1145 662 1230 Stefaniza,
705 1154 876 1250 pater
916 1173 1065 1225 suus.
1106 1147 1429 1252 Respondentes

326 1266 465 1368 itaque
492 1265 628 1354 vobis.
656 1291 750 1344 cum
780 1277 927 1344 nostro
958 1275 1201 1365 rogatorum
1238 1269 1429 1348 consitio:

178 1387 182 1398 '
326 1385 578 1489 solitamque
598 1388 862 1490 prudentiam
891 1396 932 1464 et
960 1387 1215 1487 diligentiam
1245 1397 1430 1468 vestram

327 1507 540 1586 laudantes
568 1507 757 1596 dicimus;
773 1509 885 1608 quod
915 1527 1167 1610 quamquam
1195 1509 1264 1608 avi
1282 1536 1306 1588 u
1322 1534 1343 1585 a
1360 1536 1385 1586 n
1402 1537 1431 1588 o

327 1627 524 1728 predicto
554 1627 838 1728 muttipticiter
866 1626 1049 1702 tacrssiti
1074 1627 1218 1724 simus,
1248 1631 1354 1708 adeo
1387 1639 1434 1708 ut

325 1747 439 1824 ittum
456 1751 591 1825 nostri
607 1745 780 1824 dominii
797 1747 928 1844 gratia
945 1745 1155 1844 indignum
1173 1769 1435 1838 censeamus:

328 1879 466 1950 tamen
509 1893 649 1946 surmus
693 1867 881 1948 contenti
920 1867 977 1944 itti
1006 1891 1185 1970 parcere
1216 1879 1258 1947 et
1287 1869 1326 1948 in
1357 1894 1431 1950 no·

327 1989 402 2068 stri
431 1974 603 2068 dominii
632 1987 807 2087 gretiam
848 2011 1095 2071 assumerc;
1133 1988 1225 2091 ipso
1268 1989 1433 2090 integre

328 2108 577 2188 restituente
612 2109 733 2190 vittas
763 2131 912 2186 omnes
941 2115 984 2184 et
1011 2105 1202 2208 quelibet
1227 2107 1306 2188 alia
1337 2111 1434 2188 toea

326 2235 498 2320 nostra,
539 2257 622 2333 que
664 2235 760 2310 ante
803 2229 1083 2308 rebellionem
1118 2251 1235 2304 suam
1265 2230 1434 2308 teneba-

178 2365 182 2378 ·
258 2383 263 2390 *
327 2374 433 2448 mus,
463 2353 596 2428 abeo
626 2357 823 2451 usurpata
854 2356 896 2424 et
925 2347 1077 2427 iniuste
1095 2355 1320 2451 occupata.
1339 2347 1434 2447 Qui·

327 2467 404 2543 bns
435 2468 746 2551 conditionibus
774 2469 808 2544 si
834 2469 926 2570 ipse
967 2467 1186 2546 luanus
1226 2467 1285 2546 uti
1328 2468 1434 2545 arbi·

326 2596 487 2689 tramur
528 2589 807 2677 assentietur,
847 2612 990 2665 sumus
1032 2586 1224 2666 contenti
1265 2587 1305 2664 in
1354 2589 1433 2666 Dei

325 2707 496 2785 nomine
539 2733 633 2788 cum
677 2731 730 2784 eo
762 2707 1025 2786 concludatis
1054 2707 1192 2784 modis
1220 2715 1264 2784 et
1290 2708 1433 2786 condi·
1521 2741 1525 2748 ·

181 2877 200 2898 .«
325 2826 525 2914 tionibus,
553 2827 704 2930 quibus
720 2825 967 2925 magnificus
998 2851 1024 2927 q
1042 2851 1065 2902 u
1082 2849 1108 2900 o
1124 2851 1149 2902 n
1167 2825 1192 2903 d
1209 2847 1231 2900 a
1246 2851 1283 2904 m
1315 2827 1346 2903 S
1362 2834 1378 2904 t
1393 2853 1433 2904 e·

327 2949 521 3026 ianiza
563 2957 736 3052 pater
776 2973 915 3024 suus
959 2945 1177 3024 nobiseum
1208 2953 1322 3040 erat,
1351 2973 1431 3051 pro

325 3069 531 3147 solamine
559 3080 602 3147 et
629 3070 774 3171 quiete
803 3068 986 3146 fidetium
1016 3069 1344 3150 atsubditorum
1361 3095 1434 3148 no·

325 3194 527 3266 strorum.
582 3191 634 3267 ut
674 3213 753 3292 pro
796 3187 1003 3292 ampliore
1039 3191 1340 3270 informatione
1369 3215 1435 3268 ve·

327 3316 415 3388 stra
441 3310 565 3388 robis
596 3311 795 3387 mittimus
807 3309 1053 3413 exemptum
1077 3305 1302 3412 privilegii,
1320 3308 1438 3409 quod

328 3431 442 3508 idem
485 3437 606 3533 pater
646 3453 747 3505 suus
776 3456 798 3508 a
827 3437 976 3506 nostro
1005 3427 1195 3507 dominio
1235 3427 1437 3524 habebat.

327 3551 488 3628 Verum
505 3573 581 3624 vos
602 3546 1020 3627 commonefacimus:
1043 3546 1156 3648 quod
1186 3546 1225 3622 in
1256 3551 1437 3625 tractan-

326 3669 376 3750 da
404 3679 446 3748 et
475 3669 765 3747 concludenda
779 3666 1021 3748 huiusmodi
1045 3667 1215 3746 materia
1244 3689 1438 3767 magnam

325 3813 499 3894 semper
515 3789 721 3868 rationem
737 3791 788 3868 ad
807 3790 1014 3866 honorem
1031 3796 1074 3866 et
1101 3787 1343 3886 dignitatem
1363 3811 1437 3864 no·

326 3909 405 3986 stri
434 3909 604 3988 dominii
634 3908 834 3996 babeatis,
864 3909 1123 3986 nexiortasse
1138 3908 1357 3988 videamur
1369 3929 1441 3984 ne·

326 4034 527 4111 cessitate
544 4034 718 4133 quadam
737 4056 832 4111 cum
846 4031 939 4132 ipso
954 4030 1010 4108 lu
1022 4055 1115 4110 ano
1134 4029 1183 4106 ad
1202 4051 1353 4133 pacem
1368 4027 1441 4104 de·
1460 4061 1463 4066 ·

325 4151 506 4238 venisse,
524 4153 597 4230 sed
617 4152 878 4252 benignitate
896 4154 1039 4255 potuis
1056 4162 1096 4230 et
1115 4149 1444 4232 rnausvetudine
1575 4154 1581 4243 ἶ
