3226 5112
173 585 229 662 cit
256 591 299 661 ut
326 585 592 687 quintum
621 583 673 664 de
702 582 944 673 saliuis,
979 583 1172 686 capiatur
1199 607 1268 661 ax·

174 705 347 784 cusatio.
375 765 384 782 .
413 763 423 783 .
453 759 464 784 .
726 787 730 796 ,

531 825 635 890 Secu.
659 844 761 890 cona.
784 844 862 909 cog.
884 822 959 890 Lib.
982 823 1074 889 XVI.
1097 824 1152 890 ch.
1172 827 1224 890 26.

185 981 187 984 ⁵
253 1023 652 1128 ccxxxviii.
683 1050 798 1150 uua.
824 1055 863 1126 a.
893 1047 1192 1128 aeuruaru.

175 1207 360 1282 Oacouupc
395 1221 494 1280 aueay
527 1205 671 1281 *bpaucy
700 1185 951 1281 mayuoncnon
975 1201 1193 1287 (Taaocuyi)
1216 1221 1270 1262 uu·

217 1309 299 1384 uyiu
323 1327 363 1369 ca
386 1328 466 1385 paca
489 1327 533 1367 cu
557 1327 708 1370 aucam
734 1311 954 1368 Cucoauou.
1007 1305 1226 1391 (Cupaheuo).

281 1441 435 1521 Comiti
463 1442 655 1520 manco
689 1443 983 1522 Tauiuuiaa.

263 1581 1272 1690 Respondeatuuquodpropteriutrumissiunem

112 1709 123 1730 '
177 1723 301 1804 quam
338 1701 441 1782 tecit
479 1727 625 1780 comas
662 1711 808 1782 noster
837 1701 1074 1806 Spaicti
1101 1703 1153 1780 de
1181 1701 1273 1778 P'u·

177 1823 830 1912 iizautDalmissa,eam
872 1824 972 1901 uuiti
1010 1846 1138 1927 posse
1181 1847 1273 1900 esse

176 1943 409 2029 molestam,
439 1967 531 2020 uam
561 1949 704 2022 uotum
734 1949 812 2040 ast,
840 1968 918 2022 nos
948 1969 970 2020 a
999 1943 1187 2046 pluribus
1210 1965 1273 2018 an-

176 2065 238 2142 uis
265 2065 305 2140 iu
336 2067 484 2167 aperto
514 2063 641 2142 fuisse
669 2061 784 2142 helio
815 2091 908 2145 cum
940 2063 1139 2144 comite
1170 2063 1275 2140 Ste-

176 2183 268 2261 t'an
287 2209 326 2268 u,
357 2185 428 2286 qui
456 2183 551 2263 ioca
577 2185 793 2286 praedicta
831 2187 1003 2264 tenebat
1030 2239 1041 2262 .
1069 2244 1109 2282 .,
1141 2193 1183 2264 et
1212 2207 1273 2262 eu·

177 2325 233 2404 go
262 2303 298 2380 si
327 2305 903 2409 rectornusterSpaicti
932 2305 1274 2384 Dalmissam

178 2433 220 2504 ct
247 2421 280 2503 P
296 2449 321 2500 o
338 2425 349 2502 Ι
364 2425 376 2503 i
392 2451 414 2500 z
430 2452 451 2504 a
468 2451 507 2502 m
536 2429 613 2504 sub
643 2431 788 2504 nostra
817 2429 1054 2529 acceptavit
1080 2426 1275 2504 obedieu-

82 2646 87 2654 ¹
176 2546 247 2631 tia,
277 2543 486 2624 credimus
513 2547 686 2646 dejure
713 2547 923 2626 neminem
952 2571 999 2623 se
1027 2529 1156 2650 posse
1185 2569 1276 2645 gra·

177 2687 278 2745 vare
304 2725 315 2745 .
343 2727 351 2744 .
380 2667 657 2770 liquidissimo
686 2667 794 2746 cuim
823 2667 936 2748 bellu
966 2677 1061 2746 suut
1085 2666 1276 2770 praedic·

179 2797 219 2866 ta
247 2787 300 2865 da
328 2787 517 2890 manibus
553 2789 709 2868 inimici
750 2789 886 2870 uustui
928 2797 1129 2892 accepta;
1169 2789 1278 2866 sicut

179 2931 263 2985 uun
292 2905 558 2996 dubitamus,
600 2909 916 2987 serenissimum
961 2909 1173 2987 domiuum
1202 2930 1277 2985 re·

180 3027 628 3126 geml'uiouiac
658 3025 1276 3134 ctiiuugaciueiudica·

179 3157 316 3226 turum
328 3150 804 3249 etcompreheusurum,
816 3175 911 3228 cum
929 3149 1047 3228 cuius
1062 3147 1278 3225 maiestate

179 3291 351 3372 semper
389 3277 432 3346 et
472 3267 512 3346 iu
551 3293 718 3348 omnem
761 3279 958 3350 eventum
1000 3267 1281 3348 amicabiliter

177 3387 323 3468 vivere
351 3393 394 3464 et
422 3389 530 3467 bena
562 3391 752 3470 vicinata
781 3387 1047 3496 disponimus
1063 3449 1071 3466 .
1089 3398 1156 3468 etc
1173 3443 1184 3466 .
1202 3381 1253 3488 .*)

486 3527 594 3592 Secr.
620 3548 721 3595 cous.
747 3539 864 3617 cogat.
889 3527 962 3593 Lib.
987 3526 1080 3592 xvi.
1104 3527 1161 3591 ch.
1184 3525 1238 3590 62.

221 3705 256 3790 ἢ
280 3708 379 3768 Huue
403 3722 421 3778 y
447 3705 552 3800 uccuit
576 3723 700 3770 auuuaa
727 3725 764 3766 ua
787 3725 892 3785 aauuy
916 3714 956 3768 at
980 3724 1075 3766 uuum

522 3827 593 3904 dic
623 3833 684 3906 11.
711 3827 941 3906 Februarii.

284 3961 527 4062 (scribatur
541 3961 679 4040 eidem
696 3961 917 4062 magnifico
943 3963 1119 4041 comiti
1141 3957 1282 4038 Fran·

187 4083 294 4160 cho
323 4080 361 4158 Τ
376 4083 405 4158 h
420 4107 443 4160 a
459 4105 485 4154 u
502 4079 513 4154 Ι
528 4105 554 4158 ο
571 4105 596 4155 ιι
612 4079 623 4158 i
641 4106 678 4172 e,
706 4083 819 4183 quud
855 4105 950 4162 cum
979 4081 1049 4158 ilia
1076 4081 1284 4158 assei-itae

187 4199 347 4279 habere
369 4207 439 4299 jus
467 4199 508 4276 iu
545 4199 899 4282 Datmissam
937 4213 978 4281 et
1013 4199 1287 4291 Palicum,

1030 4320 1078 4384 fiii
