<?xml version="1.0" encoding="UTF-8"?>
<!DOCTYPE html PUBLIC "-//W3C//DTD XHTML 1.0 Transitional//EN"
    "http://www.w3.org/TR/xhtml1/DTD/xhtml1-transitional.dtd">
<html xmlns="http://www.w3.org/1999/xhtml" xml:lang="en" lang="en">
 <head>
  <title>
</title>
<meta http-equiv="Content-Type" content="text/html;charset=utf-8" />
  <meta name='ocr-system' content='tesseract 3.04.00' />
  <meta name='ocr-capabilities' content='ocr_page ocr_carea ocr_par ocr_line ocrx_word'/>
</head>
<body>
  <div class='ocr_page' id='page_1' title='image "./actaarchivivene00sergoog_1122.png"; bbox 0 0 3206 5110; ppageno 0'>
   <div class='ocr_carea' id='block_1_1' title="bbox 314 561 1420 910">
    <p class='ocr_par' dir='ltr' id='par_1_1' title="bbox 314 561 1420 910">
     <span class='ocr_line' id='line_1_1' title="bbox 315 561 1417 653; baseline -0.004 -7"><span class='ocrx_word' id='word_1_1' title='bbox 315 574 413 646; x_wconf 87' lang='lat' dir='ltr'><strong>nato</strong></span> <span class='ocrx_word' id='word_1_2' title='bbox 443 563 652 643; x_wconf 82' lang='lat' dir='ltr'><strong>beonardi</strong></span> <span class='ocrx_word' id='word_1_3' title='bbox 667 561 752 640; x_wconf 83' lang='lat' dir='ltr'><strong>Gisi</strong></span> <span class='ocrx_word' id='word_1_4' title='bbox 776 563 909 642; x_wconf 88' lang='lat' dir='ltr'><strong>sancti</strong></span> <span class='ocrx_word' id='word_1_5' title='bbox 936 563 1170 653; x_wconf 73' lang='lat' dir='ltr'><strong>Eustachii,</strong></span> <span class='ocrx_word' id='word_1_6' title='bbox 1186 567 1417 648; x_wconf 86' lang='lat' dir='ltr'><strong>Panoralio</strong></span> 
     </span>
     <span class='ocr_line' id='line_1_2' title="bbox 314 682 1420 778; baseline -0.002 -12"><span class='ocrx_word' id='word_1_7' title='bbox 314 685 501 767; x_wconf 89' lang='lat' dir='ltr'><strong>Venerio</strong></span> <span class='ocrx_word' id='word_1_8' title='bbox 531 685 664 762; x_wconf 86' lang='lat' dir='ltr'><strong>suncti</strong></span> <span class='ocrx_word' id='word_1_9' title='bbox 703 682 902 762; x_wconf 78' lang='lat' dir='ltr'><strong>Iohannis</strong></span> <span class='ocrx_word' id='word_1_10' title='bbox 931 684 1158 778; x_wconf 86' lang='lat' dir='ltr'><strong>decollati,</strong></span> <span class='ocrx_word' id='word_1_11' title='bbox 1199 691 1243 764; x_wconf 88' lang='lat' dir='ltr'><strong>et</strong></span> <span class='ocrx_word' id='word_1_12' title='bbox 1269 687 1420 764; x_wconf 84' lang='lat' dir='ltr'><strong>Marco</strong></span> 
     </span>
     <span class='ocr_line' id='line_1_3' title="bbox 322 801 1419 910; baseline -0.005 -26"><span class='ocrx_word' id='word_1_13' title='bbox 322 805 550 910; x_wconf 82' lang='lat' dir='ltr'><strong>Maripelro</strong></span> <span class='ocrx_word' id='word_1_14' title='bbox 592 803 724 880; x_wconf 87' lang='lat' dir='ltr'><strong>sancti</strong></span> <span class='ocrx_word' id='word_1_15' title='bbox 754 801 945 902; x_wconf 81' lang='lat' dir='ltr'><strong>Severij‚</strong></span> <span class='ocrx_word' id='word_1_16' title='bbox 975 805 1110 883; x_wconf 86' lang='lat' dir='ltr'><strong>Caulo</strong></span> <span class='ocrx_word' id='word_1_17' title='bbox 1147 803 1419 896; x_wconf 88' lang='lat' dir='ltr'><strong>canzellario‚</strong></span> 
     </span>
    </p>
   </div>
   <div class='ocr_carea' id='block_1_2' title="bbox 208 923 1547 1004">
    <p class='ocr_par' dir='ltr' id='par_1_2' title="bbox 208 923 1547 1004">
     <span class='ocr_line' id='line_1_4' title="bbox 208 923 1547 1004; baseline 0.004 -6"><span class='ocrx_word' id='word_1_18' title='bbox 208 985 211 998; x_wconf 89' lang='lat'>.</span> <span class='ocrx_word' id='word_1_19' title='bbox 316 933 359 1004; x_wconf 84' lang='lat' dir='ltr'><strong>et</strong></span> <span class='ocrx_word' id='word_1_20' title='bbox 385 923 648 1004; x_wconf 80' lang='lat' dir='ltr'><strong>Rustechino</strong></span> <span class='ocrx_word' id='word_1_21' title='bbox 663 923 914 1002; x_wconf 90' lang='lat' dir='ltr'><strong>Benintendi</strong></span> <span class='ocrx_word' id='word_1_22' title='bbox 930 925 1096 1002; x_wconf 88' lang='lat' dir='ltr'><strong>notario</strong></span> <span class='ocrx_word' id='word_1_23' title='bbox 1115 933 1158 1002; x_wconf 87' lang='lat' dir='ltr'><strong>et</strong></span> <span class='ocrx_word' id='word_1_24' title='bbox 1174 926 1333 1003; x_wconf 88' lang='lat' dir='ltr'><strong>scribta</strong></span> <span class='ocrx_word' id='word_1_25' title='bbox 1349 925 1423 1002; x_wconf 91' lang='lat' dir='ltr'><strong>du·</strong></span> <span class='ocrx_word' id='word_1_26' title='bbox 1544 938 1547 946; x_wconf 87' lang='grc'><strong>’</strong></span> 
     </span>
    </p>
   </div>
   <div class='ocr_carea' id='block_1_3' title="bbox 318 1039 1423 1145">
    <p class='ocr_par' dir='ltr' id='par_1_3' title="bbox 318 1039 1423 1145">
     <span class='ocr_line' id='line_1_5' title="bbox 318 1039 1423 1145; baseline 0.002 -26"><span class='ocrx_word' id='word_1_27' title='bbox 318 1049 438 1119; x_wconf 89' lang='lat' dir='ltr'><strong>catus</strong></span> <span class='ocrx_word' id='word_1_28' title='bbox 466 1039 736 1122; x_wconf 86' lang='lat' dir='ltr'><strong>Venetiarum</strong></span> <span class='ocrx_word' id='word_1_29' title='bbox 765 1047 945 1122; x_wconf 88' lang='lat' dir='ltr'><strong>testibus</strong></span> <span class='ocrx_word' id='word_1_30' title='bbox 972 1048 1150 1138; x_wconf 88' lang='lat' dir='ltr'><strong>vocalis,</strong></span> <span class='ocrx_word' id='word_1_31' title='bbox 1179 1053 1222 1123; x_wconf 88' lang='lat' dir='ltr'><strong>et</strong></span> <span class='ocrx_word' id='word_1_32' title='bbox 1249 1045 1423 1145; x_wconf 81' lang='lat' dir='ltr'><strong>rogatis,</strong></span> 
     </span>
    </p>
   </div>
   <div class='ocr_carea' id='block_1_4' title="bbox 204 1159 1421 1246">
    <p class='ocr_par' dir='ltr' id='par_1_4' title="bbox 204 1159 1421 1246">
     <span class='ocr_line' id='line_1_6' title="bbox 204 1159 1421 1246; baseline 0.002 -8"><span class='ocrx_word' id='word_1_33' title='bbox 204 1159 209 1166; x_wconf 82' lang='lat'>&#39;</span> <span class='ocrx_word' id='word_1_34' title='bbox 316 1167 360 1238; x_wconf 83' lang='lat' dir='ltr'><strong>at</strong></span> <span class='ocrx_word' id='word_1_35' title='bbox 387 1161 477 1238; x_wconf 84' lang='lat' dir='ltr'><strong>aliis</strong></span> <span class='ocrx_word' id='word_1_36' title='bbox 506 1163 656 1242; x_wconf 88' lang='lat' dir='ltr'><strong>multis.</strong></span> <span class='ocrx_word' id='word_1_37' title='bbox 713 1163 869 1246; x_wconf 85' lang='lat' dir='ltr'><strong>Coram</strong></span> <span class='ocrx_word' id='word_1_38' title='bbox 897 1165 1050 1244; x_wconf 81' lang='lat' dir='ltr'><strong>illustri</strong></span> <span class='ocrx_word' id='word_1_39' title='bbox 1078 1165 1254 1244; x_wconf 91' lang='lat' dir='ltr'><strong>domino</strong></span> <span class='ocrx_word' id='word_1_40' title='bbox 1291 1163 1421 1242; x_wconf 83' lang='lat' dir='ltr'><strong>Petro</strong></span> 
     </span>
    </p>
   </div>
   <div class='ocr_carea' id='block_1_5' title="bbox 316 1277 1513 2581">
    <p class='ocr_par' dir='ltr' id='par_1_5' title="bbox 316 1277 1513 2581">
     <span class='ocr_line' id='line_1_7' title="bbox 316 1277 1423 1381; baseline 0.004 -26"><span class='ocrx_word' id='word_1_41' title='bbox 316 1277 556 1360; x_wconf 81' lang='lat' dir='ltr'><strong>(iradouico</strong></span> <span class='ocrx_word' id='word_1_42' title='bbox 597 1281 674 1360; x_wconf 84' lang='lat' dir='ltr'><strong>Dei</strong></span> <span class='ocrx_word' id='word_1_43' title='bbox 714 1282 844 1381; x_wconf 84' lang='lat' dir='ltr'><strong>gratia</strong></span> <span class='ocrx_word' id='word_1_44' title='bbox 888 1285 1162 1363; x_wconf 83' lang='lat' dir='ltr'><strong>Venetiarum</strong></span> <span class='ocrx_word' id='word_1_45' title='bbox 1203 1281 1423 1371; x_wconf 75' lang='lat' dir='ltr'><strong>Dalmatis,</strong></span> 
     </span>
     <span class='ocr_line' id='line_1_8' title="bbox 316 1398 1422 1504; baseline -0.001 -26"><span class='ocrx_word' id='word_1_46' title='bbox 316 1405 440 1502; x_wconf 87' lang='lat' dir='ltr'><strong>atque</strong></span> <span class='ocrx_word' id='word_1_47' title='bbox 470 1398 674 1481; x_wconf 77' lang='lat' dir='ltr'><strong>Obroatis</strong></span> <span class='ocrx_word' id='word_1_48' title='bbox 702 1403 825 1492; x_wconf 86' lang='lat' dir='ltr'><strong>duce,</strong></span> <span class='ocrx_word' id='word_1_49' title='bbox 843 1408 885 1480; x_wconf 88' lang='lat' dir='ltr'><strong>et</strong></span> <span class='ocrx_word' id='word_1_50' title='bbox 913 1403 1087 1480; x_wconf 93' lang='lat' dir='ltr'><strong>domino</strong></span> <span class='ocrx_word' id='word_1_51' title='bbox 1112 1411 1263 1504; x_wconf 88' lang='lat' dir='ltr'><strong>quarte</strong></span> <span class='ocrx_word' id='word_1_52' title='bbox 1279 1403 1422 1504; x_wconf 85' lang='lat' dir='ltr'><strong>partis,</strong></span> 
     </span>
     <span class='ocr_line' id='line_1_9' title="bbox 318 1519 1423 1626; baseline 0.002 -28"><span class='ocrx_word' id='word_1_53' title='bbox 318 1527 361 1598; x_wconf 88' lang='lat' dir='ltr'><strong>et</strong></span> <span class='ocrx_word' id='word_1_54' title='bbox 388 1519 561 1600; x_wconf 77' lang='lat' dir='ltr'><strong>dimidie</strong></span> <span class='ocrx_word' id='word_1_55' title='bbox 587 1521 719 1600; x_wconf 89' lang='lat' dir='ltr'><strong>totius</strong></span> <span class='ocrx_word' id='word_1_56' title='bbox 748 1523 914 1626; x_wconf 90' lang='lat' dir='ltr'><strong>imperil</strong></span> <span class='ocrx_word' id='word_1_57' title='bbox 942 1523 1165 1614; x_wconf 79' lang='lat' dir='ltr'><strong>Romania,</strong></span> <span class='ocrx_word' id='word_1_58' title='bbox 1195 1524 1423 1603; x_wconf 85' lang='lat' dir='ltr'><strong>astantibus</strong></span> 
     </span>
     <span class='ocr_line' id='line_1_10' title="bbox 318 1639 1425 1733; baseline 0.003 -17"><span class='ocrx_word' id='word_1_59' title='bbox 318 1639 396 1719; x_wconf 90' lang='lat' dir='ltr'><strong>sibi</strong></span> <span class='ocrx_word' id='word_1_60' title='bbox 437 1641 649 1720; x_wconf 90' lang='lat' dir='ltr'><strong>nobilibus</strong></span> <span class='ocrx_word' id='word_1_61' title='bbox 677 1641 779 1718; x_wconf 87' lang='lat' dir='ltr'><strong>viris</strong></span> <span class='ocrx_word' id='word_1_62' title='bbox 819 1643 990 1721; x_wconf 82' lang='lat' dir='ltr'><strong>Andrea</strong></span> <span class='ocrx_word' id='word_1_63' title='bbox 1017 1645 1071 1720; x_wconf 87' lang='lat' dir='ltr'><strong>de</strong></span> <span class='ocrx_word' id='word_1_64' title='bbox 1108 1641 1296 1733; x_wconf 73' lang='lat' dir='ltr'><strong>diutino,</strong></span> <span class='ocrx_word' id='word_1_65' title='bbox 1324 1645 1425 1720; x_wconf 82' lang='lat' dir='ltr'><strong>beo·</strong></span> 
     </span>
     <span class='ocr_line' id='line_1_11' title="bbox 319 1759 1424 1852; baseline 0 -14"><span class='ocrx_word' id='word_1_66' title='bbox 319 1760 450 1839; x_wconf 91' lang='lat' dir='ltr'><strong>nardo</strong></span> <span class='ocrx_word' id='word_1_67' title='bbox 480 1761 680 1847; x_wconf 88' lang='lat' dir='ltr'><strong>Venerio,</strong></span> <span class='ocrx_word' id='word_1_68' title='bbox 712 1761 875 1838; x_wconf 87' lang='lat' dir='ltr'><strong>Marino</strong></span> <span class='ocrx_word' id='word_1_69' title='bbox 903 1759 1079 1852; x_wconf 82' lang='lat' dir='ltr'><strong>Ruzino‚</strong></span> <span class='ocrx_word' id='word_1_70' title='bbox 1107 1761 1296 1840; x_wconf 85' lang='lat' dir='ltr'><strong>Cratouo</strong></span> <span class='ocrx_word' id='word_1_71' title='bbox 1320 1764 1424 1841; x_wconf 86' lang='lat' dir='ltr'><strong>Dan·</strong></span> 
     </span>
     <span class='ocr_line' id='line_1_12' title="bbox 319 1879 1423 1986; baseline 0.005 -30"><span class='ocrx_word' id='word_1_72' title='bbox 319 1881 447 1967; x_wconf 74' lang='lat' dir='ltr'><strong>durio,</strong></span> <span class='ocrx_word' id='word_1_73' title='bbox 477 1880 658 1958; x_wconf 83' lang='lat' dir='ltr'><strong>Gabrieli</strong></span> <span class='ocrx_word' id='word_1_74' title='bbox 688 1879 877 1966; x_wconf 86' lang='lat' dir='ltr'><strong>Deliino.</strong></span> <span class='ocrx_word' id='word_1_75' title='bbox 906 1888 947 1959; x_wconf 90' lang='lat' dir='ltr'><strong>et</strong></span> <span class='ocrx_word' id='word_1_76' title='bbox 973 1880 1131 1960; x_wconf 79' lang='lat' dir='ltr'><strong>Ioanne</strong></span> <span class='ocrx_word' id='word_1_77' title='bbox 1158 1880 1423 1986; x_wconf 78' lang='lat' dir='ltr'><strong>Superancio</strong></span> 
     </span>
     <span class='ocr_line' id='line_1_13' title="bbox 321 1991 1424 2103; baseline 0.002 -27"><span class='ocrx_word' id='word_1_78' title='bbox 321 2001 454 2079; x_wconf 80' lang='lat' dir='ltr'><strong>sancti</strong></span> <span class='ocrx_word' id='word_1_79' title='bbox 484 2001 649 2100; x_wconf 77' lang='lat' dir='ltr'><strong>Angeli.</strong></span> <span class='ocrx_word' id='word_1_80' title='bbox 702 1993 877 2078; x_wconf 82' lang='lat' dir='ltr'><strong>N&#39;obilcs</strong></span> <span class='ocrx_word' id='word_1_81' title='bbox 906 2001 985 2076; x_wconf 93' lang='lat' dir='ltr'><strong>viri</strong></span> <span class='ocrx_word' id='word_1_82' title='bbox 1004 1991 1171 2080; x_wconf 57' lang='lat' dir='ltr'><strong>&#39;domini</strong></span> <span class='ocrx_word' id='word_1_83' title='bbox 1193 1999 1355 2103; x_wconf 86' lang='lat' dir='ltr'><strong>Pasqua</strong></span> <span class='ocrx_word' id='word_1_84' title='bbox 1371 2003 1424 2078; x_wconf 86' lang='lat' dir='ltr'><strong>de</strong></span> 
     </span>
     <span class='ocr_line' id='line_1_14' title="bbox 327 2109 1513 2209; baseline -0.001 -10"><span class='ocrx_word' id='word_1_85' title='bbox 327 2125 569 2209; x_wconf 84' lang='lat' dir='ltr'><strong>Varicasso,</strong></span> <span class='ocrx_word' id='word_1_86' title='bbox 598 2121 883 2200; x_wconf 85' lang='lat' dir='ltr'><strong>etDomatdus</strong></span> <span class='ocrx_word' id='word_1_87' title='bbox 911 2120 964 2196; x_wconf 89' lang='lat' dir='ltr'><strong>de</strong></span> <span class='ocrx_word' id='word_1_88' title='bbox 993 2109 1198 2199; x_wconf 80' lang='lat' dir='ltr'><strong>Sadnlino</strong></span> <span class='ocrx_word' id='word_1_89' title='bbox 1223 2123 1340 2202; x_wconf 85' lang='lat' dir='ltr'><strong>cives</strong></span> <span class='ocrx_word' id='word_1_90' title='bbox 1365 2121 1426 2198; x_wconf 90' lang='lat' dir='ltr'><strong>la·</strong></span> <span class='ocrx_word' id='word_1_91' title='bbox 1509 2125 1513 2130; x_wconf 84' lang='lat'>&#39;</span> 
     </span>
     <span class='ocr_line' id='line_1_15' title="bbox 325 2240 1424 2344; baseline -0.006 -21"><span class='ocrx_word' id='word_1_92' title='bbox 325 2248 401 2323; x_wconf 87' lang='lat' dir='ltr'><strong>dre</strong></span> <span class='ocrx_word' id='word_1_93' title='bbox 438 2241 580 2320; x_wconf 90' lang='lat' dir='ltr'><strong>nuncii</strong></span> <span class='ocrx_word' id='word_1_94' title='bbox 619 2250 923 2344; x_wconf 76' lang='lat' dir='ltr'><strong>procuratores</strong></span> <span class='ocrx_word' id='word_1_95' title='bbox 964 2240 1114 2320; x_wconf 91' lang='lat' dir='ltr'><strong>sindici</strong></span> <span class='ocrx_word' id='word_1_96' title='bbox 1157 2249 1200 2320; x_wconf 86' lang='lat' dir='ltr'><strong>et</strong></span> <span class='ocrx_word' id='word_1_97' title='bbox 1256 2252 1424 2321; x_wconf 87' lang='lat' dir='ltr'><strong>actores</strong></span> 
     </span>
     <span class='ocr_line' id='line_1_16' title="bbox 326 2359 1426 2463; baseline 0 -23"><span class='ocrx_word' id='word_1_98' title='bbox 326 2362 489 2463; x_wconf 80' lang='lat' dir='ltr'><strong>egregii</strong></span> <span class='ocrx_word' id='word_1_99' title='bbox 516 2361 592 2437; x_wconf 90' lang='lat' dir='ltr'><strong>viri</strong></span> <span class='ocrx_word' id='word_1_100' title='bbox 622 2360 778 2438; x_wconf 92' lang='lat' dir='ltr'><strong>domini</strong></span> <span class='ocrx_word' id='word_1_101' title='bbox 795 2359 912 2442; x_wconf 85' lang='lat' dir='ltr'><strong>Pauli</strong></span> <span class='ocrx_word' id='word_1_102' title='bbox 932 2361 1227 2440; x_wconf 83' lang='lat' dir='ltr'><strong>Breburieusis</strong></span> <span class='ocrx_word' id='word_1_103' title='bbox 1246 2363 1355 2454; x_wconf 85' lang='lat' dir='ltr'><strong>bani,</strong></span> <span class='ocrx_word' id='word_1_104' title='bbox 1383 2371 1426 2440; x_wconf 86' lang='lat' dir='ltr'><strong>et</strong></span> 
     </span>
     <span class='ocr_line' id='line_1_17' title="bbox 323 2475 1426 2581; baseline -0.003 -21"><span class='ocrx_word' id='word_1_105' title='bbox 323 2485 416 2581; x_wconf 86' lang='lat' dir='ltr'><strong>ejus</strong></span> <span class='ocrx_word' id='word_1_106' title='bbox 445 2475 619 2560; x_wconf 82' lang='lat' dir='ltr'><strong>fratrum</strong></span> <span class='ocrx_word' id='word_1_107' title='bbox 649 2481 820 2560; x_wconf 87' lang='lat' dir='ltr'><strong>comitis</strong></span> <span class='ocrx_word' id='word_1_108' title='bbox 848 2479 1035 2581; x_wconf 82' lang='lat' dir='ltr'><strong>Georgii,</strong></span> <span class='ocrx_word' id='word_1_109' title='bbox 1066 2487 1109 2557; x_wconf 89' lang='lat' dir='ltr'><strong>et</strong></span> <span class='ocrx_word' id='word_1_110' title='bbox 1131 2481 1301 2561; x_wconf 89' lang='lat' dir='ltr'><strong>comitis</strong></span> <span class='ocrx_word' id='word_1_111' title='bbox 1329 2483 1426 2560; x_wconf 82' lang='lat' dir='ltr'><strong>Mla·</strong></span> 
     </span>
    </p>
   </div>
   <div class='ocr_carea' id='block_1_6' title="bbox 165 2595 1428 2707">
    <p class='ocr_par' dir='ltr' id='par_1_6' title="bbox 165 2595 1428 2707">
     <span class='ocr_line' id='line_1_18' title="bbox 165 2595 1428 2707; baseline -0.004 -24"><span class='ocrx_word' id='word_1_112' title='bbox 165 2675 169 2683; x_wconf 90' lang='grc'><em>,</em></span> <span class='ocrx_word' id='word_1_113' title='bbox 323 2603 420 2689; x_wconf 93' lang='lat' dir='ltr'><strong>dini,</strong></span> <span class='ocrx_word' id='word_1_114' title='bbox 449 2603 500 2680; x_wconf 89' lang='lat' dir='ltr'><strong>ad</strong></span> <span class='ocrx_word' id='word_1_115' title='bbox 529 2595 799 2707; x_wconf 78' lang='lat' dir='ltr'><strong>infrascripta</strong></span> <span class='ocrx_word' id='word_1_116' title='bbox 829 2601 1071 2692; x_wconf 88' lang='lat' dir='ltr'><strong>constituti,</strong></span> <span class='ocrx_word' id='word_1_117' title='bbox 1108 2603 1217 2680; x_wconf 84' lang='lat' dir='ltr'><strong>sicut</strong></span> <span class='ocrx_word' id='word_1_118' title='bbox 1253 2609 1428 2706; x_wconf 83' lang='lat' dir='ltr'><strong>apparel</strong></span> 
     </span>
    </p>
   </div>
   <div class='ocr_carea' id='block_1_7' title="bbox 321 2723 1439 4146">
    <p class='ocr_par' dir='ltr' id='par_1_7' title="bbox 321 2723 1439 4146">
     <span class='ocr_line' id='line_1_19' title="bbox 325 2723 1429 2829; baseline 0 -30"><span class='ocrx_word' id='word_1_119' title='bbox 325 2747 405 2826; x_wconf 86' lang='lat' dir='ltr'><strong>pur</strong></span> <span class='ocrx_word' id='word_1_120' title='bbox 446 2723 766 2802; x_wconf 87' lang='lat' dir='ltr'><strong>instrumentum</strong></span> <span class='ocrx_word' id='word_1_121' title='bbox 808 2723 1052 2825; x_wconf 85' lang='lat' dir='ltr'><strong>pubblicum</strong></span> <span class='ocrx_word' id='word_1_122' title='bbox 1094 2725 1429 2829; x_wconf 83' lang='lat' dir='ltr'><strong>indescripturn.</strong></span> 
     </span>
     <span class='ocr_line' id='line_1_20' title="bbox 323 2843 1428 2948; baseline -0.002 -26"><span class='ocrx_word' id='word_1_123' title='bbox 323 2851 364 2922; x_wconf 82' lang='lat' dir='ltr'><strong>ot</strong></span> <span class='ocrx_word' id='word_1_124' title='bbox 392 2846 642 2923; x_wconf 88' lang='lat' dir='ltr'><strong>roboratum</strong></span> <span class='ocrx_word' id='word_1_125' title='bbox 685 2869 762 2947; x_wconf 91' lang='lat' dir='ltr'><strong>per</strong></span> <span class='ocrx_word' id='word_1_126' title='bbox 803 2869 967 2922; x_wconf 88' lang='lat' dir='ltr'><strong>manum</strong></span> <span class='ocrx_word' id='word_1_127' title='bbox 1008 2843 1181 2922; x_wconf 83' lang='lat' dir='ltr'><strong>chrici</strong></span> <span class='ocrx_word' id='word_1_128' title='bbox 1221 2845 1428 2948; x_wconf 84' lang='lat' dir='ltr'><strong>imperiali</strong></span> 
     </span>
     <span class='ocr_line' id='line_1_21' title="bbox 325 2965 1427 3046; baseline -0.001 -5"><span class='ocrx_word' id='word_1_129' title='bbox 325 2966 576 3044; x_wconf 72' lang='lat' dir='ltr'><strong>auctoritaie</strong></span> <span class='ocrx_word' id='word_1_130' title='bbox 617 2965 771 3044; x_wconf 91' lang='lat' dir='ltr'><strong>notarii</strong></span> <span class='ocrx_word' id='word_1_131' title='bbox 813 2973 855 3046; x_wconf 78' lang='lat' dir='ltr'><strong>e&#39;t</strong></span> <span class='ocrx_word' id='word_1_132' title='bbox 882 2965 1094 3044; x_wconf 79' lang='lat' dir='ltr'><strong>ledrensis</strong></span> <span class='ocrx_word' id='word_1_133' title='bbox 1124 3017 1288 3044; x_wconf 91' lang='grc'><strong>.....</strong></span> <span class='ocrx_word' id='word_1_134' title='bbox 1319 2987 1427 3040; x_wconf 90' lang='lat' dir='ltr'><strong>anno</strong></span> 
     </span>
     <span class='ocr_line' id='line_1_22' title="bbox 324 3075 1428 3166; baseline -0.003 -1"><span class='ocrx_word' id='word_1_135' title='bbox 324 3075 614 3166; x_wconf 84' lang='lat' dir='ltr'><strong>incarnatione</strong></span> <span class='ocrx_word' id='word_1_136' title='bbox 663 3084 821 3164; x_wconf 77' lang='lat' dir='ltr'><strong>Christi</strong></span> <span class='ocrx_word' id='word_1_137' title='bbox 862 3085 1086 3164; x_wconf 89' lang='lat' dir='ltr'><strong>millesimo</strong></span> <span class='ocrx_word' id='word_1_138' title='bbox 1137 3085 1428 3164; x_wconf 87' lang='lat' dir='ltr'><strong>ducentesimo</strong></span> 
     </span>
     <span class='ocr_line' id='line_1_23' title="bbox 325 3205 1428 3303; baseline -0.001 -22"><span class='ocrx_word' id='word_1_139' title='bbox 325 3205 592 3303; x_wconf 82' lang='lat' dir='ltr'><strong>octogesimo</strong></span> <span class='ocrx_word' id='word_1_140' title='bbox 631 3229 770 3293; x_wconf 90' lang='lat' dir='ltr'><strong>nouo,</strong></span> <span class='ocrx_word' id='word_1_141' title='bbox 800 3205 1029 3284; x_wconf 87' lang='lat' dir='ltr'><strong>indictione</strong></span> <span class='ocrx_word' id='word_1_142' title='bbox 1057 3205 1181 3284; x_wconf 86' lang='lat' dir='ltr'><strong>tertia</strong></span> <span class='ocrx_word' id='word_1_143' title='bbox 1210 3207 1280 3284; x_wconf 89' lang='lat' dir='ltr'><strong>die</strong></span> <span class='ocrx_word' id='word_1_144' title='bbox 1302 3213 1428 3284; x_wconf 85' lang='lat' dir='ltr'><strong>sexto</strong></span> 
     </span>
     <span class='ocr_line' id='line_1_24' title="bbox 322 3325 1430 3428; baseline -0.003 -25"><span class='ocrx_word' id='word_1_145' title='bbox 322 3325 503 3404; x_wconf 85' lang='lat' dir='ltr'><strong>intrante</strong></span> <span class='ocrx_word' id='word_1_146' title='bbox 532 3349 677 3402; x_wconf 78' lang='lat' dir='ltr'><strong>merrse</strong></span> <span class='ocrx_word' id='word_1_147' title='bbox 705 3326 867 3410; x_wconf 82' lang='lat' dir='ltr'><strong>Martii,</strong></span> <span class='ocrx_word' id='word_1_148' title='bbox 897 3328 1227 3428; x_wconf 87' lang='lat' dir='ltr'><strong>procuratorio,</strong></span> <span class='ocrx_word' id='word_1_149' title='bbox 1252 3325 1430 3402; x_wconf 82' lang='lat' dir='ltr'><strong>sindica·</strong></span> 
     </span>
     <span class='ocr_line' id='line_1_25' title="bbox 326 3443 1433 3550; baseline -0.003 -28"><span class='ocrx_word' id='word_1_150' title='bbox 326 3447 393 3522; x_wconf 92' lang='lat' dir='ltr'><strong>rio</strong></span> <span class='ocrx_word' id='word_1_151' title='bbox 424 3451 467 3522; x_wconf 84' lang='lat' dir='ltr'><strong>et</strong></span> <span class='ocrx_word' id='word_1_152' title='bbox 495 3445 660 3522; x_wconf 87' lang='lat' dir='ltr'><strong>actorio</strong></span> <span class='ocrx_word' id='word_1_153' title='bbox 691 3445 864 3550; x_wconf 85' lang='lat' dir='ltr'><strong>nominc</strong></span> <span class='ocrx_word' id='word_1_154' title='bbox 890 3469 969 3548; x_wconf 93' lang='lat' dir='ltr'><strong>pro</strong></span> <span class='ocrx_word' id='word_1_155' title='bbox 1005 3445 1211 3547; x_wconf 87' lang='lat' dir='ltr'><strong>predictis</strong></span> <span class='ocrx_word' id='word_1_156' title='bbox 1248 3443 1433 3520; x_wconf 89' lang='lat' dir='ltr'><strong>dominis</strong></span> 
     </span>
     <span class='ocr_line' id='line_1_26' title="bbox 321 3563 1434 3665; baseline -0.003 -22"><span class='ocrx_word' id='word_1_157' title='bbox 321 3565 452 3646; x_wconf 84' lang='lat' dir='ltr'><strong>Paulo</strong></span> <span class='ocrx_word' id='word_1_158' title='bbox 481 3563 604 3656; x_wconf 77' lang='lat' dir='ltr'><strong>ban03</strong></span> <span class='ocrx_word' id='word_1_159' title='bbox 633 3573 675 3644; x_wconf 85' lang='lat' dir='ltr'><strong>et</strong></span> <span class='ocrx_word' id='word_1_160' title='bbox 703 3566 928 3646; x_wconf 86' lang='lat' dir='ltr'><strong>comitibus</strong></span> <span class='ocrx_word' id='word_1_161' title='bbox 957 3565 1173 3665; x_wconf 79' lang='lat' dir='ltr'><strong>Georgia,</strong></span> <span class='ocrx_word' id='word_1_162' title='bbox 1214 3575 1255 3642; x_wconf 86' lang='lat' dir='ltr'><strong>et</strong></span> <span class='ocrx_word' id='word_1_163' title='bbox 1282 3563 1434 3642; x_wconf 86' lang='lat' dir='ltr'><strong>Mladi-</strong></span> 
     </span>
     <span class='ocr_line' id='line_1_27' title="bbox 321 3685 1434 3778; baseline -0.003 -14"><span class='ocrx_word' id='word_1_164' title='bbox 321 3713 377 3766; x_wconf 92' lang='lat' dir='ltr'><strong>no</strong></span> <span class='ocrx_word' id='word_1_165' title='bbox 408 3685 619 3772; x_wconf 87' lang='lat' dir='ltr'><strong>iratribus,</strong></span> <span class='ocrx_word' id='word_1_166' title='bbox 648 3685 896 3762; x_wconf 85' lang='lat' dir='ltr'><strong>solemniter</strong></span> <span class='ocrx_word' id='word_1_167' title='bbox 924 3685 1122 3778; x_wconf 88' lang='lat' dir='ltr'><strong>inierunt,</strong></span> <span class='ocrx_word' id='word_1_168' title='bbox 1145 3685 1359 3768; x_wconf 85' lang='lat' dir='ltr'><strong>lecerunt,</strong></span> <span class='ocrx_word' id='word_1_169' title='bbox 1388 3693 1434 3762; x_wconf 92' lang='lat' dir='ltr'><strong>et</strong></span> 
     </span>
     <span class='ocr_line' id='line_1_28' title="bbox 321 3803 1436 3908; baseline -0.007 -22"><span class='ocrx_word' id='word_1_170' title='bbox 321 3808 597 3887; x_wconf 83' lang='lat' dir='ltr'><strong>firmaverunt</strong></span> <span class='ocrx_word' id='word_1_171' title='bbox 625 3829 781 3883; x_wconf 87' lang='lat' dir='ltr'><strong>meram</strong></span> <span class='ocrx_word' id='word_1_172' title='bbox 810 3831 959 3908; x_wconf 87' lang='lat' dir='ltr'><strong>puram</strong></span> <span class='ocrx_word' id='word_1_173' title='bbox 1000 3811 1043 3882; x_wconf 82' lang='lat' dir='ltr'><strong>ct</strong></span> <span class='ocrx_word' id='word_1_174' title='bbox 1070 3805 1235 3884; x_wconf 86' lang='lat' dir='ltr'><strong>lirmam</strong></span> <span class='ocrx_word' id='word_1_175' title='bbox 1272 3803 1436 3899; x_wconf 85' lang='lat' dir='ltr'><strong>treugi-</strong></span> 
     </span>
     <span class='ocr_line' id='line_1_29' title="bbox 323 3922 1438 4028; baseline -0.004 -24"><span class='ocrx_word' id='word_1_176' title='bbox 323 3953 388 4004; x_wconf 86' lang='lat' dir='ltr'><strong>am</strong></span> <span class='ocrx_word' id='word_1_177' title='bbox 417 3927 624 4028; x_wconf 85' lang='lat' dir='ltr'><strong>usquead</strong></span> <span class='ocrx_word' id='word_1_178' title='bbox 656 3933 741 4001; x_wconf 82' lang='lat' dir='ltr'><strong>tres</strong></span> <span class='ocrx_word' id='word_1_179' title='bbox 770 3947 901 4002; x_wconf 87' lang='lat' dir='ltr'><strong>annos</strong></span> <span class='ocrx_word' id='word_1_180' title='bbox 931 3924 1158 4003; x_wconf 87' lang='lat' dir='ltr'><strong>continuos</strong></span> <span class='ocrx_word' id='word_1_181' title='bbox 1187 3931 1228 4000; x_wconf 89' lang='lat' dir='ltr'><strong>et</strong></span> <span class='ocrx_word' id='word_1_182' title='bbox 1245 3922 1438 4024; x_wconf 80' lang='lat' dir='ltr'><strong>comple·</strong></span> 
     </span>
     <span class='ocr_line' id='line_1_30' title="bbox 323 4039 1439 4146; baseline -0.004 -23"><span class='ocrx_word' id='word_1_183' title='bbox 323 4057 417 4139; x_wconf 85' lang='lat' dir='ltr'><strong>los,</strong></span> <span class='ocrx_word' id='word_1_184' title='bbox 461 4065 556 4124; x_wconf 89' lang='lat' dir='ltr'><strong>cum</strong></span> <span class='ocrx_word' id='word_1_185' title='bbox 599 4043 794 4146; x_wconf 86' lang='lat' dir='ltr'><strong>predicto</strong></span> <span class='ocrx_word' id='word_1_186' title='bbox 824 4045 1052 4144; x_wconf 81' lang='lat' dir='ltr'><strong>magnifico</strong></span> <span class='ocrx_word' id='word_1_187' title='bbox 1094 4043 1267 4120; x_wconf 93' lang='lat' dir='ltr'><strong>domino</strong></span> <span class='ocrx_word' id='word_1_188' title='bbox 1296 4039 1439 4119; x_wconf 85' lang='lat' dir='ltr'><strong>Petro</strong></span> 
     </span>
    </p>
   </div>
   <div class='ocr_carea' id='block_1_8' title="bbox 321 4163 1596 4275">
    <p class='ocr_par' dir='ltr' id='par_1_8' title="bbox 321 4163 1596 4275">
     <span class='ocr_line' id='line_1_31' title="bbox 321 4163 1596 4275; baseline 0.003 -36"><span class='ocrx_word' id='word_1_189' title='bbox 321 4165 562 4244; x_wconf 82' lang='lat' dir='ltr'><strong>Gradonico</strong></span> <span class='ocrx_word' id='word_1_190' title='bbox 592 4166 669 4240; x_wconf 84' lang='lat' dir='ltr'><strong>Dei</strong></span> <span class='ocrx_word' id='word_1_191' title='bbox 706 4167 837 4263; x_wconf 82' lang='lat' dir='ltr'><strong>gralia</strong></span> <span class='ocrx_word' id='word_1_192' title='bbox 883 4167 1187 4253; x_wconf 79' lang='lat' dir='ltr'><strong>venetiarum,</strong></span> <span class='ocrx_word' id='word_1_193' title='bbox 1215 4163 1444 4256; x_wconf 76' lang='lat' dir='ltr'><strong>Dalmatis,</strong></span> <span class='ocrx_word' id='word_1_194' title='bbox 1594 4240 1596 4275; x_wconf 27' lang='lat' dir='ltr'><strong>p</strong></span> 
     </span>
    </p>
   </div>
   <div class='ocr_carea' id='block_1_9' title="bbox 0 0 1616 5110">
    <p class='ocr_par' dir='ltr' id='par_1_9' title="bbox 0 0 1616 5110">
     <span class='ocr_line' id='line_1_32' title="bbox 0 0 1616 5110; baseline 0 0"><span class='ocrx_word' id='word_1_195' title='bbox 0 0 1616 5110; x_wconf 95' lang='lat' dir='ltr'><strong> </strong></span> 
     </span>
    </p>
   </div>
  </div>
 </body>
</html>
