3228 5108
312 609 436 702 wnect
463 599 621 680 hebere
665 625 744 680 nos
785 601 939 679 merito
983 605 1237 693 excusatos3
1276 603 1434 685 utendo

342 722 428 800 istis
457 721 613 800 etciiisf
632 720 833 800 similibus
863 719 986 800 bonis
1017 720 1169 808 verbis,
1198 711 1295 802 curn
1324 735 1435 802 utro·

341 865 423 944 que
451 843 662 922 dictorum
690 843 1033 928 annotatorum,
1062 845 1294 924 secundum
1319 846 1435 947 qood

343 962 466 1042 cedet
493 964 533 1040 in
561 963 797 1067 proposito,
827 971 872 1041 ut
895 963 1275 1042 habeuntceusem
1305 987 1436 1042 rems·

341 1083 465 1162 nendi
496 1083 645 1161 meiius
673 1064 861 1162 uenienti
887 1083 939 1163 de
968 1089 1113 1164 nostre
1143 1087 1436 1190 responsione.

402 1246 406 1256 “
562 1237 668 1303 Secr.
693 1233 806 1305 cons.
830 1239 918 1327 nog.
945 1218 1017 1304 Lib.
1041 1238 1100 1305 ΙΙΙ.
1123 1239 1178 1304 ch.
1201 1239 1254 1306 25.
1279 1247 1315 1305 et
1334 1243 1390 1305 26.

342 1402 609 1543 CCXXX.
654 1463 765 1542 uos.
791 1461 1004 1543 rudior.
1030 1461 1140 1544 xrv.
1170 1469 1228 1543 12.
1256 1463 1434 1543 nunu.

340 1655 550 1725 3ensroseno,
573 1672 761 1732 nomannsy
784 1673 908 1714 rocooe
933 1657 1027 1730 Mspc
1055 1673 1201 1732 npepern
1227 1675 1290 1716 oue
1313 1674 1432 1732 pparo·

339 1743 507 1832 uenocrn,
542 1778 602 1820 soe
625 1777 663 1834 cy
687 1760 769 1819 tinne
793 1777 890 1833 serpe
914 1775 1034 1817 nocuos
1056 1761 1207 1837 Topope,
1231 1781 1248 1818 u
1272 1779 1353 1834 pern
1377 1761 1428 1820 ion

288 1855 292 1862 ’
336 1881 444 1924 nuceo
475 1881 643 1940 oreopeno
666 1881 702 1922 aa
727 1859 902 1922 Maeraune
926 1865 1090 1934 ofiracrn,
1126 1881 1185 1923 seo
1207 1883 1282 1923 mro
1306 1883 1323 1922 e
1347 1881 1428 1938 paro

600 1983 746 2043 pecnory
770 1967 922 2044 Creoany
943 1969 1164 2045 Aaespeentry.

240 2193 245 2200 -
409 2137 591 2242 ..Captez
645 2136 766 2234 Quod
793 2144 839 2214 ut
866 2134 1127 2216 ambassator
1153 2137 1221 2220 do
1239 2137 1426 2218 minas

336 2257 549 2354 Marce,
593 2259 665 2358 qui
690 2257 804 2334 venit
841 2257 891 2332 ed
920 2265 1105 2338 nostram
1147 2260 1428 2364 praesentiam

335 2379 622 2484 principaliter
648 2403 728 2483 pro
758 2377 949 2470 habendo
992 2376 1061 2456 ille
1096 2379 1278 2477 Jocuiia‚
1320 2402 1428 2480 quac

336 2498 505 2578 inerunt
531 2483 740 2580 dominc
768 2497 1031 2584 Todoree.
1060 2499 1293 2580 recedebat
1317 2502 1426 2580 bene

337 2625 570 2710 contentus,
600 2621 830 2712 ordinetur:
846 2622 959 2726 quod
987 2621 1097 2698 sicut
1126 2631 1294 2726 ceptum
1324 2630 1427 2710 eret,

335 2743 447 2848 quod
479 2743 569 2846 ipsa
592 2741 749 2841 jocelin
789 2743 892 2846 poni
933 2741 1140 2822 deberent
1166 2744 1207 2821 in
1235 2741 1425 2822 menibus
1459 2731 1462 2736 ’

262 2907 267 2926 ι
335 2860 414 2938 viri
430 2862 583 2942 nobilis
609 2885 680 2938 ser
705 2860 820 2940 Petri
848 2861 1010 2950 Guorn.
1040 2863 1109 2963 qui
1133 2865 1222 2966 ipso
1251 2864 1425 2964 assigne-

337 2991 404 3071 ret
432 2985 582 3070 eidem,
611 2983 708 3086 quin
737 2983 996 3062 satisfactum
1024 2993 1139 3064 esset
1165 2984 1244 3062 iliis
1271 2988 1428 3066 nostris

335 3103 518 3188 civibus,
551 3105 624 3207 qui
650 3103 806 3184 debent
832 3095 1007 3200 hebere,
1037 3116 1080 3182 et
1107 3103 1242 3183 dictus
1270 3102 1423 3184 ambas·

333 3224 468 3302 stator
494 3237 676 3316 asseret,
718 3226 832 3327 quod
860 3225 941 3302 iem
969 3222 1097 3302 debet
1125 3249 1218 3304 esse
1246 3225 1427 3304 satisfac·

334 3353 422 3436 tum
449 3346 611 3427 civibus
653 3348 828 3443 nostris,
862 3347 972 3448 quia
1008 3346 1207 3426 terminus
1229 3350 1316 3446 jem
1344 3347 1426 3450 iep-

334 3489 406 3544 sus
433 3474 520 3559 cst,
562 3475 604 3546 et
630 3465 720 3571 ipsa
749 3467 920 3547 domins
948 3468 1093 3546 credat
1137 3467 1248 3546 dicta
1269 3467 1424 3566 jocalia

315 3593 427 3666 ‘esse
458 3587 593 3684 magni
621 3585 798 3684 valoris,
829 3613 908 3666 nec
934 3571 1029 3666 sunt
1056 3586 1226 3687 majoris
1255 3588 1424 3666 extima·

334 3707 458 3786 tionis
485 3708 746 3788 ducatorum:
775 3709 1105 3803 incentorum,
1134 3707 1243 3787 dicta
1266 3709 1424 3808 jocalia
1533 3699 1543 3714 “

333 3825 435 3906 durs
451 3827 636 3908 debeant
649 3829 716 3908 isti
732 3831 1001 3910 ambasiatori
1017 3855 1107 3916 suo,
1123 3837 1168 3908 ut
1195 3828 1285 3932 ipsc
1314 3829 1422 3906 ieret

334 3947 472 4030 dictae
513 3951 708 4030 dominae
747 3952 962 4054 praedicto
994 3953 1152 4050 jncetic
1180 3960 1222 4028 ct
1249 3949 1425 4030 recedat

333 4069 442 4148 bene
471 4079 709 4154 contentus.
753 4083 761 4100 ‘

434 4224 613 4330 insuper
640 4229 737 4332 quis
765 4229 875 4308 dicte
903 4227 1070 4308 dominu
1097 4231 1287 4333 requirit,
1308 4231 1421 4332 quod

333 4345 383 4424 in'
403 4369 503 4437 cusu
531 4372 613 4450 qno
641 4347 773 4453 ipsam
803 4347 1028 4454 oportebat
1069 4353 1187 4430 exire
1213 4349 1267 4429 de
1295 4349 1423 4430 terris
