3212 5116
350 406 413 473 ret

351 613 479 692 ciac
508 613 559 689 ud
586 631 665 689 nos
692 609 854 688 miserit
868 609 1184 692 amhaxstorem
1211 635 1346 701 suum,
1373 637 1441 692 ro·

275 805 284 824 ,
349 733 485 832 gando
526 755 605 840 nos
647 737 691 809 ut
717 755 791 808 sua
832 731 978 809 civitas
1021 729 1240 823 Catari,
1269 731 1442 810 obsessa

347 876 426 956 per
453 875 568 930 mare
597 858 743 956 etpcr
772 859 941 937 terram,
969 850 1162 929 adura
1189 853 1440 934 deBaisc

350 971 510 1050 rebelle
536 997 627 1060 suo,
655 973 710 1050 sit
749 972 882 1050 nobis
914 973 1188 1066 comendata‚
1217 998 1271 1051 ne
1297 973 1440 1054 veniat

350 1094 400 1170 ad
430 1115 573 1170 manus
600 1092 701 1173 dicti
727 1091 848 1183 Jure3
873 1115 1095 1195 perquem
1124 1092 1439 1174 ambaxatorem

348 1214 429 1317 ipsi
473 1211 658 1292 Catarini·
689 1212 816 1291 etiam
843 1213 929 1292 hoc
958 1235 980 1289 a
1007 1213 1130 1293 nobis
1170 1213 1373 1316 suplicent
1399 1219 1441 1292 et

348 1332 573 1436 superinde
602 1333 728 1410 etiam
755 1329 878 1409 nobis
901 1331 1069 1434 scripsit
1095 1335 1289 1411 dominus
1316 1333 1440 1438 Papa,

349 1463 391 1532 et
418 1458 572 1534 bonum
599 1456 651 1533 sit
678 1453 932 1558 superbiis,
959 1479 1039 1554 pro
1067 1453 1182 1534 hono
1212 1465 1255 1534 et
1282 1457 1436 1534 securi·

348 1578 431 1652 tate
458 1578 701 1653 nostrorum
730 1581 1016 1661 mercatorum
1045 1574 1169 1652 etiam
1196 1576 1438 1676 providere,

348 1719 402 1772 ne
430 1693 540 1773 dicta
569 1693 713 1772 civitas
755 1692 896 1772 Catari
935 1693 1058 1771 vadat
1086 1691 1136 1770 ad
1164 1715 1309 1771 manus
1336 1694 1439 1774 dicti

346 1811 465 1911 dure,
498 1814 610 1915 quod
639 1817 879 1891 verteretur
905 1812 946 1888 in
967 1811 1190 1889 maximum
1216 1813 1439 1913 prejudici-

348 1958 418 2011 um
446 1941 692 2012 nostrorum
733 1931 774 2008 in
822 1932 944 2012 dictis
969 1931 1158 2036 partibus
1185 1959 1438 2012 conversan·

347 2053 459 2132 tium.
487 2052 591 2152 Quia
618 2060 751 2130 totum
778 2053 969 2152 tratigum
997 2061 1221 2140 mercatus,
1250 2051 1363 2154 quod
1392 2053 1439 2131 tit

348 2174 393 2252 iu¹
405 2171 570 2262 Cataro,
584 2169 707 2251 fieret
720 2173 762 2250 in
791 2171 824 2247 R
839 2197 862 2250 a
875 2195 902 2272 g
916 2197 942 2249 u
957 2199 978 2249 s
992 2171 1006 2248 i
1021 2197 1047 2250 o
1077 2179 1122 2250 ut
1136 2177 1202 2248 est
1216 2171 1439 2250 notum.Et

346 2293 456 2370 intcr
484 2293 561 2370 alia
588 2315 760 2395 magnus
789 2293 928 2373 honor
956 2305 1068 2373 esset
1095 2294 1230 2383 nobis,
1246 2291 1281 2370 si
1314 2290 1437 2372 uobis

344 2413 635 2510 mediantibus,
665 2413 799 2516 possit
814 2415 984 2493 tractari
1001 2412 1279 2492 concordium
1295 2420 1337 2489 et
1352 2437 1435 2527 pax

231 2540 232 2548 '
345 2534 636 2614 interdictum
669 2533 1437 2622 iurametcatarinosvadit
1486 2523 1489 2528 ’

345 2674 469 2757 pars:
508 2654 727 2756 sequendo
768 2655 809 2734 in
836 2655 922 2735 hoc
961 2655 1137 2754 vestigia
1190 2661 1434 2762 nostrorum

345 2775 687 2876 progenitorum,
717 2778 830 2878 quod
870 2778 1057 2854 mittatur
1084 2800 1187 2852 unus
1230 2772 1434 2850 ambasia·

344 2897 414 2969 tor
439 2899 585 2972 noster
612 2896 662 2974 ad
689 2897 843 2976 dictum
870 2895 1015 2975 duram
1044 2893 1333 2984 etCatarinos‚
1361 2895 1434 2995 qui

345 3039 425 3118 pro
441 3022 562 3118 parte
588 3023 733 3094 nostra
759 3041 887 3120 super
916 3017 1000 3095 hoc
1023 3015 1149 3093 faciat
1175 3013 1434 3092 ambaxatarn

344 3135 512 3236 utrique
540 3137 648 3237 parti
677 3161 773 3215 cum
801 3137 882 3214 iliis
920 3135 1077 3224 verbis,
1107 3161 1189 3238 que
1217 3134 1294 3212 sibi
1322 3132 1434 3210 vide·

344 3258 512 3340 buntur,
528 3261 571 3333 et
583 3255 782 3334 informet
796 3281 841 3334 se
852 3254 905 3332 de
916 3255 1136 3333 discordiis
1153 3256 1433 3334 existentibus

324 3371 442 3454 ’hinc
469 3375 592 3466 inde,
617 3375 887 3480 procurando
930 3401 1025 3457 cum
1068 3377 1181 3454 omui
1221 3377 1360 3457 studio
1391 3387 1433 3456 et
1532 3415 1535 3425 ·

345 3495 631 3586 solicitudine,
672 3503 871 3597 quantum
907 3495 998 3600 plns
1040 3496 1197 3597 poterit
1237 3521 1331 3574 curn
1359 3499 1430 3576 ho·

344 3640 449 3696 nore
475 3622 635 3708 nostro,
661 3641 808 3721 pacem
838 3623 881 3693 et
908 3616 1184 3694 concordium
1209 3620 1320 3695 inter
1347 3621 1430 3696 dic-

344 3744 406 3814 tas
434 3745 589 3842 partes,
616 3745 659 3815 et
686 3739 801 3839 quod
828 3737 964 3838 primo
993 3745 1035 3814 et
1063 3745 1156 3816 aute
1199 3738 1336 3816 omnia
1364 3741 1432 3817 ab·

341 3857 575 3946 stiueantur
602 3861 653 3936 ab
682 3857 935 3936 offendendo
964 3857 1222 3955 seinvicem,
1250 3859 1432 3961 penden-

345 3987 387 4058 te
428 3985 606 4058 tractatu
659 3978 879 4059 concordii
920 3985 962 4058 et
1003 3978 1119 4081 pacis
1172 3978 1430 4080 praedictae.

342 4099 492 4182 Eundo
521 4100 685 4180 tociens
699 4104 749 4179 ad
776 4107 998 4202 utramque
1026 4101 1204 4202 partem,
1232 4101 1430 4202 quotiens

347 4220 591 4328 opusiuerit
617 4247 696 4328 pro
721 4222 833 4303 bona
861 4222 1136 4304 conclusione
1163 4221 1430 4326 negotiorum
