3212 5116
322 431 386 496 170

321 637 446 716 libras
486 637 531 717 (3.
568 638 681 716 miiie
722 659 973 741 parvorum,
1017 643 1059 715 et
1097 637 1137 714 in
1180 623 1279 716 casu
1320 661 1403 738 quo

321 758 442 835 ambo
471 757 618 836 haberi
645 783 729 836 non
757 764 956 860 possent,
998 758 1162 860 possint
1186 757 1403 862 promitte·

322 904 368 956 re
397 903 475 981 pro
505 879 696 980 quolibet
722 881 910 982 ipsorum
946 881 1156 979 usquead
1185 877 1324 956 libras.
1363 871 1425 954 ir(

320 1001 434 1078 mille
477 1023 714 1101 parvorum.
766 1001 927 1078 Verum
962 997 998 1076 si
1026 999 1134 1078 forte
1162 999 1223 1076 iiii
1250 999 1321 1101 qui
1348 1005 1405 1076 te·

320 1127 420 1198 nent
446 1119 535 1222 ipsa
563 1127 724 1211 castra,
765 1125 1012 1198 recusarent
1043 1119 1113 1197 iila
1140 1121 1241 1197 dare
1280 1117 1404 1197 nobis

321 1237 525 1326 absolute,
553 1244 595 1317 et
623 1241 779 1318 vellent
804 1237 994 1318 canobis
1023 1238 1135 1330 dare,
1161 1245 1207 1316 ut
1234 1261 1283 1318 ea
1312 1263 1406 1317 eon·

320 1383 582 1438 servaremus
624 1367 667 1437 et
693 1367 934 1438 teneremus
976 1359 1148 1438 nornine
1188 1358 1407 1439 domini

320 1465 715 1582 imperatoris
753 1477 999 1566 liniae,
1040 1463 1408 1571 sumusconteuti‚

322 1601 436 1703 quod
464 1601 553 1702 ipsa
589 1601 786 1705 recipere
827 1599 989 1703 possint
1016 1606 1059 1678 et
1093 1596 1296 1705 recipiant
1321 1625 1407 1679 mo-

322 1719 376 1798 do
403 1719 647 1824 praedicto,
688 1719 783 1821 quia
810 1745 1062 1824 quocunque
1096 1723 1250 1800 vitetur
1291 1719 1407 1824 quod

320 1867 404 1920 non
432 1843 583 1920 vadant
609 1842 649 1918 in
677 1867 821 1920 manus
850 1841 1168 1944 Hungarorum,
1210 1842 1310 1921 satis
1337 1843 1406 1920 ha·

321 1961 518 2042 heremus
544 1969 733 2045 nostram
760 1961 1046 2042 intentionem.
1149 2069 1152 2076 Ι

423 2151 578 2256 Capta:
606 2153 726 2252 Quod
754 2151 795 2229 in
825 2175 923 2230 casu
951 2175 1033 2255 quo
1068 2153 1308 2256 capitaneus
1335 2175 1405 2232 no·

319 2281 406 2354 ster
445 2276 631 2353 nondum
680 2273 951 2378 applicuisset
1003 2272 1053 2350 ad
1093 2273 1225 2352 dietas
1263 2279 1405 2377 partes

321 2393 596 2480 Sclaveniaa,
639 2395 883 2473 comitiatur
917 2392 1210 2498 provisoribus
1250 2393 1405 2472 nostris

324 2525 367 2595 et
393 2517 633 2595 rectoribus
674 2517 826 2594 nostris
854 2515 924 2618 Sp
942 2540 965 2592 a
980 2517 991 2592 Ι
1009 2540 1033 2594 e
1049 2521 1064 2594 t
1079 2515 1105 2605 i,
1131 2513 1322 2615 Traga
1336 2513 1406 2591 rii

321 2645 363 2719 et
391 2636 490 2714 Sib
508 2660 530 2712 c
546 2661 572 2712 n
588 2635 689 2726 ici,
717 2639 832 2740 quod
861 2661 957 2715 cum
986 2634 1100 2714 omni
1126 2633 1406 2714 sollieitudine

320 2767 363 2838 ct
390 2757 599 2857 diligentia
627 2764 864 2862 oportuna,
906 2780 985 2860 per
1012 2757 1216 2834 maiorem
1242 2763 1405 2858 partem
1505 2747 1512 2758 ’

319 2881 519 2985 ipsorum,
548 2884 809 2980 exequantur
834 2875 920 2957 hoe
947 2876 1181 2956 mandatum
1218 2883 1406 2956 nostrum

320 2999 594 3104 praedictum.
630 2999 678 3078 ln
708 3023 806 3077 casu
833 3023 937 3077 vero
967 3023 1049 3099 quo
1077 2997 1283 3101 praedicti
1309 3021 1406 3101 pro·

319 3123 482 3210 visores
511 3118 646 3198 nostri
684 3121 766 3197 iarn
794 3120 847 3197 de
888 3117 1010 3208 dictis
1048 3113 1234 3220 partibus
1270 3141 1407 3197 reces-

320 3243 496 3335 sissent,
523 3247 716 3318 reotores
757 3239 892 3318 nostri
930 3239 1139 3342 praedicti
1179 3263 1257 3343 per
1282 3237 1407 3318 maio·
1512 3327 1515 3334 ,

320 3387 410 3442 rem
438 3369 601 3468 partem
627 3365 819 3464 ipsorum
834 3366 1097 3465 exequantur
1111 3359 1269 3439 dietum
1297 3381 1404 3435 man·

319 3484 458 3563 datum
490 3488 693 3561 nostrum.

424 3656 576 3761 Capta:
605 3652 656 3734 Ut
682 3654 1049 3735 nou'sustineatur
1074 3655 1256 3755 gravitas
1285 3677 1409 3757 expe·

321 3777 439 3857 diens
467 3783 643 3880 propter
670 3799 831 3855 moram
859 3777 1071 3875 galearum
1099 3780 1338 3851 nostrarum
1365 3773 1406 3850 in

319 3897 508 4000 partibus
535 3895 804 3986 Selavoniae,
828 3895 940 3974 vadit
966 3919 1075 4000 pars:
1097 3875 1182 3996 ‘pro
1213 3893 1405 3972 faciendo

320 4019 429 4119 ipsas
468 4017 606 4116 gaicus
648 4025 815 4097 nostras
855 4019 906 4096 ad
942 4018 1113 4122 propria
1154 4030 1406 4108 remearunn

321 4139 434 4240 quod
462 4145 678 4218 armentur
706 4165 801 4219 cum
838 4139 906 4217 illa
933 4137 1226 4224 sollicitudine,
1256 4160 1338 4240 qua
1364 4136 1407 4216 fi·

322 4257 384 4343 eri
412 4264 569 4364 potest,
596 4261 680 4341 duo
710 4261 819 4361 tigna
852 4259 1018 4340 subtilia
1046 4283 1154 4360 cum,
1183 4259 1257 4336 iilo
1285 4257 1407 4336 soido
