3226 5112
350 541 541 622 debeatis
569 540 719 621 fulcire
749 539 843 620 loca
872 540 1050 642 aquisita
1077 599 1089 621 .
1118 595 1129 616 .
1158 565 1234 640 rus
1276 539 1452 620 reclama·

350 657 934 740 tiaiubuceamCulli
963 713 1171 739 ......
1176 669 1281 741 etc.

534 821 537 828 ’
656 831 760 899 Secr.
786 853 886 898 cons.
912 839 1032 920 rogat.
1055 831 1133 898 Lib.
1154 831 1250 900 XVl.
1274 835 1328 898 ch.
1351 837 1404 899 21.

506 1091 878 1193 cuxxxvn.
908 1117 1022 1194 rma.
1054 1121 1115 1196 12.
1143 1113 1293 1192 turis.

349 1293 528 1366 tlproaupa
563 1307 754 1366 nouaauuay
776 1309 876 1351 uueaa
900 1295 1012 1351 Mansa
1037 1309 1056 1350 a
1081 1295 1208 1352 uineae
1241 1293 1369 1369 tipalte,
1392 1311 1447 1350 ru·

348 1399 429 1469 uytu
453 1412 493 1454 ce
515 1413 596 1471 para
621 1413 665 1456 cu
689 1413 840 1456 aueauua
863 1399 1070 1458 Croesum
1094 1397 1295 1468 soranam
1318 1399 1447 1454 Βοοιιι-

707 1518 826 1562 ·uuum.
873 1497 1088 1584 (Capeliano.)
1240 1517 1246 1526 ·

348 1675 352 1684 '
448 1667 573 1768 Quod
616 1673 778 1784 oraturi
828 1671 1148 1774 magnificorum
1200 1669 1449 1750 comitis

192 1809 198 1818 ·
348 1789 1448 1892 Mathichouisetlratrumrespondeatur:

350 1917 392 1987 et
420 1913 565 2014 prim
582 1939 608 1991 ο
622 1969 653 1992 ..
667 1973 673 1987 .
686 1937 770 1992 uun
788 1922 852 1992 est
868 1937 975 2017 opus
992 1921 1036 1992 ut
1051 1915 1316 2015 regratietur,
1332 1913 1447 2014 quod

347 2057 424 2109 eos
453 2033 493 2108 in
521 2031 631 2111 lilios
659 2025 972 2137 acceptavimus
995 2043 1037 2116 et
1056 2033 1260 2114 habemus
1275 2093 1284 2110 .
1300 2093 1308 2110 .
1325 2057 1446 2113 ,nam

346 2149 511 2228 'videtur
540 2153 730 2254 quod..
758 2163 1060 2234 ,mereatm..

446 2308 511 2389 Ad
539 2309 858 2390 secuudum
888 2313 1003 2392 circa
1035 2313 1157 2412 ligam
1185 2335 1310 2412 quam
1340 2311 1448 2415 petit

346 2406 496 2505 contra
526 2429 801 2510 comitem
832 2418 1449 2512 Stefanumdellossi·

345 2570 422 2638 ua,
459 2548 794 2650 respondeatur,
834 2551 1025 2654 quod..
1052 2549 1334 2654 capitaneus
1374 2572 1445 2622 uo

345 2671 436 2742 ster
478 2667 625 2749 Culli'
613 2694 653 2745 m
683 2671 830 2750 stricta
860 2679 925 2750 est
963 2695 1109 2750 secum
1150 2667 1310 2773 prutina
1347 2689 1444 2745 cou-

307 2790 313 2801 '
346 2785 496 2876 cordii‚
510 2845 521 2865 .
537 2841 547 2864 .
562 2843 573 2866 .
591 2799 682 2869 et..
700 2849 710 2869 .
727 2791 868 2870 honor
882 2797 1030 2870 noster
1045 2816 1129 2870 nou
1153 2798 1387 2894 pateretur,
1403 2795 1447 2864 ut

273 2946 283 2964 ·
344 2907 394 2985 ad
423 2908 546 3010 ligem
566 2935 690 3011 rpuam
719 2911 896 3012 requirit
923 2915 1232 2998 deveniremus,
1258 2909 1337 2987 nisi
1364 2911 1449 3012 pri·

345 3055 392 3107 us
435 3031 739 3132 intelligamus,
767 3030 864 3132 quid
893 3039 1086 3111 secutum
1118 3029 1173 3110 sit
1200 3033 1253 3109 dc
1282 3033 1445 3136 pratica

342 3149 706 3264 suprascripta..

396 3308 508 3387 Ad
537 3283 781 3392 tertium
809 3310 862 3388 de
891 3309 1040 3392 lauare
1069 3314 1113 3386 et
1140 3307 1334 3386 subsidia
1348 3310 1444 3388 dua·

341 3454 434 3508 rum
462 3430 674 3530 galearum
704 3437 748 3508 et
776 3429 1102 3508 ballistariorum
1132 3437 1351 3508 centum
1381 3453 1441 3506 re·

340 3551 622 3652 ⁸P⁰ssd⁰⁸lttr=
663 3549 779 3652 quud
807 3605 818 3626 .
845 3603 857 3626 .
887 3549 1038 3628 stricta
1078 3556 1248 3630 tenetur
1282 3550 1443 3650 pratica
1598 3545 1600 3598 l

342 3670 560 3754 concordii
588 3678 633 3756 et
660 3693 742 3748 uon
773 3679 889 3751 esset
903 3669 1147 3762 honestum,
1175 3669 1343 3771 quodsi
1357 3691 1441 3772 pax

222 3843 224 3847 -
339 3798 620 3893 sequeretur,
660 3797 811 3872 centra
849 3815 946 3872 eum
974 3791 1144 3870 iurares
1170 3799 1346 3868 nosnos
1374 3787 1440 3868 da·

340 3935 481 4001 remus
508 3967 518 3990 .
546 3969 556 3990 .
585 3969 595 3994 .
625 3913 701 3998 ‘lle
742 3913 919 4014 pulvere
948 3921 990 3995 et
1019 3909 1438 3990 salutato-conteuti

337 4034 507 4122 erimus,
535 4035 650 4135 quud
680 4033 911 4114 extrahere
940 4035 1078 4137 possit
1106 4033 1157 4110 ad
1188 4031 1360 4110 libitum.

437 4172 502 4251 Au
531 4178 798 4272 quartum
832 4173 885 4249 de
921 4177 1103 4275 portu
1144 4191 1270 4271 quem
1300 4167 1437 4270 requi·
