3212 5116
330 403 394 469 Μ

332 605 493 708 gesimo
535 615 686 696 sexto,
726 605 939 685 indicione
981 632 1117 695 nona,
1159 607 1226 686 die
1248 601 1421 684 decimo

333 728 490 808 mensis
518 727 732 824 danuarij‚
774 727 815 805 in
849 727 1184 807 tesmonia
1221 729 1261 805 in
1289 718 1422 803 eecle-

331 852 390 930 eia
430 857 575 930 sancta
617 849 751 926 Maria
802 848 854 925 de
895 850 1011 928 dicto
1054 851 1152 930 loeo
1190 846 1420 940 Scardona,

331 972 599 1075 presentibus
638 969 872 1048 venarabili
900 970 992 1048 viro
1034 971 1203 1048 domino
1232 967 1422 1069 Georgia

234 1115 242 1124 ·
333 1093 635 1171 archidiacono
677 1089 789 1168 dicte
829 1091 1038 1182 ecclesie,
1079 1097 1121 1168 et
1159 1089 1291 1168 nobili
1331 1089 1422 1165 viro

331 1214 507 1291 domino
540 1211 713 1290 Nicolao
741 1209 978 1289 Justiniano
1008 1209 1061 1289 de
1091 1217 1280 1290 contrata
1307 1231 1422 1286 sano·

332 1335 361 1412 ti
391 1331 657 1411 Pantaleonis
693 1331 745 1408 de
782 1331 995 1423 Venonis,
1036 1331 1224 1410 Mattheo
1263 1329 1422 1405 Faxuot

332 1456 384 1532 de
413 1453 567 1552 clugia,
595 1449 1205 1554 presbytero'PetroVanerio
1235 1449 1421 1530 ecclesie

334 1574 467 1653 sancti
498 1571 722 1676 Raphaeiis
762 1570 815 1647 de
841 1572 1057 1657 Venetiis,
1098 1571 1422 1650 Bartholomeus

332 1693 562 1772 Thomaxii
602 1692 654 1770 de
684 1691 870 1780 Sacilto,
899 1716 970 1770 ser
998 1692 1181 1795 Maphao
1209 1689 1420 1769 Ardizano

331 1813 385 1892 de
411 1813 601 1893 Venetiis
642 1814 881 1892 habitatore
910 1811 1097 1892 Sibenioi
1124 1821 1167 1890 et
1195 1812 1294 1890 aliis.
1354 1917 1360 1934 Ι

431 2035 591 2115 Nobilis
633 2043 675 2114 et
701 2035 868 2138 sapiens
909 2037 973 2114 vir
1019 2035 1209 2120 dominns
1246 2036 1423 2114 Bernar-

330 2157 407 2234 dus
447 2154 704 2233 Justinianus
742 2161 1001 2257 procurator
1036 2153 1169 2232 sanati
1210 2154 1345 2233 Marci
1380 2163 1423 2232 et

329 2277 454 2356 maris
499 2275 740 2378 capitaneus
781 2273 986 2375 generatis
1026 2301 1105 2378 pro
1136 2276 1421 2354 dominatione

329 2397 626 2484 Venetiarum,
654 2419 733 2475 nec
761 2420 846 2476 non
874 2396 1031 2475 nubitis
1069 2406 1111 2474 et
1150 2395 1317 2498 sapiens
1356 2397 1421 2474 vir

328 2520 524 2598 dominus
565 2518 808 2596 Laurentius
848 2516 959 2596 Celsi
1000 2517 1226 2596 Salavonie
1271 2520 1420 2618 capita·

331 2661 434 2716 neus
463 2638 673 2737 generalis
708 2662 787 2740 pro
817 2637 1104 2715 dominatione
1131 2636 1342 2740 predicta,
1370 2663 1421 2716 ac

329 2759 452 2836 etiam
496 2756 661 2834 nobiles
691 2766 734 2839 et
760 2758 969 2860 sapientes
996 2756 1073 2834 viri
1101 2757 1260 2844 domini
1288 2757 1420 2838 Fauti·

328 2903 404 2956 nus
442 2879 731 2966 Mauroceno,
761 2886 803 2956 et
828 2877 1044 2959 dohannes
1072 2879 1259 2958 Danduto
1288 2878 1420 2957 oonsi-

203 3095 205 3100 .
268 3017 272 3026 ’
327 2999 433 3078 tiarii
460 2999 618 3076 domini
660 2999 866 3103 capitanei
909 3000 1034 3076 maris
1077 3025 1156 3102 pro
1194 3001 1305 3078 dicta
1346 3002 1418 3078 do-

326 3119 571 3208 minatione,
599 3143 649 3199 ae
676 3121 831 3201 nobilis
858 3119 923 3197 vir
950 3119 1143 3199 dominus
1165 3119 1416 3200 Marousdu·

325 3241 526 3318 stinianus
554 3239 741 3319 Sibenici
770 3265 1150 3326 comes,necn011
1180 3243 1346 3319 nobiles
1375 3249 1419 3318 et

324 3362 536 3466 sapientes
563 3361 642 3438 viri
669 3361 826 3440 domini
853 3361 1101 3441 Dominicus
1128 3361 1337 3451 Michael,
1376 3371 1419 3442 at

325 3484 533 3585 Mapheus
576 3483 820 3562 Contareno
874 3483 915 3558 in
957 3481 1146 3584 partibus
1195 3480 1416 3561 sclavonia

324 3602 571 3704 provisores
604 3625 684 3705 pro
715 3600 825 3679 dicta
860 3599 1164 3679 dominatione.
1218 3600 1413 3680 Consida-

326 3732 464 3802 rantes
493 3725 668 3802 liberam
697 3721 1070 3822 roassignationam
1098 3745 1219 3822 quam
1257 3723 1317 3800 eis
1344 3746 1414 3801 no·

325 3845 437 3924 mine
465 3842 578 3923 dicte
603 3843 762 3922 ducatis
789 3841 1083 3920 dominationis
1111 3841 1414 3946 recipientibus

326 3967 428 4046 fec-it
469 3968 740 4044 dominus
779 3961 1030 4044 Jurases
1071 3965 1242 4043 filius
1285 3991 1414 4067 quon-

329 4089 423 4164 dam
452 4083 1413 4173 HeliedeRaxia,oastetianusin

329 4215 468 4288 castro
511 4207 731 4289 Scardona
771 4231 851 4311 pro
893 4207 1125 4286 domino
1175 4205 1243 4284 im
1258 4229 1411 4312 pera-
