3212 5116
1190 397 1364 477 tat.

158 621 373 692 nostro
402 635 585 716 regno
626 635 886 691 unacum
925 621 1131 693 nostra
1171 639 1251 716 ge·

158 735 388 813 nitrice
428 737 816 838 pepulerant,
872 741 927 813 et
965 735 1254 814 totaliter

5 839 6 892 3
160 855 455 952 ejecerant,
484 878 649 956 nosque
663 879 743 954 per
757 855 1095 934 misericordiam
1125 855 1253 934 omni·

5 989 6 992 ‘
159 973 346 1078 potentis
374 971 441 1054 dei
470 981 512 1052 et
536 973 667 1076 gratia
694 975 825 1054 incliti
853 975 1053 1078 principis
1082 977 1248 1056 domi·

160 1095 215 1171 ni
243 1093 533 1176 bodovioi
571 1097 638 1176 dei
666 1097 852 1197 gratia
879 1097 1027 1197 regis
1056 1095 1252 1196 Hungu-

161 1214 269 1304 rie,
307 1213 464 1314 justitia
507 1223 649 1293 nostra
691 1222 733 1293 et
760 1215 957 1295 fidelitate
997 1216 1255 1318 requirente,

160 1333 341 1411 simus
382 1335 968 1414 iteruminnostrum
1010 1359 1252 1438 regnum

150 1453 524 1556 ,aliqualiter
558 1455 810 1559 recepti,
839 1458 938 1535 licet
964 1481 1048 1535 non
1076 1455 1118 1534 in
1147 1463 1288 1551 toto,¹

162 1601 249 1653 non
302 1575 492 1653 valentes
531 1578 588 1654 ita
639 1577 777 1656 subito
807 1577 925 1680 ipsos
966 1575 1145 1663 nobiles,
1173 1601 1253 1682 pro

160 1704 306 1774 nostra
347 1703 391 1775 et
418 1697 541 1775 etiam
580 1721 660 1801 pro
700 1703 841 1775 vestra
883 1697 1061 1796 injuria,
1101 1701 1253 1801 punire

162 1825 205 1896 et
237 1818 519 1896 incarcerare.
557 1817 692 1918 Igitur
731 1825 916 1896 vestram
955 1817 1252 1896 reverendissi-

161 1963 273 2017 mam
301 1937 651 2038 magnificentiam
681 1963 858 2042 presens
885 1931 1146 2040 postulamus
1172 1939 1251 2015 val·

162 2063 231 2151 de,
246 2061 438 2158 dignatur
461 2065 503 2136 et
530 2057 753 2160 diiigenter
780 2084 1002 2162 quousque
1029 2059 1156 2137 simus
1178 2065 1255 2138 sta·

163 2177 291 2264 biliti,
329 2183 371 2255 et
398 2179 438 2252 in
466 2185 614 2256 nostro
655 2200 787 2278 regno
840 2178 949 2257 bene
1005 2177 1253 2267 confirmati,

161 2301 350 2376 nostram
376 2299 633 2376 voluntatem
662 2297 814 2378 bonam
853 2301 1050 2401 perfecte
1090 2307 1253 2408 reputa·

161 2443 210 2494 re
246 2419 410 2497 vellitis
461 2421 546 2499 Nos
587 2421 730 2524 itaque
770 2423 851 2499 deo
891 2424 1162 2524 permittente
1200 2419 1252 2499 de

162 2543 279 2619 omni
305 2547 447 2620 vestra
468 2542 618 2642 injuria
645 2567 776 2648 parvo
805 2552 998 2647 tempore
1027 2545 1252 2648 expectato

162 2663 445 2742 omnimodam
477 2666 677 2765 justitiam
718 2665 948 2754 faciemus;
974 2667 1100 2769 plene
1129 2670 1171 2742 et
1198 2663 1253 2740 in·

163 2790 287 2884 tegre
314 2794 534 2888 sperantes
562 2793 739 2864 avestra
764 2783 1068 2886 magnificentia
1095 2785 1135 2862 in
1161 2807 1254 2863 cen·

162 2907 283 3008 tupio
311 2906 458 2984 similia
485 2933 561 2987 seu
595 2905 756 2986 maiora
782 2908 908 2986 nobis
935 2905 1114 2984 aituisse.

269 3077 437 3183 Scripta
464 3077 505 3156 in
534 3079 671 3158 Bosi
687 3107 712 3158 n
728 3104 764 3173 a,
787 3079 998 3160 dominica
1025 3077 1150 3156 ramis
1171 3076 1253 3180 pal·

61 3191 64 3196 ’
161 3222 338 3287 marum,
366 3223 474 3278 anno
504 3200 660 3278 domini
688 3201 909 3279 millesime
952 3197 1252 3278 tercentesimo

159 3317 430 3418 sexagesimo
459 3325 598 3397 sexto.

269 3491 526 3574 Tuertco
565 3493 632 3572 dei
660 3493 859 3593 gratia,et
886 3487 1277 3596 domininos·¹

162 3611 729 3712 triLudovieiregis
759 3613 940 3694 banus
969 3609 1175 3693 Boane,
1204 3627 1253 3682 ac

160 3733 335 3812 domina
374 3735 600 3814 Helena
640 3733 921 3834 genetrix
961 3730 1154 3834 ipsius
1192 3752 1253 3808 ca·

161 3853 344 3946 rissima,
370 3857 498 3934 vestri
524 3857 656 3936 intimi
683 3856 819 3934 amici.

711 4059 952 4125 commemor.
979 4053 1055 4124 Vll.
1078 4053 1135 4120 ch.
1157 4055 1211 4124 58.
1253 4105 1257 4112 .

1008 4349 1049 4416 la
