3226 5112
1209 387 1274 461 m
1401 349 1403 352 ,

180 597 333 676 mensis
362 597 608 676 Decembris
634 597 879 700 praeteriti,
908 655 919 678 .
948 653 958 675 .
986 657 994 673 .
1026 651 1035 673 .
1063 599 1272 678 scribatur

182 718 506 796 comiti-bus
548 715 776 794 nostris
818 715 1064 797 Scutari
1102 729 1145 797 et
1181 719 1273 797 Ca·

178 839 320 926 tari,
362 846 408 915 ut
443 837 625 916 debeant
661 835 888 938 acceptare
916 835 993 913 sub
1022 845 1170 918 nostro
1200 841 1271 918 do·

178 959 305 1036 minio
348 959 487 1038 omnia
513 959 624 1036 'loca
662 955 823 1034 Zentae
849 956 1084 1045 inferioris,
1126 984 1271 1061 quae

179 1077 423 1155 suerunt
459 1076 682 1155 domini
718 1077 987 1179 despoti,
1037 1079 1078 1155 in
1121 1079 1272 1182 quibus

177 1197 461 1297 intelligantur
486 1195 853 1274 durasevich
882 1255 890 1273 .
920 1253 928 1274 .
956 1253 967 1276 .
997 1255 1005 1272 .
1034 1203 1077 1274 et
1102 1201 1271 1302 promit·

177 1324 264 1396 tant
293 1320 501 1405 omnihus,
530 1319 643 1419 quod
672 1341 818 1398 omnes
846 1317 1031 1397 offensae
1069 1344 1170 1420 quas
1198 1345 1270 1398 uo·

178 1441 241 1518 bis
271 1441 465 1519 iecerunt
492 1440 551 1517 cis
580 1440 851 1530 remituntur;
956 1499 966 1518 .
994 1445 1036 1518 et
1065 1441 1100 1518 si
1128 1442 1272 1545 inspe-

178 1564 243 1640 cie
279 1559 346 1637 du
363 1551 455 1638 ras
472 1585 494 1636 e
510 1587 534 1636 v
550 1559 563 1635 i
579 1585 603 1636 o
618 1562 666 1650 h,
705 1561 776 1662 qui
803 1562 885 1638 soii
910 1561 1106 1638 videntur
1130 1561 1271 1640 vereri

177 1683 318 1761 redire
353 1681 430 1759 sub
458 1687 606 1759 nostro
636 1683 845 1769 dominio,
875 1683 1102 1761 redderent
1128 1707 1173 1762 se
1200 1683 1270 1760 dif-

176 1802 323 1891 ficiles.
365 1801 543 1880 debeant
570 1802 670 1904 ipsis
699 1803 948 1902 promittere
976 1805 1150 1907 gratiam
1178 1829 1271 1880 nos·

178 1926 229 2001 tri
257 1922 429 2002 dominii
458 1967 503 1979 -
532 1931 574 2001 et
602 1931 780 2022 possunt
808 1917 869 2002 eis
897 1924 1147 2026 promittere
1171 1949 1269 2027 pro·

174 2045 376 2122 visionem
405 2067 540 2143 usque
566 2046 743 2122 ducatos
772 2053 939 2122 centum
968 2045 1009 2122 in
1040 2071 1164 2123 anno.

275 2165 327 2242 ut
352 2173 398 2242 ut
423 2163 509 2241 hoc
537 2163 685 2241 meiius
701 2165 904 2266 consequi
924 2165 1068 2268 possit,
1083 2163 1269 2244 mittatur

174 2283 274 2366 iiiuc
288 2277 485 2389 provisor
499 2345 508 2362 .
524 2345 532 2361 .
549 2343 559 2365 .

278 2404 490 2486 Comissio
520 2407 708 2489 eiusdem
736 2406 991 2509 provisoris:

274 2523 1269 2628 NosFranciseusFosearideigratia

171 2638 256 2726 dux
282 2649 557 2727 Venetiarum
586 2657 668 2724 etc.
701 2631 971 2724 Comittimus
998 2648 1076 2727 tibi
1104 2706 1268 2727 .....

172 2771 215 2846 Μ
231 2797 254 2850 a
270 2794 292 2846 r
308 2795 331 2848 o
347 2795 372 2847 o
403 2769 558 2845 Genu
589 2765 720 2854 militi,
747 2826 756 2842 .
789 2825 798 2844 .
829 2825 839 2845 .
866 2769 993 2846 vadas
1011 2773 1161 2846 noster
1175 2793 1268 2871 pre·
1375 2837 1391 2875 s
1443 2849 1446 2857 ,

172 2891 289 2970 visor
317 2893 367 2968 ad
405 2899 609 2996 partes
637 2888 953 2974 Alban-iae,
997 2897 1039 2966 et
1078 2913 1173 2967 esse
1201 2891 1267 2965 dc-

170 3013 272 3088 beas
300 3035 393 3087 cum
424 3010 581 3087 comite
612 3013 758 3087 nostro
797 2994 1059 3087 soutari‘
1080 3015 1149 3085 aut
1177 3005 1268 3084 Ca·

174 3133 291 3210 tari
319 3189 327 3207 .
357 3183 368 3207 .
398 3189 408 3208 .
447 3136 611 3207 etcum
641 3155 693 3207 eo
721 3151 958 3233 procurare
988 3131 1042 3207 de
1071 3131 1269 3208 reducen·

172 3255 227 3330 do
270 3253 508 3331 Zentam
550 3253 913 3332 inferiorem
954 3249 1032 3327 sub
1075 3249 1269 3328 obedien·

173 3373 271 3452 tiam
299 3381 483 3452 nostram
515 3431 521 3446 .
551 3430 561 3451 .
1092 3437 1097 3448 .

272 3493 326 3573 lat
352 3494 387 3571 si
423 3507 509 3574 .'..
547 3495 666 3589 vobis
693 3519 870 3574 necesse
898 3491 1106 3571 videbitur
1142 3549 1152 3570 .
1181 3547 1190 3568 .
1220 3547 1230 3568 .
1259 3546 1269 3567 .

173 3617 337 3694 scribas
379 3613 700 3714 Aleibego,
755 3614 842 3691 sive
883 3635 1082 3714 magno
1124 3609 1269 3687 Tur·

175 3737 310 3824 cho,
339 3733 559 3814 autetiam
589 3731 1077 3812 comitiSteiano
1187 3782 1197 3803 .
1228 3737 1270 3807 et

174 3859 209 3935 si
237 3881 284 3934 se
312 3857 382 3934 hic
410 3861 609 3956 gravaret
636 3857 688 3932 de
717 3854 960 3932 huiusmodi
1000 3857 1145 3932 nostra
1172 3850 1270 3930 deii·

175 3977 395 4057 beratione
425 4033 435 4054 .
462 4034 510 4055 ..
547 3975 710 4054 scribas
747 3975 859 4079 quod
895 3974 971 4052 ista
1001 3974 1095 4052 loca
1124 3959 1268 4049 nostra

176 4101 310 4186 fuere,
339 4105 383 4176 et
410 4097 533 4176 nobis
561 4103 739 4200 accepta
766 4094 1037 4198 pereundam
1054 4091 1268 4169 dominum

176 4217 912 4323 despotumStefanumet
943 4216 1115 4312 deJ'ure
1144 4211 1272 4292 nobis
