3192 5112
493 566 833 666 LXlX.13m
866 577 1278 697 7Novembris.

368 800 585 868 duumuiro,
608 809 714 854 snum
738 807 838 867 ssesy
864 794 1020 866 stpssy
1043 808 1081 865 μ
1105 809 1229 863 sanam.
1252 806 1416 862 uernam
1437 809 1458 866 y

368 905 527 978 Muerxe,
549 917 565 957 a
591 913 698 972 npeso
735 899 930 954 neuemunxa
976 898 1153 954 llnxounsa
1187 911 1316 952 nostru
1348 909 1395 962 ra,
1418 909 1458 964 μ

576 1021 614 1062 ee
642 1017 776 1076 noxups
803 1017 841 1057 en
866 1001 1001 1058 deson
1025 1001 1262 1059 sosannim.

470 1171 626 1273 Capta:
668 1170 783 1270 quod
836 1168 1044 1246 scribatur
1098 1166 1323 1272 capitaneis
1362 1191 1456 1243 nos·

366 1296 441 1372 tris
468 1301 609 1370 terrae
637 1297 679 1366 et
706 1288 857 1378 mariS,
886 1287 998 1386 quod
1036 1288 1351 1390 responsionem
1378 1313 1458 1390 per

365 1413 478 1514 ipsos
519 1413 671 1488 factam
717 1407 871 1486 nuncio
927 1407 1170 1485 comitis
1210 1407 1459 1484 Mladini

363 1533 506 1634 placet
532 1530 667 1620 nobis,
696 1537 737 1606 et
773 1529 870 1606 ideo
908 1525 1087 1608 debeant
1115 1527 1154 1604 ei
1194 1527 1345 1605 iterum
1373 1551 1460 1604 res·

363 1651 579 1754 pondere,
609 1647 723 1752 quod
756 1672 840 1724 non
881 1647 1156 1733 intendimus,
1197 1649 1311 1748 quod
1339 1670 1457 1724 rece·

364 1774 434 1850 dat
462 1771 613 1850 deinde
647 1795 727 1874 pro
756 1769 962 1845 veniendo
989 1769 1188 1846 Venetins
1229 1768 1457 1848 occasione

363 1894 646 1994 praesentium
687 1913 913 1978 novorum;
955 1915 1050 1968 eum
1078 1888 1304 1967 habeamus
1337 1913 1457 1992 prne·

361 2011 536 2090 sentium
577 2035 719 2102 suam,
754 2034 833 2113 pro
874 2033 958 2087 uno
1002 2009 1082 2086 alio
1125 2005 1315 2087 exercitu
1364 2032 1456 2086 nos·
1529 2071 1532 2076 .

361 2138 429 2208 tro
482 2132 565 2220 ibi,
619 2157 746 2233 quum
783 2132 835 2208 de
870 2131 963 2234 ipso
1018 2129 1202 2230 gerimus
1255 2129 1455 2206 fiduciam
1530 2153 1533 2158 ·

360 2249 608 2351 pleniorem.

467 2388 619 2491 Capta:
676 2388 932 2466 Examinatis
985 2385 1134 2466 litteris
1186 2385 1457 2464 Nicolini

363 2537 388 2588 n
404 2537 428 2588 o
443 2518 460 2589 t
475 2533 497 2585 a
514 2508 590 2586 rii
618 2533 683 2587 eu
698 2509 774 2584 ria
792 2533 815 2584 e
844 2507 1027 2586 dominio
1058 2507 1205 2596 missis,
1232 2531 1359 2612 super
1375 2507 1457 2587 fae·

359 2639 403 2708 to
433 2627 665 2715 concordii,
694 2628 793 2706 lacti
819 2629 929 2706 inter
958 2628 1233 2706 comitem
1262 2623 1456 2704 Mindi·

358 2773 481 2826 num
510 2773 565 2825 ex
618 2755 739 2852 perte
792 2773 872 2824 una
914 2747 1207 2826 etdominum¹
1251 2747 1455 2823 benum

358 2869 618 2948 Bossinae
656 2877 697 2947 et
724 2870 820 2947 illos
861 2871 993 2947 duos
1021 2867 1252 2947 Selevos
1279 2891 1333 2945 ex
1370 2867 1454 2945 slte

360 3013 419 3078 ra3
436 2997 478 3068 et
492 2989 718 3068 intellectis
743 2989 897 3077 verbis,
912 3013 1019 3092 quse
1046 2993 1361 3090 moventurper
1384 3013 1453 3066 co·

359 3111 501 3186 mitem
531 3109 755 3188 Mladinum
783 3110 1059 3212 praedictum,
1083 3107 1452 3211 quaesuntturbn·

358 3229 418 3308 tio
448 3229 549 3308 dicti
578 3229 823 3319 concordii,
860 3239 1008 3308 contra
1036 3231 1078 3307 id
1107 3229 1220 3331 quod
1258 3227 1454 3332 promisit

358 3351 501 3430 lacere
543 3376 771 3456 expresse,
800 3357 842 3430 et
868 3360 1043 3456 possent
1082 3353 1284 3430 inducere
1325 3353 1450 3448 mejo-

359 3496 450 3550 rem
479 3472 808 3561 dissensionem,
838 3497 960 3574 quam
1001 3473 1136 3572 primo
1168 3481 1278 3562 erst3
1308 3495 1453 3552 eonsu-

359 3595 448 3670 lunt
475 3593 708 3695 sapientes,
750 3593 865 3694 quod
907 3591 1112 3672 scribatur
1153 3594 1266 3672 dieto
1309 3591 1453 3670 comiti

357 3712 556 3806 illladin0‚
587 3714 804 3812 quomodo
832 3737 914 3816 per
943 3713 1103 3791 litteras
1131 3711 1230 3790 dieti
1256 3711 1452 3790 Nicollini

358 3829 639 3910 intelleximus
680 3833 959 3912 concordium
987 3817 1209 3912 tractatum
1249 3833 1358 3910 inter
1394 3833 1451 3934 ip-

359 3976 451 4028 sum
479 3960 521 4030 et
548 3951 761 4030 dominum
803 3953 954 4032 benum
982 3955 1208 4046 Bossinae,
1237 3956 1351 4056 quod
1378 3977 1450 4030 no·

359 4073 422 4150 bis
448 4073 569 4152 valde
596 4076 748 4177 placet.
787 4075 872 4154 Sed
901 4075 997 4178 quia
1025 4075 1306 4153 intelleximus
1335 4075 1448 4176 quod

356 4193 446 4296 ipse
475 4220 562 4308 non
588 4195 852 4276 contentatur
875 4199 927 4276 de
954 4201 1231 4278 instrumento
1259 4197 1360 4276 dieti
1384 4197 1449 4274 bn·
