3236 5108
334 453 404 522 858

336 655 568 736 ambariata
623 679 701 758 per
742 677 816 730 eos
870 653 1088 755 expositm
1122 637 1166 732 et
1191 655 1343 758 primos
1370 655 1424 738 ml

334 805 360 882 p
378 803 400 854 r
415 781 426 855 i
442 803 481 854 m
497 803 519 854 a
535 802 575 852 m
589 784 765 881 partem,
781 797 860 878 per
876 799 999 876 quam
1021 779 1112 881 ipse
1127 775 1320 854 dominus
1336 803 1424 865 rex,

334 897 573 976 comunicat
600 895 820 974 nobiscum
856 898 1164 998 prosperitates
1203 920 1296 974 suas
1327 905 1423 976 tam·
1490 977 1495 988 ,

334 1041 457 1118 quam
485 1041 581 1094 cum
611 1015 834 1098 carissimis
863 1014 1007 1094 amicis
1035 1017 1119 1094 suis
1135 1024 1177 1093 et
1192 1025 1272 1094 cet.
1300 1017 1422 1114 Quod

331 1165 411 1217 nos
454 1140 740 1240 regraciamur
775 1138 949 1214 mullum
994 1137 1202 1236 majestati
1242 1161 1342 1214 suae
1370 1139 1423 1214 de

332 1258 538 1338 amicabili
567 1265 610 1337 et
638 1261 821 1338 fraterna
849 1255 1185 1362 participatione,
1215 1282 1340 1359 qnam
1369 1257 1424 1336 la·

333 1380 391 1458 cit
416 1379 634 1458 nobiscum
663 1381 714 1456 de
743 1379 998 1458 exaltatione
1040 1402 1224 1456 coronae
1251 1401 1352 1457 suae
1380 1385 1423 1456 et

331 1505 463 1578 status
490 1503 566 1592 sui,
593 1503 647 1580 de
676 1524 760 1602 quo
789 1523 865 1576 nos
891 1498 1118 1602 recipimus
1150 1497 1348 1576 laetitiam
1378 1503 1423 1576 et

331 1623 662 1700 consolationem
690 1623 933 1716 inmensam,
963 1627 1142 1722 propter
1165 1621 1421 1720 singularem

330 1767 534 1846 amorem,
552 1767 677 1846 quem
706 1764 876 1845 semper
901 1740 1120 1818 habuimus
1150 1751 1191 1820 et
1218 1741 1422 1824 habemus

329 1862 380 1940 ad
408 1866 623 1942 excelsam
666 1862 838 1940 domum
866 1885 1005 1944 suam,
1035 1869 1078 1940 et
1119 1867 1273 1962 quanto
1301 1885 1419 1962 pros·

327 1982 482 2085 peritas
524 1992 566 2062 et
594 1983 868 2061 exaltationes
908 2005 1007 2060 suae
1036 1981 1181 2059 forent
1220 1983 1418 2078 majores.

328 2109 441 2179 tanto
469 2129 549 2184 nos
579 2127 767 2182 essemus
795 2101 924 2200 magis
953 2106 1156 2190 contentu
1186 2102 1419 2206 supplican-

328 2231 391 2300 tes
420 2223 635 2309 altissimo,
662 2232 707 2302 ut
734 2227 997 2321 majestatem
1020 2248 1136 2302 suam
1166 2243 1419 2302 conservare

328 2350 371 2422 et
385 2366 539 2443 augere
568 2341 774 2443 dignetur,
788 2345 1017 2420 secundum
1031 2343 1289 2424 desiderium
1311 2367 1421 2424 men·

329 2463 380 2544 tis
406 2489 517 2542 suae.

429 2583 494 2665 Ad
515 2586 661 2664 aliam
688 2591 863 2687 partem,
876 2610 955 2688 per
969 2609 1094 2687 quam
1108 2587 1199 2690 ips'e
1215 2585 1420 2687 significat

328 2702 463 2798 nobis,
479 2705 594 2808 quod
624 2707 801 2786 intentio
832 2713 874 2784 et
890 2706 1111 2811 dispositio
1141 2731 1215 2784 sua
1245 2709 1418 2798 estvel·

328 2827 367 2904 le
402 2827 627 2929 acquirere
670 2827 882 2905 civitatem
909 2826 935 2904 l
952 2827 1010 2908 ad
1027 2851 1125 2908 ren
1140 2853 1159 2904 s
1174 2852 1198 2904 e
1214 2851 1268 2918 m,
1308 2828 1418 2908 sicut

328 2944 521 3046 aquisivit
550 2947 649 3024 allas
678 2945 870 3025 civitates
897 2947 1148 3040 Dalmatiae,
1177 2963 1218 3028 et
1247 2955 1416 3052 propte·

326 3091 398 3144 rea
427 3091 506 3144 nos
535 3072 657 3167 rogat
674 3067 788 3168 quod
817 3068 1044 3146 debeamus
1071 3069 1149 3148 sibi
1177 3069 1277 3149 dare
1305 3067 1416 3154 auxi·

326 3189 425 3267 lium
455 3195 498 3266 et
513 3187 718 3274 favorem,
747 3189 798 3264 ad
813 3190 1067 3292 possendum
1096 3191 1272 3295 implere
1294 3190 1417 3267 islam

325 3333 439 3387 suam
481 3309 757 3388 intentionem
786 3319 827 3389 et
857 3315 937 3392 cet.
992 3311 1314 3416 Respondealur
1339 3312 1414 3406 eis,

326 3428 438 3532 quod
467 3430 576 3508 sicut
603 3433 796 3528 maJestas
824 3456 900 3510 sua
926 3434 1053 3534 plene
1093 3433 1220 3521 novit,
1247 3456 1326 3510 nos
1353 3457 1417 3510 su·

324 3574 415 3627 mus
444 3550 485 3627 in
514 3549 623 3627 bona
651 3575 758 3653 pace
784 3563 826 3630 et
853 3550 1135 3632 benivolentia
1163 3579 1258 3632 cum
1285 3551 1415 3634 domi·

323 3695 379 3748 no
409 3694 548 3771 rege
578 3679 633 3748 et
661 3695 886 3749 corona
915 3671 1269 3774 Hungariae,
1305 3680 1347 3751 et
1373 3670 1413 3748 in

324 3789 437 3872 bono
475 3814 619 3872 aruore
663 3817 758 3870 cum
798 3791 1153 3878 ladratirris‚
1194 3817 1316 3894 qnam
1357 3795 1415 3872 in·

241 3897 244 3904 ’
321 3907 510 4010 fringere
550 3935 634 3992 nou
690 3911 920 4002 vellemus,
974 3941 1055 3994 nec
1086 3937 1308 4016 possemus
1335 3911 1414 3994 nisi

323 4052 416 4106 cnm
445 4054 596 4131 magno
626 4057 758 4110 onere
782 4041 953 4114 nostrae
983 4035 1414 4114 comunitatisetnos·
1522 4081 1527 4098 ·

322 4151 376 4228 tri
403 4151 587 4243 dominii,
631 4155 746 4254 quod
775 4181 859 4234 non
888 4153 1125 4233 dubitamus
1165 4155 1255 4259 ipse
1283 4155 1412 4234 domi·

321 4295 398 4350 nus
426 4295 505 4352 rex
531 4272 645 4354 nullo
675 4275 803 4356 modo
839 4277 982 4366 vellet
1011 4285 1053 4361 at
1079 4284 1310 4380 propterea
1337 4301 1404 4358 ro·
