3236 5108
298 351 381 420 'm

309 559 524 652 chium,
566 561 736 640 mittatis
765 561 900 664 ipsum
938 561 1077 662 bajulo
1106 573 1149 643 et
1175 561 1399 670 capitaneo
1466 651 1467 654 ,

308 687 453 758 nostro
483 682 635 784 Corp
652 681 677 758 h
695 709 774 784 oy,
815 686 881 761 eui
910 685 1103 764 scribatis
1137 711 1214 790 per
1241 688 1400 767 litteras

311 807 491 901 vestras,
522 807 739 906 quomodo
771 803 936 884 habetis
966 809 1051 887 huc
1080 808 1118 884 iu
1148 809 1400 908 mandatisa

310 923 441 1010 nobis,
472 934 513 1001 et
541 927 652 1025 quod
682 925 816 1028 ipsum
845 928 1063 1006 debentia
1094 932 1208 1010 bono
1239 939 1398 1012 eltuto

311 1069 486 1124 carcere
506 1053 548 1123 et
566 1048 642 1123 sub
672 1045 750 1124 lida
769 1048 957 1126 custodia
987 1051 1128 1129 lacere
1146 1056 1401 1144 conservari,

162 1199 167 1209 «
310 1166 447 1243 donec
490 1164 805 1267 providebimus
845 1169 896 1244 de
939 1171 1131 1248 iaciendo
1173 1172 1306 1272 ipsum
1349 1175 1398 1250 ad

310 1307 388 1361 nos
417 1287 615 1364 conduci.

496 1421 639 1489 Secret.
664 1423 774 1492 cons.
801 1427 932 1516 Rogat.
955 1423 1033 1491 Lib.
1060 1426 1121 1491 lll.
1144 1427 1182 1491 Ε.
1207 1431 1261 1494 ch.
1286 1428 1347 1494 115

313 1627 560 1728 UXGVl.
592 1629 702 1726 139⁵.
745 1648 935 1730 indict.
963 1646 1030 1727 tv.
1059 1655 1120 1726 cl.
1148 1647 1400 1726 tannarii.

308 1872 518 1934 cernerem:
547 1893 753 1954 oproropurn
777 1895 1012 1948 uoctaurrunua
1038 1893 1129 1935 recu.
1153 1879 1398 1954 heptacpanu-

308 1997 402 2054 napa,
428 1999 466 2052 pa
491 1999 529 2038 ca
553 1983 637 2040 erait
662 2001 803 2041 nonauuo
828 1999 1068 2058 upcmnremo
1092 2000 1212 2042 usacrur
1237 2001 1255 2038 o
1280 2001 1398 2058 naunuy

310 2103 328 2141 n
352 2087 543 2160 ycuoainua,
569 2105 657 2160 uota.
683 2105 784 2148 nouus
808 2092 847 2148 lte
871 2105 1041 2164 ycryuurrr
1074 2089 1291 2146 uacuum
1326 2077 1410 2147 Cra-⁸

316 2173 322 2186 ⁸
515 2209 612 2270 papa,
636 2193 774 2262 &nunna
799 2214 816 2250 n
841 2210 925 2267 ιω]
950 2211 1042 2250 cnoro
1065 2211 1187 2251 aeuum.

411 2359 530 2460 Quod
560 2361 873 2464 respondeatur
914 2363 1003 2440 istis
1032 2357 1400 2438 ambassiatoribus

309 2479 530 2558 domini
578 2482 825 2582 Georgii
877 2479 1232 2566 Stratimiri,·
1258 2480 1308 2557 ad
1350 2503 1399 2556 ea

310 2621 416 2700 quae
445 2601 568 2680 nobis
595 2585 912 2706 proposuerunt
926 2611 969 2682 el
992 2601 1199 2680 dederuut
1215 2601 1256 2677 in
1270 2599 1398 2702 scrip·

208 2761 212 2770 ·
309 2723 361 2800 tis
389 2719 440 2799 de
472 2724 683 2802 voluntate
725 2723 882 2802 domini
909 2723 992 2816 sui,
1032 2724 1085 2801 de
1113 2723 1249 2799 dando
1279 2719 1400 2798 uobis

304 2841 617 2922 'civitatem
661 2843 903 2924 Scutar'i
931 2854 974 2922 et
1014 2844 1202 2920 locum
1230 2841 1400 2918 liriva-

307 2963 388 3053 sti;
417 2963 531 3064 quod
559 2990 638 3041 nos
667 2965 789 3068 piene
816 2963 1101 3043 intelleximus
1119 2987 1167 3040 ea
1185 2985 1291 3063 quae
1321 2961 1400 3064 ipsi

309 3091 601 3186 exposuerunt
641 3083 787 3170 nobis,
828 3094 871 3162 et
897 3082 1093 3160 similiter
1126 3082 1332 3162 dederunt
1360 3082 1400 3156 in

266 3301 268 3307 s
307 3203 490 3305 scriptis,
519 3211 563 3280 et
589 3227 638 3280 ea
665 3207 715 3280 ad
745 3228 852 3305 quae
882 3203 1062 3281 finaliter
1089 3202 1170 3304 ipsi
1198 3201 1398 3279 dixerunt

165 3341 175 3371 ‘
308 3343 437 3423 posse
480 3323 829 3402 condescendere
857 3347 936 3426 pru
978 3331 1099 3424 parte
1138 3318 1296 3398 domini
1322 3319 1398 3397 sui.

306 3441 361 3520 lit
387 3443 483 3546 quia
510 3445 695 3522 sicuteis
723 3445 916 3537 diximus,
931 3453 1029 3544 post
1043 3469 1164 3522 suum
1183 3463 1400 3522 recessum

308 3563 462 3642 adicio
479 3588 629 3641 eorum
657 3565 845 3658 domiuo,
860 3565 1105 3670 capitaneus
1132 3567 1279 3642 noster
1306 3536 1400 3639 Cut-

308 3683 393 3787 phy
447 3683 523 3762 luit
574 3685 856 3788 personaliter
896 3711 991 3763 cum
1033 3713 1111 3776 eo,
1153 3695 1196 3761 et
1223 3681 1274 3758 ab
1302 3683 1398 3785 ipso

308 3806 452 3884 habuit
492 3807 622 3905 magis
664 3807 816 3905 largam
856 3805 1204 3909 promissionem,
1232 3813 1273 3881 ct
1300 3803 1400 3878 mul·

310 3935 393 4003 tum
423 3927 517 4026 plus
546 3936 641 4005 ante
670 3951 792 4028 quam
822 3929 902 4030 ipsi
930 3927 1053 4005 uobis
1077 3925 1286 4012 dixerunt,
1314 3945 1402 4000 cre·
1532 4013 1534 4020 Ι

309 4045 445 4125 dimus
473 4073 567 4125 ease
596 4047 768 4162 bonum,
797 4047 962 4151 quodni
979 4045 1087 4124 aliud
1115 4069 1201 4122 nou
1230 4045 1401 4130 habent,
1442 4055 1447 4063 '

201 4201 209 4222 =·
308 4193 390 4246 uec
418 4167 468 4246 ad
496 4169 572 4246 alia
596 4179 775 4271 possunt
803 4167 1171 4266 condescendere,
1199 4162 1400 4268 quemad

311 4316 362 4370 ea
391 4312 498 4396 quae
527 4291 724 4374 dixerunt
751 4291 886 4380 uobis,
911 4289 991 4393 ipsi
1020 4289 1087 4367 rel
1118 4311 1222 4368 unus
1252 4307 1400 4366 corum
