3226 5112
365 563 511 650 tenuit,
526 585 576 641 aa
589 568 707 659 tenet
722 563 1015 666 possessiones
1028 560 1201 650 laniste,
1222 585 1456 666 earumque

368 683 558 764 redditus
586 681 734 785 exigit,
768 691 810 763 et
837 685 954 764 annis
983 683 1168 786 quinque
1197 684 1457 766 oontinuisa

371 805 527 884 Desmo
556 811 599 884 et
625 805 816 884 Goiacho
834 829 1067 909 eorumque
1086 802 1194 895 liliis,
1221 803 1462 906 nepotibus,

368 928 411 1002 ot
427 924 605 1014 familiis,
633 925 686 1004 de
715 925 866 1027 quibus
893 933 989 1004 sunt
1016 924 1168 1006 domus
1196 925 1354 1026 viginti,
1377 949 1461 1007 om·

369 1069 443 1124 nes
472 1045 670 1126 utilitates
697 1046 953 1126 et-redditus
969 1045 1094 1126 etiam
1110 1045 1265 1148 exegit,
1291 1045 1463 1149 petebat

268 1164 271 1177 ’
368 1165 682 1268 suprascriptus
724 1166 918 1245 dominus
965 1172 1113 1246 orator
1163 1165 1335 1248 nomine
1376 1189 1461 1267 quo

368 1307 508 1388 supra,
535 1285 693 1364 debore
734 1285 831 1384 cogi
877 1309 955 1388 per
995 1287 1204 1364 illustrem
1246 1284 1460 1366 dominum

369 1404 590 1510 despotum
605 1404 841 1508 predictum
862 1403 887 1480 J
903 1431 930 1484 u
945 1430 1004 1485 ra
1020 1430 1040 1482 s
1055 1431 1079 1484 e
1095 1431 1119 1484 u
1137 1405 1150 1482 i
1166 1432 1190 1484 o
1204 1405 1244 1492 b,
1272 1404 1323 1480 ad
1342 1403 1460 1485 rosti-

368 1527 568 1603 tuendnm
597 1525 763 1630 pretato
794 1525 979 1604 dominio
1007 1525 1282 1606 venetiarum
1311 1545 1457 1604 omnes

367 1644 581 1748 predictas
608 1647 919 1749 possessiones,
948 1645 1137 1726 redditus
1174 1652 1219 1722 et
1256 1645 1459 1724 utilitates

368 1765 420 1842 de
448 1763 530 1840 illis
557 1773 740 1882 errantes,
769 1773 811 1844 et
839 1767 977 1844 dictus
1001 1791 1032 1844 s.
1048 1765 1458 1870 dominusdespotus

369 1888 665 1988 responderet,
693 1887 803 1964 velle
831 1885 1282 1989 dietaspossessiones
1314 1883 1460 1962 faeere

367 2005 557 2094 restitui,
586 2011 873 2084 convenerunt
898 2005 1088 2108 predicte
1117 2012 1273 2109 partes,
1302 2012 1458 2105 etpro-

367 2124 480 2204 misit
506 2127 642 2204 dietus
671 2125 865 2204 dominus
894 2135 1066 2212 orator,
1107 2150 1157 2202 ac
1184 2123 1334 2202 intuitu
1361 2146 1457 2226 pre·

367 2243 441 2324 lati
467 2272 499 2323 s.
527 2247 686 2326 domini
714 2247 882 2350 despoti
909 2245 1080 2326 nomine
1121 2271 1206 2349 quo
1248 2269 1378 2350 supra
1414 2267 1459 2324 so

367 2366 578 2468 obligavit,
606 2369 658 2446 de
686 2392 772 2446 non
787 2367 969 2472 petendo
986 2365 1140 2469 aliquid
1155 2366 1334 2468 amplius
1349 2365 1459 2446 diota

368 2510 515 2582 eausa,
555 2489 589 2566 si
624 2490 732 2570 etin
762 2495 960 2592 quantum
989 2489 1174 2593 prelatus
1201 2513 1235 2568 s.
1263 2487 1456 2570 dominus

367 2607 572 2712 despotus
611 2609 737 2688 faeiat
777 2611 998 2712 designare
1038 2613 1081 2688 et
1115 2608 1343 2688 restituere
1382 2631 1458 2714 per

366 2729 674 2834 nuntiossuos,
703 2756 814 2833 quos
855 2732 906 2810 ad
942 2737 1085 2836 partes
1123 2729 1310 2840 Zente
1351 2728 1457 2808 misi·

365 2875 472 2936 mus,
498 2859 666 2931 etuuno
694 2856 923 2932 estomnes
938 2850 1152 2955 predictas
1165 2849 1460 2954 possessiones

364 2969 532 3058 laniste,
547 2997 598 3050 ae
609 2970 823 3050 Desimum
840 2981 882 3052 et
897 2971 1133 3055 uoiachum
1153 2994 1247 3050 cum
1264 2967 1456 3049 omnibus

365 3090 450 3168 suis
476 3089 590 3177 filiis,
630 3093 877 3193 nepotibus,
907 3103 950 3172 et
976 3091 1163 3180 familiis,
1205 3088 1458 3174 bominibus,
1516 3105 1520 3112 '

366 3218 410 3288 et
437 3210 675 3290 dominibus
703 3211 873 3290 domino
897 3209 1043 3290 comiti
1057 3209 1210 3302 Catari,
1223 3209 1290 3288 vel
1305 3208 1458 3290 nuncio

365 3335 436 3409 aut
461 3332 615 3410 nuntiis
640 3333 736 3410 suis.
794 3331 883 3412 lte
900 3357 939 3408 m
968 3355 1064 3411 cum
1090 3356 1169 3433 per
1198 3329 1460 3434 suprascrip·

364 3458 450 3531 tum
464 3437 739 3556 spectabilem
754 3450 965 3560 dominum
979 3451 1198 3532 Nicolaum
1229 3459 1461 3538 oratorem,

364 3581 446 3650 eto.
471 3572 639 3651 nomine
667 3598 752 3675 quo
781 3597 908 3676 supra
936 3572 1227 3675 requireretur
1260 3570 1461 3658 ordinari,

363 3697 406 3770 et
432 3692 602 3795 preeipi
628 3717 708 3796 por
749 3717 784 3771 s.
812 3693 1029 3774 dominum
1056 3695 1304 3798 despotum,
1345 3690 1461 3796 quod

366 3837 513 3893 omnes
554 3814 625 3891 ille
654 3814 814 3902 domus,
856 3841 938 3917 que
967 3812 1157 3912 edificate
1184 3813 1460 3920 reperiuntur

365 3958 490 4038 supra
506 3940 663 4022 monte,
677 3936 748 4012 ubi
763 3943 853 4016 erat
867 3935 1105 4016 edificatum
1122 3942 1309 4016 castrum
1336 3933 1460 4012 Zor-

366 4080 553 4148 zeuoz,
606 4053 876 4136 destruantur
916 4067 959 4138 et
999 4055 1181 4138 funditus
1222 4056 1457 4146 ruinontur,

364 4177 420 4258 ita
459 4185 503 4258 et
529 4175 680 4268 taliter,
715 4181 830 4282 quod
856 4179 957 4264 nibil
986 4180 1162 4285 amplius
1190 4175 1461 4264 habitationis
