3230 5104
346 563 397 616 ac
428 559 512 614 non
542 539 669 614 modo
699 537 893 617 laudibus
919 563 1066 616 verum
1084 547 1127 618 et
1153 541 1289 642 dignis
1320 545 1455 623 urolt·

343 659 568 744 decorare,
584 665 741 758 quanto
754 657 922 738 ducatui
936 667 1082 738 nostro
1100 662 1365 752 devotiores,
1380 691 1458 742 no·

347 780 521 876 streque
552 775 783 880 reipublice
801 781 1035 858 commodis
1062 784 1350 885 promptiores
1367 784 1460 862 tide

346 903 389 971 et
430 891 630 998 operibus
656 923 702 975 se
732 900 972 980 ostendunt.
1003 901 1281 984 Attendentes
1309 906 1457 1005 itaque

345 1013 529 1114 ingentis
545 1013 647 1096 lidei
664 1025 706 1095 et
721 1019 960 1100 devotionis
973 1020 1259 1122 integritatem
1278 1054 1327 1104 ae
1345 1011 1461 1128 opti-

352 1153 460 1214 mam
489 1134 820 1238 dispositionem,
848 1168 971 1246 quam
1014 1153 1164 1245 spect
1184 1145 1344 1222 abilis
1375 1171 1463 1224 co-

350 1277 466 1332 ntes
501 1262 556 1332 et
591 1257 762 1336 miles
801 1261 1462 1344 dominusl’ribissaus

349 1373 1462 1486 Vocoticlr,quinuperapudnosiuit

351 1501 566 1572 orator
601 1497 1124 1583 illustrisdomini
1166 1507 1317 1584 ducis
1347 1507 1463 1586 Ste-

352 1611 373 1688 t
381 1636 403 1689 a
419 1639 444 1690 n
461 1614 487 1704 i,
516 1613 659 1694 fratris
687 1621 820 1698 nostri
850 1625 1072 1716 carissimi,
1089 1627 1138 1702 ad
1155 1651 1231 1704 nos
1251 1632 1465 1704 nostrum·
1573 1707 1576 1712 .

355 1757 438 1834 que
466 1730 662 1814 ducatum
695 1749 736 1818 et
763 1743 814 1821 ad
831 1743 1091 1845 reipublicae
1120 1753 1300 1836 nostrae,
1328 1749 1464 1824 omni.

220 1943 227 1954 ,
352 1875 507 1954 umque
549 1856 702 1942 civium
745 1873 989 1941 nostrorum
1030 1867 1274 1954 commoda,
1316 1867 1464 1942 multis

353 1971 489 2051 modis
518 1974 569 2051 ab
600 1964 690 2066 ipsa
728 1988 870 2042 rerum
914 1969 1181 2070 experientia
1210 1969 1367 2048 dudum
1396 1967 1466 2046 ha·

353 2091 495 2168 buisse
511 2101 553 2170 et
569 2089 727 2166 habere
754 2088 1046 2186 cognovimus.
1073 2089 1278 2166 Volentes
1307 2089 1347 2165 in
1367 2113 1464 2166 eum

353 2211 522 2312 aliquod
552 2206 815 2309 gratitudinis
843 2207 1005 2306 signnm
1038 2209 1282 2294 ostendere,
1312 2217 1464 2286 notum

357 2331 533 2434 iacimus
575 2343 723 2408 tenore
767 2329 1021 2429 presentium
1065 2329 1298 2424 universis,
1343 2329 1459 2431 quod

355 2449 707 2553 suplicationibus
725 2448 848 2525 nobis
877 2473 951 2527 sua
979 2457 1099 2551 parte.
1129 2448 1342 2553 porrectis
1372 2471 1465 2547 gra·

355 2569 500 2649 tiosius
530 2575 776 2656 annuentes,
805 2568 1080 2646 consiliorum
1119 2573 1159 2644 et
1199 2567 1466 2644 ordinamen-

356 2699 498 2770 torum
528 2698 791 2780 nostrorum,
819 2688 1060 2768 neccssaria
1088 2687 1360 2768 solemnitate
1382 2712 1467 2766 ser·

356 2818 461 2898 vata,
491 2809 701 2914 prelatum
743 2804 955 2886 dominum
984 2806 1269 2900 Pribissaum‚
1299 2831 1395 2885 cum
1426 2806 1468 2886 ir·

357 2931 420 3010 ttts
450 2939 492 3008 et
527 2917 754 3008 heredibus
783 2927 893 3015 stris,
936 2931 1070 3006 civem
1099 2933 1292 3006 nostrum
1329 2929 1470 3005 Vene-

359 3063 447 3130 tum
475 3053 528 3129 de
569 3049 680 3128 intus
721 3055 879 3128 tantum
911 3049 1088 3127 fecimus
1116 3060 1157 3128 et
1188 3047 1389 3136 tacimus,
1412 3047 1469 3126 'ac

359 3173 399 3248 in
429 3193 606 3246 numero
637 3171 818 3248 aliorum
848 3169 998 3246 civium
1023 3175 1268 3247 nostrorum
1298 3170 1469 3247 deintus

361 3299 539 3384 tantum,
561 3289 888 3391 assumpsimus,
931 3313 980 3364 ac
1011 3297 1159 3365 tenore
1201 3291 1469 3392 presentium

360 3431 662 3510 aggregamus,
690 3410 825 3511 ipsum
841 3411 1006 3486 sincere
1024 3407 1335 3488 benivolentiae
1353 3463 1470 3487 .....

363 3528 556 3608 omnibus
583 3527 845 3606 libertatibus
888 3527 1138 3612 beneficiis,
1181 3529 1471 3632 prerogativis

363 3657 406 3727 et
432 3649 777 3733 immunitatibus,
806 3649 958 3752 quibus
988 3651 1060 3728 alii
1098 3649 1250 3730 Veneti
1281 3656 1323 3728 et
1354 3647 1471 3726 cirea

363 3769 499 3848 nostri
528 3770 581 3846 de
610 3769 721 3848 intus
752 3777 908 3848 tantum
939 3769 1122 3870 gaudent
1151 3779 1191 3848 et
1220 3769 1385 3873 pertrui
1416 3768 1470 3845 di·

366 3897 651 3990 gnoscuntnr,
681 3890 789 3968 idem
824 3890 1062 3972 Pribissaus
1099 3891 1176 3968 tilii
1204 3897 1248 3970 et
1282 3887 1470 3967 heredes

362 4012 425 4087 sui
454 4016 666 4115 perpetuo
695 4011 904 4114 gaudeant
921 4021 961 4091 et
990 4021 1171 4104 utantur,
1203 4037 1300 4091 cum
1332 4009 1474 4092 condi-

351 4132 484 4224 tione
513 4133 625 4234 quod
655 4135 694 4211 in
726 4133 887 4214 tontioo
917 4131 1266 4216 theutonicorum
1281 4159 1360 4229 seu
1376 4155 1473 4211 cum
1593 4197 1594 4200 ,
