3154 5102
330 554 431 636 iiiuc
461 579 555 635 cum
583 575 734 654 magna
762 549 990 657 quantitate
1018 541 1222 660 pecuniae
1253 541 1428 637 intendi.

331 685 422 754 mus
451 679 777 755 transmandare.
831 675 955 754 Vnde
992 693 1089 754 cum
1116 695 1201 756 non
1244 677 1427 756 contida·

331 821 423 876 mus
452 796 589 876 dictos
624 803 800 874 nostros
842 795 1009 872 nobiles
1041 805 1083 874 et
1110 798 1262 876 dictum
1302 808 1429 900 pec‘u·

331 921 442 996 niam
461 919 502 996 in
530 919 722 997 manibus
752 938 916 1019 ponere
944 917 1427 1008 oliorumsolumm'odo

331 1038 372 1116 in
388 1039 554 1131 vestris,
583 1039 900 1141 proximitatem
927 1047 1123 1131 vestram,
1151 1041 1205 1116 de
1233 1061 1315 1142 qua
1342 1038 1429 1141 pie·

181 1181 183 1184 ·
332 1179 386 1236 ne
415 1159 669 1236 confidimus
699 1167 742 1235 et
769 1178 1003 1261 speramus,
1031 1157 1286 1261 requirimus
1304 1167 1429 1236 etro·

333 1275 492 1380 gamus,
523 1289 730 1381 quatenus
760 1280 883 1356 nobis
929 1279 1178 1360 concedatis
1206 1281 1291 1358 duo
1335 1303 1429 1358 cor·

331 1421 440 1506 pora
467 1403 698 1500 galearum,
727 1419 863 1502 usque
891 1401 932 1478 in
971 1399 1245 1504 Cyprum,
1273 1402 1314 1476 in
1343 1400 1430 1501 qui·

332 1525 411 1602 bus
439 1521 543 1602 dicti
570 1523 739 1601 nobiles
758 1522 983 1624 perficiant
1010 1531 1110 1602 vota
1137 1531 1297 1615 nostra,
1326 1517 1429 1622 qiras

291 1626 294 1634 s
333 1647 383 1722 ad
412 1653 580 1724 nostras
610 1665 820 1744 expensas
850 1643 1052 1722 faciemus
1094 1645 1258 1736 armari,
1286 1651 1331 1722 ut
1359 1665 1430 1718 ex·

311 1766 508 1869 ‘podiens
538 1763 680 1842 fuerit.
707 1763 760 1842 Et
789 1764 954 1865 quiade
982 1789 1127 1842 mense
1156 1766 1429 1864 augustives·

199 1951 204 1962 .
331 1887 387 1962 tri
418 1892 662 1962 'armaturas
704 1893 802 1961 stant
843 1887 968 1964 etiam
1010 1887 1109 1963 ituri
1148 1902 1243 1965 cum
1285 1885 1431 1984 galeis.

331 2006 499 2109 placeat
526 2005 649 2084 vobis
666 2007 716 2082 ad
733 2006 831 2096 hoc,
856 2015 902 2082 ut
928 2006 1159 2108 perficiant
1186 2005 1267 2085 iter
1294 2011 1432 2093 sarim,

334 2129 450 2229 quod
479 2129 629 2206 vadant
656 2129 698 2206 in
728 2129 995 2208 consortium
1024 2130 1274 2220 earundem,
1301 2129 1431 2228 ipsas·

335 2274 419 2352 que
472 2249 610 2328 velitis
680 2250 936 2329 comendare
1005 2249 1226 2352 capitaneo
1296 2248 1430 2348 galea·

335 2393 428 2448 rum
482 2371 696 2472 ipsarum,
739 2377 785 2448 ut
826 2373 960 2449 dictas
1014 2371 1157 2470 galeas
1214 2395 1351 2474 usque
1380 2393 1439 2470 us!

335 2513 419 2594 que
445 2489 486 2568 in
518 2489 704 2594 Cyprum
747 2493 1009 2593 aliquatenus
1051 2517 1137 2572 non
1172 2496 1432 2593 sequestret,

334 2613 414 2689 sed
442 2610 494 2688 de
523 2611 583 2687 eis
614 2635 759 2692 curam
788 2611 943 2689 habeat
970 2611 1213 2714 specialem.

440 2747 563 2848 (Nota
591 2747 707 2850 quod
742 2751 973 2850 responsio
1003 2751 1113 2828 iacta
1139 2773 1219 2852 per
1258 2748 1435 2828 domini·

336 2897 406 2950 um
426 2875 478 2949 ud
506 2871 661 2950 dictam
702 2873 965 2950 ambaxatam
1003 2871 1136 2948 estin
1165 2872 1276 2948 libro
1320 2869 1434 2948 deci

336 3016 527 3071 morrono
556 2989 833 3097 Rogatorum‚
863 2998 990 3069 carta.
1018 2991 1099 3091 17.)

983 3125 1125 3191 Comm.
1148 3125 1209 3190 ΙΙΙ.
1234 3123 1291 3189 ch.
1316 3123 1391 3208 1⁷8,

580 3269 780 3382 XXVI·
819 3303 932 3378 1340.
958 3305 983 3376 8
1009 3297 1037 3373 J
1051 3297 1186 3375 unii.

340 3459 525 3535 Oaronopn
560 3473 728 3518 unornane
771 3473 871 3530 nasae
905 3475 944 3514 na
981 3473 1207 3531 upapaoaesa
1242 3468 1436 3515 nocaanara

722 3579 827 3638 apaan
856 3561 1049 3637 Cpoororn.

443 3677 586 3784 Capta:
608 3679 854 3758 Examinata
881 3680 1123 3758 ambassada
1152 3676 1338 3756 domini
1365 3701 1439 3758 re-

343 3801 431 3900 gis
467 3799 716 3878 Serviae
754 3810 796 3879 et
834 3802 1040 3878 contentis
1067 3800 1106 3875 in
1135 3821 1197 3883 ea,
1226 3807 1269 3877 et
1296 3797 1441 3911 hspite

342 3919 570 3998 collatione
586 3947 681 3998 cum
698 3921 1054 4000 ambassatoribus
1068 3919 1169 3997 dicti
1196 3918 1322 4018 regis,
1339 3938 1439 3997 con-

340 4044 530 4122 sulerunt
558 4043 833 4122 concorditer
860 4044 1081 4145 sapientes,
1110 4043 1225 4143 quod
1240 4041 1291 4120 ad
1306 4043 1441 4144 ipsam

341 4163 651 4268 respondeatur
699 4187 777 4267 per
816 4165 989 4243 modum
1037 4163 1332 4266 subscriptum.
1386 4159 1442 4241 Et
