3228 5108
1194 398 1260 469 m

164 611 283 714 pacis
324 609 658 712 suprascriptae,
709 628 803 684 nam
844 631 1012 710 semper
1052 609 1261 714 appetitus

166 755 268 807 suus
298 731 436 810 extitit
476 739 520 808 et
548 739 624 816 est,
653 729 704 804 ad
732 730 970 808 babendum
998 732 1259 827 Antivarum,
1363 817 1367 828 ⁸

168 853 300 930 etsie
335 875 416 954 per
443 851 549 930 aiios
577 874 678 928 suos
719 847 1029 928 ambaxiatores
1059 857 1101 928 et
1128 850 1260 928 amba·-

166 972 356 1050 xiatores
383 968 543 1050 domiui
570 971 847 1072 despotae
876 977 919 1049 et
946 971 1142 1049 dominae
1169 969 1262 1049 Ma·
1320 1071 1323 1082 Β

169 1115 282 1178 rae,
310 1101 353 1170 et
380 1115 491 1170 nunc
517 1113 596 1194 per
636 1093 741 1168 istos
783 1115 883 1169 suos
922 1091 1099 1196 petitum
1130 1101 1172 1171 et
1198 1110 1260 1169 re·

169 1213 368 1314 quisitum
396 1210 724 1292 escambium
752 1211 1015 1310 allegabitur,
1043 1213 1155 1314 quod
1184 1235 1263 1316 per

168 1342 339 1411 nostros
366 1336 612 1436 provisores
640 1331 717 1409 fuit
736 1331 817 1408 sibi
842 1333 1093 1435 promissum
1123 1341 1261 1412 orete-

169 1478 245 1530 nus
275 1456 411 1533 dictus
440 1453 582 1531 iocus,
611 1453 704 1554 ipso
733 1453 929 1530 veniente
957 1453 1181 1541 Venetias,
1211 1455 1283 1531 ad,

170 1576 396 1678 petendum
423 1575 541 1652 iitum
569 1576 623 1653 de
651 1576 782 1673 gratio
811 1599 834 1652 a
863 1583 1012 1653 nostro
1056 1575 1260 1664 dominio;

170 1697 363 1776 idcircbo
400 1695 451 1776 ad
480 1695 566 1775 hoc
593 1697 752 1798 poteris
780 1696 819 1773 ei
846 1697 1121 1798 respondere,
1151 1694 1262 1798 qnod

171 1820 285 1895 omni
313 1818 407 1897 vice
437 1843 517 1918 qua
544 1817 685 1896 veniet
713 1815 762 1893 ad
779 1825 965 1915 nostram
993 1819 1263 1920 presentiam,

169 1939 219 2018 ad
249 1941 480 2042 petendum
511 1935 563 2017 de
592 1937 724 2036 gratia
752 1939 893 2016 iocum
919 1939 1186 2039 predictum,
1213 1937 1264 2014 si·

171 2069 242 2142 cut
269 2061 484 2164 promisit,
525 2061 581 2139 ob
609 2059 804 2138 intuitum
833 2058 992 2137 domini
1020 2061 1045 2138 d
1062 2083 1086 2137 e
1102 2083 1162 2162 sp
1179 2087 1205 2137 o
1222 2057 1264 2138 tt

169 2197 212 2261 et
240 2181 379 2262 bonae
407 2181 639 2259 memoriae
667 2179 877 2282 quondam
910 2179 1067 2259 domini
1095 2181 1213 2258 Geo
1230 2173 1265 2256 r-

169 2301 575 2404 giipatrissui
604 2299 1186 2387 etdominaebiarae,
1215 2323 1264 2378 ac

167 2422 381 2503 voivodae
409 2423 508 2501 Bas
522 2421 650 2523 ayti,‘
669 2445 776 2524 quus
794 2419 997 2499 babemus
1015 2427 1058 2499 et
1071 2426 1265 2502 tenemus

168 2542 207 2618 in
225 2543 701 2644 carosamicos,etpro
732 2541 831 2644 ipsis
860 2541 1099 2621 faceremus
1128 2541 1266 2620 omnin

29 2713 30 2716 κ
166 2660 388 2766 possibilia
404 2669 448 2741 et
461 2665 653 2759 honesta,
669 2687 749 2740 nos
766 2663 967 2740 faciemus
987 2663 1069 2742 sibi
1086 2687 1212 2742 omne
1226 2657 1267 2742 id

169 2781 286 2884 quod
314 2781 569 2885 promissum
601 2783 680 2860 fuit
691 2781 770 2862 sibi
784 2805 866 2886 per
881 2787 1053 2862 nostros
1077 2779 1267 2886 proviso·

168 2927 254 2991 res,
269 2903 410 2981 taliter
426 2905 538 3005 quod
555 2904 707 2981 merito
724 2903 896 2982 babebit
910 2905 1160 2990 contentari,
1178 2927 1266 3007 spc-

169 3031 313 3104 rantes
342 3025 454 3125 quod
470 3025 718 3128 perdicium
747 3048 867 3101 suum
882 3023 1118 3108 adventum,
1134 3031 1176 3102 et
1189 3045 1267 3125 per
1346 3031 1352 3038 '

170 3143 474 3246 experientium
504 3171 628 3247 quam
656 3144 824 3234 videbit,
844 3169 898 3222 ex
913 3151 1061 3221 nostro
1078 3141 1263 3220 duminio

171 3253 281 3362 'erga
308 3263 569 3363 magnificam
597 3285 820 3366 personam
849 3287 979 3352 suam,
1001 3261 1159 3340 animus
1176 3261 1266 3340 eius

178 3385 347 3464 unietur
375 3391 419 3462 et
436 3384 771 3463 conformabitur
784 3383 826 3461 in
841 3385 915 3460 tali
930 3393 972 3461 et
985 3391 1102 3462 tanto
1118 3405 1265 3460 amore

177 3515 219 3585 et
234 3509 401 3586 sincera
430 3513 473 3584 et
487 3505 596 3584 bona
617 3507 845 3598 voluntate,
862 3531 956 3583 cum
972 3505 1159 3583 dominio
1176 3527 1266 3582 nos·
1285 3599 1289 3606 ¹

179 3636 260 3722 tro,
274 3633 487 3731 perpetuo
517 3630 727 3718 duratura,
755 3627 868 3729 qarod
891 3649 1100 3727 nunquam
1116 3625 1267 3729 aliquis

177 3759 397 3852 suspectus
424 3775 505 3828 nec
532 3772 703 3842 rancor,
729 3749 771 3827 in
790 3757 940 3828 'mente
971 3749 1146 3848 alicuius
1176 3768 1268 3850 par-

179 3871 280 3948 tium
319 3889 413 3948 csse
449 3871 607 3971 poterit
645 3893 726 3947 ncc
753 3867 928 3955 nutriri,
968 3867 1052 3946 imo
1092 3871 1269 3970 propter

179 4015 251 4069 sua
280 3989 390 4068 bona
417 4014 546 4092 opera
574 3999 618 4070 et
642 3991 1023 4094 perseverantiam,
1062 4011 1185 4091 quam
1213 3985 1267 4066 ia·

180 4112 263 4190 ciet
290 4110 330 4187 in
346 4108 462 4188 fliiaii
489 4113 716 4190 devotione
744 4119 786 4190 et
814 4109 1158 4189 confraternitate
1185 4131 1269 4187 mu·

181 4233 240 4310 tui
269 4232 447 4320 amoris,
486 4254 565 4311 nos
591 4251 760 4335 semper
787 4230 1034 4310 habebimus
1062 4229 1195 4334 ipsum
1227 4229 1267 4305 in

181 4348 338 4430 bonum
365 4355 408 4427 et
432 4373 583 4430 verum
608 4349 740 4430 fitium
768 4355 811 4430 et
838 4351 1039 4432 dilectum
1078 4345 1269 4431 nobilem
