3212 5116
1173 369 1244 446 m

144 611 251 668 nere
282 587 477 676 modum,
522 587 679 690 absque
708 587 797 664 allis
826 586 1015 679 induciis,
1042 591 1156 690 quod
1185 590 1241 694 ip-

144 733 192 786 se
219 711 374 789 babeat
400 713 442 788 in
459 709 655 788 omnibus
683 707 836 784 merito
852 709 1098 798 contentaria
1127 701 1241 812 qood

145 831 180 908 si
221 831 295 909 liet
321 832 546 936 plurimum
585 829 707 908 nobis
735 828 918 932 placebit
944 833 987 906 et
1015 829 1095 907 erit
1134 847 1241 928 mag·

145 975 224 1028 uns
252 951 395 1034 bonor
422 952 650 1053 majestatis
678 959 853 1029 vestrae.
888 949 941 1029 m
967 950 1006 1026 in
1035 972 1133 1029 casu
1155 971 1243 1054 qno

145 1093 232 1149 raon
262 1070 385 1153 lieret
413 1072 570 1152 civibus
599 1071 753 1150 nostris
794 1072 832 1147 in
860 1069 1021 1148 iuribus
1062 1071 1146 1148 suis
1183 1094 1244 1148 se·

147 1191 331 1268 cundum
353 1193 569 1292 justitiam,
596 1191 798 1270 deffluere
827 1215 910 1268 non
949 1211 1181 1294 possemus.

516 1313 607 1377 Misti
632 1311 688 1376 del
711 1311 853 1378 Secuto
878 1309 1036 1375 xxxix.
1066 1313 1123 1378 ch.
1146 1313 1201 1376 2⁷.

357 1479 600 1582 cxciv.
630 1507 741 1581 1385.
782 1509 819 1582 a.
861 1499 1037 1582 lunii.
1132 1585 1142 1612 ³

148 1693 355 1752 cantro-reno
384 1709 496 1752 onera
527 1709 656 1754 necaro
682 1709 796 1770 apsaro
821 1695 996 1754 romeon
1030 1713 1048 1752 a
1074 1709 1243 1758 onoaront·

148 1815 189 1854 ra
215 1815 262 1876 aa,
287 1813 326 1868 aa
350 1815 455 1856 naon·
481 1815 600 1856 mro«
635 1815 769 1874 aynan-r.
793 1801 932 1856 llnaosn
955 1803 1102 1869 Beona,
1139 1811 1245 1858 abaco

152 1901 154 1909 '
242 1919 279 1972 aa
294 1903 334 1959 be
358 1915 398 1960 oe
422 1917 551 1976 sopora
577 1917 767 1978 npepyaern
795 1917 922 1974 exopta
945 1917 1043 1977 cepa,
1064 1917 1103 1976 aa
1119 1911 1168 1963 'oa

543 1989 656 2050 aerarii
686 2007 845 2049 nanneno.

8 2233 9 2268 p
280 2153 436 2259 Capta:
489 2153 608 2254 Quod
650 2155 862 2235 scribatur
902 2155 1073 2234 domino
1114 2156 1242 2256 regi

8 2287 10 2374 ξ
150 2271 398 2354 llassiae
438 2276 478 2352 in
519 2275 599 2353 hac
639 2277 786 2354 forma.
840 2275 996 2378 Regiae
1038 2279 1244 2376 majestati

8 2395 9 2430 ³
151 2417 275 2502 qaam
317 2397 460 2498 plures
506 2399 666 2477 litteras
693 2397 989 2478 destinavimus
1026 2403 1068 2477 et
1095 2393 1242 2477 ultimo

151 2538 278 2594 unam
319 2513 455 2595 datam
508 2519 714 2617 vigesimo
768 2519 954 2597 secundo
997 2517 1244 2596 Decembris

8 2643 10 2690 ³
150 2637 344 2742 proxime
374 2637 525 2740 elapsi,
579 2635 855 2717 amicabiliter
881 2643 1081 2738 rogantes
1109 2661 1159 2719 ac
1186 2641 1243 2716 in·

8 2765 10 2848 l
150 2758 403 2837 stantissime
432 2759 720 2862 requirentes,
749 2767 953 2862 quatenus
989 2782 1068 2862 pro
1098 2759 1244 2838 debito

8 2879 9 2922 ³
145 2879 336 2980 justitiae
365 2889 408 2958 et
433 2879 608 2960 honoris
635 2881 762 2982 regii,
795 2881 958 2985 placeat
983 2889 1131 2960 tenere
1158 2903 1243 2974 mo·

152 2999 252 3079 dnm
281 3003 440 3104 absque
482 2998 571 3078 aliis
600 3000 889 3089 dilationibus,
928 3002 1041 3103 quod
1082 3001 1147 3078 vir
1172 3025 1246 3080 no·

153 3121 248 3202 bilis
284 3119 571 3200 Nicolaus
612 3121 855 3209 Baseio,
898 3121 999 3200 civis
1028 3127 1175 3202 noster
1202 3129 1246 3200 et

150 3241 379 3342 majestatis
405 3245 574 3324 vestrae
603 3242 856 3342 capitaneus,
883 3236 1055 3320 realiter
1083 3241 1241 3343 recipe·

150 3369 217 3442 ret
244 3361 451 3466 integram
478 3359 812 3441 satisfactionem
840 3383 968 3450 snam,
996 3360 1049 3439 de
1072 3357 1245 3439 nonnul·

151 3484 201 3561 lis
227 3467 436 3588 pecuniae
477 3481 677 3576 summis,
704 3483 743 3559 in
773 3483 924 3585 quibus
953 3487 1148 3581 majestas
1177 3499 1245 3557 vc·
1398 3569 1404 3582 Ι

152 3611 240 3684 stra
267 3609 434 3684 tenetur
475 3607 612 3684 eidem
640 3629 720 3710 pro
759 3603 878 3684 iactis
905 3603 1030 3705 regiis
1070 3602 1150 3683 sibi
1179 3626 1245 3683 co·

152 3725 316 3818 missis,
344 3751 424 3831 pro
453 3725 602 3830 quibus
630 3726 801 3830 quidem
838 3725 1027 3830 pecuniis
1053 3725 1145 3826 ipse
1178 3731 1244 3802 est

153 3872 278 3949 quam
312 3848 507 3951 pluribus
534 3846 729 3950 personis
767 3839 994 3946 obligatus,
1037 3845 1107 3946 qui
1134 3845 1242 3924 solu·

153 3967 289 4046 tiones
331 3993 424 4046 suas
466 3993 611 4048 coram
652 3967 775 4045 nobis
817 3991 912 4045 cum
940 3965 1145 4044 continuis
1184 3965 1241 4043 in·

8 4183 10 4194 γ
153 4092 313 4170 stantiis
339 4093 553 4196 petierunt
581 4093 623 4166 et
649 4091 796 4190 petunt
823 4087 954 4175 adeo,
990 4088 1103 4188 quod
1131 4085 1241 4163 idem

151 4213 348 4294 llrcolaus
374 4213 527 4291 timore
561 4209 748 4290 carceris
783 4231 1034 4312 comparere
1061 4231 1144 4286 non
1170 4230 1241 4310 po·
