3206 5110
1222 391 1288 464 m
1386 397 1391 410 .

192 609 442 713 potitam
486 606 871 694 Sotavoniae,
924 611 967 681 et
1006 627 1084 708 per
1120 605 1285 707 aliquos

192 727 383 808 subditos
414 729 700 834 praefatorum
730 725 1012 810 dominorum,
1041 723 1199 802 inerint
1233 726 1286 800 ta·

193 852 368 928 boratue
403 873 459 927 sn
477 851 486 926 t
504 851 556 924 tu
572 873 595 924 n
611 873 647 936 e,
683 849 766 924 sub
798 851 1022 950 praetentu
1050 850 1094 921 et
1121 845 1284 939 colore,

192 969 304 1068 quod
334 967 490 1046 tuerint
518 991 645 1054 suae,
687 966 800 1068 quod
828 966 998 1062 dejure
1036 963 1115 1068 ipsi
1143 963 1287 1042 tacere

193 1113 274 1165 non
304 1097 553 1192 potuerunt,
581 1111 676 1166 oum
707 1094 751 1163 ut
778 1085 976 1164 videbitis
1002 1109 1079 1188 per
1107 1083 1286 1163 formum

194 1215 439 1288 contractus
469 1209 602 1313 pacis,
638 1207 817 1311 praefati
845 1205 1003 1284 domini
1031 1205 1192 1281 habere
1220 1204 1286 1278 de·

194 1327 294 1408 bent
308 1338 492 1408 castrum
519 1331 554 1406 Β
572 1355 595 1405 ιι
610 1329 637 1404 d
654 1355 676 1404 u
695 1354 718 1405 e
748 1351 842 1405 oum
870 1327 957 1402 suis
983 1325 1228 1412 confinibus,
1244 1329 1287 1400 et.

192 1450 344 1528 salines
370 1453 507 1530 sotum
536 1475 643 1552 quae
671 1449 840 1526 fuerunt
866 1448 899 1524 B
916 1472 939 1525 a
956 1448 967 1524 t
984 1473 1003 1524 s
1018 1467 1040 1522 a
1055 1470 1106 1534 e,
1134 1441 1175 1524 et
1192 1467 1287 1522 uum

192 1573 424 1649 seeundum
452 1573 799 1649 informationem
821 1573 958 1649 datam
986 1574 1132 1646 nostro
1157 1564 1286 1644 domi·

195 1691 292 1780 nio,
335 1692 765 1794 praediotnesatinae
805 1693 991 1768 nonsiut
1022 1690 1076 1766 de'
1104 1687 1287 1768 uouflnio

194 1813 259 1890 rei
287 1811 483 1890 districtu
506 1813 581 1889 Bu
598 1813 622 1888 d
639 1837 662 1888 o
681 1837 723 1899 e,
752 1809 852 1890 hine
879 1817 944 1889 est
972 1809 1087 1911 quod
1115 1806 1168 1883 de
1189 1809 1287 1906 jure
1364 1887 1366 1901 ,

194 1939 238 2008 ut
252 1931 429 2010 diximus
445 1935 651 2037 praedicti
681 1931 1024 2036 metropoliti
1053 1938 1095 2010 et
1115 1926 1287 2007 aliisub·

193 2050 264 2128 diti
279 2054 592 2152 praedictorum
604 2051 1028 2139 domino=rum,diotu·s
1043 2050 1286 2136 satinns'non

192 2179 369 2271 possunt
386 2171 529 2252 i'ueere
544 2171 752 2268 laborare3
766 2171 1056 2250 desiderantes
1070 2168 1284 2270 igiturpro

135 2292 139 2302 ’
194 2291 424 2369 evitatione
452 2294 759 2380 scandalorum,
789 2291 1099 2372 omnessuiinns
1127 2289 1287 2369 hebere

110 2443 113 2446 ·
191 2413 233 2490 in
263 2413 453 2490 munibus
479 2416 668 2502 nostris,
708 2417 903 2492 volumus
940 2413 1054 2515 quod
1083 2411 1124 2489 in
1153 2409 1288 2513 prima

112 2605 120 2618 .
192 2535 350 2633 prutiou
379 2533 558 2613 tenenda
587 2535 639 2610 de
668 2530 953 2619 innovatione,
981 2533 1182 2633 feetaper
1204 2533 1287 2610 dio·

194 2661 261 2732 tos
287 2654 552 2756 metropoliti
580 2663 623 2732 et
648 2654 754 2732 ulios
782 2655 973 2732 subditos
1001 2677 1128 2740 suoS,
1164 2653 1204 2728 in
1234 2652 1288 2734 fa·

160 2773 344 2864 ‚aiendo
374 2774 568 2856 taborare
596 2776 729 2854 dietas
756 2774 924 2861 selinus,
956 2799 1050 2852 eum
1073 2773 1190 2852 dioto
1219 2773 1289 2850 do·

195 2895 308 2971 mino
338 2894 527 2974 debeatis
557 2899 693 2974 nostri
720 2899 841 2999 purte
875 2919 954 2974 vos
990 2917 1193 2994 gravaro,
1233 2898 1288 2968 ta·

195 3040 293 3094 men
315 3039 410 3093 oum
438 3015 643 3100 modestis
658 3025 699 3096 et
715 3014 1063 3114 convenientibus
1076 3013 1232 3104 uerbis,
1247 3018 1290 3090 et
1327 3035 1330 3048 ·

195 3135 476 3213 continuando
518 3137 723 3237 protinam
754 3137 948 3212 voluimus
990 3138 1034 3212 ut
1073 3133 1289 3212 dimittatis

192 3255 300 3333 huuc
338 3256 612 3342 differentiam
651 3259 850 3358 aparte,
891 3265 935 3332 et
973 3255 1195 3334 attendatis
1237 3257 1290 3332 nd

193 3379 296 3455 dues
323 3375 602 3478 principales,
631 3373 960 3485 quibusaptatis
987 3376 1204 3464 volumus,
1245 3383 1290 3452 ut

193 3499 435 3601 procuretis
461 3504 610 3602 aptare
637 3499 756 3577 istam
785 3521 865 3602 per
877 3497 1189 3602 infrascriptum
1205 3522 1289 3576 mo·

192 3621 314 3696 drtm:
371 3625 406 3697 1.
447 3620 558 3720 quod
588 3643 734 3696 omnes
759 3619 1004 3703 saliuae
1047 3627 1290 3698 remaneant

194 3749 344 3818 nostro
373 3739 576 3830 dominio,
616 3749 698 3820 tam
729 3741 826 3818 ittae
855 3763 961 3840 quae
997 3740 1166 3818 fuerunt
1193 3763 1289 3820 oon·

187 3863 286 3938 *uam
317 3859 472 3940 domini
502 3859 740 3945 Batnae,
783 3883 905 3961 qnam
936 3862 1288 3964 metropoti·

192 3981 264 4072 ti,
291 3991 334 4060 et
363 3981 653 4082 cuiuscunque
681 3981 748 4057 nxttt
774 3981 929 4058 subditi
957 3983 1033 4066 sui,
1061 3985 1158 4059 ente
1178 3981 1289 4060 obii·
1393 4016 1397 4024 ,

193 4111 288 4203 gata
316 4113 459 4188 nostra
500 4102 799 4190 dominatione,
843 4103 1071 4204 praedietis
1112 4103 1289 4182 dominis
1390 4188 1393 4196 ¹

192 4243 275 4326 pro
301 4221 474 4323 triginta
502 4224 885 4327 quianon-saunas,
912 4248 1015 4328 quas
1043 4224 1203 4302 habere
1222 4225 1288 4307 de.-
1433 4284 1436 4292 .
1563 4247 1566 4254 ·
