3186 5112
404 369 471 434 4OE

445 553 667 654 conix.
698 571 965 660 intusne.
993 567 1080 649 111.
1110 577 1176 648 ro.
1204 569 1446 668 Augusti.

490 763 690 839 llpnunneriu
714 781 750 819 ua
772 763 947 820 Maerasno
969 763 1168 836 rpabaueuno
1192 763 1296 820 Bonna
1321 755 1406 819 euna

572 873 574 878 '
826 883 906 940 napa
928 867 1061 939 dasapa.
1121 865 1122 870 ’

506 1035 778 1133 Privilegium
805 1035 1015 1132 magnifici
1046 1042 1088 1112 et
1127 1035 1375 1138 potentis
1409 1035 1486 1112 do-

406 1158 528 1234 mini
555 1157 777 1249 voluho,
814 1155 1025 1234 comitis
1055 1154 1377 1234 Sclaveniae
1407 1166 1489 1232 eto.

405 1279 454 1352 ad
482 1278 692 1354 honorem
721 1277 888 1354 maioris
911 1274 1107 1354 'consilii

506 1415 739 1494 Michael
781 1413 947 1491 Steno
989 1415 1057 1492 dei
1083 1415 1217 1514 gratia
1243 1413 1327 1499 dux
1353 1415 1489 1492 Vene-

404 1537 556 1614 tiarum
583 1543 665 1614 etc.
713 1531 923 1614 Universis
950 1543 992 1614 et
1021 1535 1198 1635 siugulis
1229 1541 1310 1612 tam
1338 1531 1489 1612 amieis

403 1680 525 1760 quam
567 1653 757 1732 fidelibus
801 1663 843 1733 et
871 1661 952 1732 lam
980 1657 1250 1758 presentibus
1279 1679 1401 1756 quam
1432 1653 1489 1730 iu·

402 1777 517 1868 turis,
533 1800 709 1879 presens
737 1777 1006 1878 privilegium
1022 1776 1288 1881 inspecturis,
1311 1775 1490 1852 salutem

403 1903 443 1976 et
470 1899 638 1976 sineere
675 1897 915 1976 dilectionis
951 1897 1159 1976 affectum.
1214 1897 1383 1976 Duoalis
1422 1917 1492 1974 es·

402 2019 596 2096 cellentia
638 2019 679 2096 in
723 2018 984 2124 liberalitatis
1029 2018 1230 2121 operibus
1270 2018 1393 2098 solita
1423 2043 1490 2097 ee·

401 2137 629 2226 leberrime
646 2139 906 2225 conversari,
934 2143 1049 2216 tanto
1078 2137 1254 2240 amplius
1283 2159 1491 2239 personas

299 2320 305 2336 .
400 2257 638 2358 magnificas
676 2266 718 2336 et
757 2257 972 2358 dignitatis
1024 2257 1192 2336 bonore
1237 2257 1492 2360 conspicuas

398 2379 620 2478 prevenire
648 2381 786 2458 studet
813 2376 1046 2456 honoribus
1073 2383 1116 2456 et
1137 2376 1346 2457 dotalibus
1375 2371 1510 2456 iovo·'

398 2497 513 2579 ribus
540 2497 768 2602 ampliare,
804 2507 961 2600 quanto
989 2498 1157 2578 ducatui
1184 2504 1332 2578 nostro
1360 2498 1491 2576 devo·

398 2619 529 2696 tiores
570 2617 651 2696 lide
692 2625 734 2696 et
762 2619 966 2719 operibus
1003 2643 1050 2695 so
1081 2620 1317 2698 ostendunt.
1372 2613 1490 2694 Unde

399 2761 493 2814 oum
534 2737 872 2837 magnificus,
908 2745 958 2814 et
998 2745 1198 2841 potens
1241 2735 1491 2816 dominus

396 2857 642 2948 volabo,
668 2857 1153 2958 filiusquondam
1180 2855 1490 2956 magnifici

397 2983 451 3053 et
504 2978 775 3079 potentis
840 2977 1064 3058 domini
1128 2978 1348 3069 Lazari,
1401 3004 1489 3058 eo·

397 3119 512 3173 mes
541 3095 906 3176 Selavoniae
946 3098 1491 3202 eteet.semperiuerit

397 3224 439 3294 et
477 3216 530 3294 sit
582 3217 880 3296 dilectissimus
926 3225 968 3296 et
1008 3219 1342 3323 perfectissimus
1389 3222 1490 3308 ami·

397 3363 471 3415 eus
513 3341 653 3416 nostri
694 3339 893 3437 dominii,
934 3341 1147 3442 siout‘per
1179 3340 1415 3420 laudabiles
1446 3345 1490 3418 et

393 3459 601 3536 notabiles
643 3460 819 3536 effeetus
865 3460 1048 3538 ostendit
1088 3469 1232 3540 notum
1272 3461 1366 3540 fieri
1414 3485 1487 3536 vo·

394 3577 528 3654 lumus
565 3578 820 3681 unicuique,
863 3581 976 3682 qnod
1005 3580 1119 3660 omui
1154 3582 1261 3678 juris
1290 3579 1489 3660 consilio·

265 3717 273 3730 ¹
395 3721 485 3774 rum
508 3703 550 3774 et
565 3701 957 3778 ordinamentorum
972 3706 1215 3780 nostrorum
1243 3702 1488 3782 necessaria

396 3819 668 3898 solemnitate
717 3829 912 3915 servata,
966 3821 1176 3923 prelatum
1217 3817 1482 3919 magnifieum

397 3943 438 4011 et
485 3943 702 4038 potentem
747 3939 959 4016 dominum
1002 3939 1201 4028 voluho,
1256 3965 1352 4018 oum
1395 3941 1487 4018 eius

395 4051 492 4133 liliis
535 4061 576 4135 et
603 4057 833 4137 heredibus
862 4059 1158 4140 adnumerum
1189 4069 1232 4140 et
1264 4062 1317 4140 de
1344 4087 1486 4142 uume-

396 4199 445 4252 ro
477 4176 680 4256 nobilium
726 4181 861 4258 nostri
902 4182 1077 4259 maioris
1121 4182 1284 4261 consilii
1325 4183 1487 4286 recepi·

394 4319 486 4372 mus
514 4306 658 4402 atque.
692 4303 943 4406 recipimus,
980 4312 1023 4382 et
1049 4303 1101 4382 de
1129 4309 1276 4382 nostro
1332 4303 1486 4412 maiori
1540 4309 1544 4312 ’
