3212 5116
338 313 401 386 ⁸58

336 519 526 608 nuntius,
576 520 685 604 lator
738 515 1021 624 praesentium
1062 511 1135 594 tibi
1175 538 1305 619 super
1343 513 1428 592 hoo

336 656 416 749 p'ro
457 649 577 747 parte
618 645 763 722 nostra
805 641 1023 731 retulerit,
1066 638 1212 718 eredas
1249 635 1429 722 indubie,

336 765 488 866 illaque
517 765 567 846 ad
596 763 792 842 effoetum
826 759 968 839 votive
1005 757 1337 840 consumationis
1366 757 1429 834 ad·

337 885 477 972 ducas.
503 883 653 966 Datum
683 883 790 988 apud
819 883 971 961 Villam
1001 905 1171 970 novam‚
1199 880 1428 958 Avinionae

337 1003 516 1094 dicione.
551 1003 649 1082 XVI
686 1002 881 1082 italendis
921 998 1123 1102 Augusti,
1159 997 1427 1104 pontificatus

336 1124 482 1234 nostri
500 1147 607 1201 anno
638 1127 801 1224 quarto.
837 1207 872 1238 ,ι

1022 1237 1162 1304 comm.
1186 1237 1229 1301 V.
1254 1236 1310 1302 ch.
1333 1237 1385 1300 79.

372 1412 514 1511 OlX.
544 1435 654 1509 1355.
682 1426 889 1507 indict.
918 1427 988 1504 rx.
1015 1433 1061 1506 31
1092 1423 1393 1504 Octobris.

334 1642 549 1711 ansano-nso,
573 1657 748 1699 assonare
775 1652 1060 1712 nponennropnsa
1085 1633 1264 1706 (tassonis,
1286 1653 1324 1705 na
1350 1650 1425 1694 osa-

335 1762 440 1804 nosno
466 1761 595 1818 rueram
620 1761 749 1820 nynnnn
775 1760 811 1800 sa
838 1744 1014 1820 Msersany
1038 1759 1181 1818 romany,
1212 1757 1302 1812 noni,
1327 1755 1426 1798 nom-

333 1866 470 1908 nennnn
493 1867 680 1930 sesenna,
695 1866 759 1922 oar.
785 1849 936 1922 nonnose
961 1849 1119 1928 suessan,
1135 1847 1288 1922 rnpnnnb
1312 1846 1422 1917 lissey

765 1971 783 2008 n
809 1955 995 2026 capsanus.

437 2089 593 2194 Capta:
620 2089 743 2190 Quod
786 2089 1097 2194 respondeatur
1135 2081 1427 2189 provisoribus

332 2209 487 2290 nostris
529 2211 599 2310 qui
633 2217 730 2288 sunt
756 2209 796 2288 in
825 2207 1011 2314 portibus
1053 2195 1426 2292 sclavoniae,

333 2333 446 2434 quod
487 2331 726 2436 recepimus
767 2329 926 2407 litteras
967 2353 1062 2406 suas
1090 2328 1204 2405 datas
1231 2325 1297 2403 die
1325 2319 1430 2402 Xlllv

332 2457 375 2530 et
400 2450 512 2528 xvi.
549 2450 702 2528 mensis
741 2448 950 2536 Ootubris.
1003 2446 1158 2550 Quibus
1187 2451 1230 2525 et
1256 2446 1296 2522 in
1325 2443 1426 2547 ipsis

331 2569 540 2648 contentis
570 2569 804 2647 cumomni
834 2569 1046 2670 diligentia
1074 2567 1326 2656 intellectu,
1356 2589 1423 2644 eo·

331 2714 422 2768 rum
462 2687 775 2794 providentium*
810 2695 852 2768 et
893 2688 1214 2768 sollicitudinem
1257 2713 1425 2766 comen·

330 2810 474 2888 dantes
503 2808 784 2890 rescribimus:
812 2813 927 2913 quod
943 2812 981 2888 in
999 2835 1098 2890 casu
1128 2835 1211 2912 qno
1239 2809 1423 2886 nondum

330 2953 432 3006 rex
459 2927 572 3006 Rax
586 2929 598 3008 i
614 2954 675 3007 ae
703 2931 755 3007 de
772 2929 882 3010 facto
907 2929 1122 3011 habuisset
1148 2931 1217 3007 vel
1246 2929 1423 3007 haberet

331 3057 466 3132 eastra
500 3076 523 3128 e
540 3077 565 3127 o
582 3075 622 3126 m
635 3050 723 3126 itis
739 3075 758 3126 s
774 3073 797 3124 a
813 3077 851 3140 e,
879 3075 1001 3152 quam
1021 3051 1141 3130 eitius
1165 3075 1261 3128 esse
1278 3035 1421 3157 potest

329 3194 408 3273 per
446 3168 562 3245 iilum
603 3167 774 3246 modum
803 3174 965 3246 etcum
1009 3169 1087 3248 iilis
1129 3169 1268 3248 verbis
1309 3191 1418 3270 qnae

330 3289 390 3366 eis
420 3287 709 3368 convenientia
738 3297 779 3368 et
807 3289 919 3368 utilia
959 3289 1232 3390 videbuntur,
1274 3314 1419 3368 recor·

328 3405 462 3484 dando
491 3405 628 3488 diotae
658 3411 895 3488 comitissae
924 3435 1111 3513 magnam
1145 3412 1418 3491 dilectionem

328 3536 371 3608 et
397 3529 628 3625 karitatem,
658 3555 780 3632 quam
809 3529 1028 3610 habuimus
1057 3539 1099 3611 et
1119 3535 1329 3635 gessimus
1358 3558 1419 3612 er-

328 3674 379 3750 ga
418 3651 553 3728 virum
593 3677 738 3746 suum,
779 3661 821 3732 et
861 3679 939 3756 per
980 3681 1246 3759 consequens
1293 3681 1418 3762 quam

327 3767 543 3848 habuimus
571 3779 613 3850 et
628 3770 828 3849 babemus
857 3773 909 3848 ad
937 3798 1028 3852 eam
1058 3777 1257 3856 etlilium
1285 3803 1418 3868 suurn,

328 3895 504 3993 propter
544 3914 665 3994 quam
711 3891 982 3973 dilectionem
1023 3897 1199 3976 firmiter
1239 3923 1417 4002 sperare

327 4011 465 4114 potuit
505 4019 629 4114 atque
671 4019 837 4116 potest,
871 4015 983 4116 quod
1021 4016 1229 4098 honorem
1260 4021 1417 4098 bonum

327 4141 369 4212 et
396 4139 664 4233 augmentum
693 4139 780 4216 eins
807 4139 850 4213 et
875 4135 947 4216 iiiii
973 4137 1038 4214 sui
1064 4141 1268 4242 praedicti
1309 4167 1416 4245 pure
