3226 5112
268 584 322 664 nt
361 586 499 690 primo
541 583 595 662 ud
632 582 887 686 primum·
916 583 1141 688 purtem
1185 611 1266 692 por

168 730 291 808 quum
319 707 539 808 requirunt
567 703 680 807 quod
707 705 920 784 mittamus
948 705 1002 786 ud
1028 707 1265 810 impero·

166 833 354 906 torem
382 827 755 906 Teucrorum
796 851 924 906 unum
966 835 1157 908 nostrum
1184 853 1264 910 am·

165 947 443 1027 bassiotorem
458 953 538 1026 eto.
568 944 910 1049 Respondentur:
937 951 1049 1050 quod
1064 959 1263 1052 respectu

164 1066 384 1166 singularis
427 1067 763 1160 benivolentiae,
805 1093 930 1172 quum
971 1069 1175 1150 hebemus
1211 1075 1263 1150 ad

23 1205 26 1216 ·
163 1189 478 1268 serenissimum
502 1189 717 1270 dominum
744 1213 893 1290 regem
920 1215 1053 1278 suum,
1082 1215 1160 1269 nos
1179 1195 1267 1274 vel·¹

165 1309 297 1388 temus
336 1313 377 1388 in
416 1311 578 1390 eunctis
605 1310 880 1412 possibilibus
916 1335 1018 1390 suue
1047 1312 1260 1392 serenitati

163 1432 448 1533 complacere,
476 1431 553 1510 sed
582 1430 899 1512 considerantes
941 1434 1009 1510 im
1024 1460 1051 1534 p
1068 1456 1091 1510 e
1106 1457 1128 1509 r
1142 1460 1165 1513 o
1181 1437 1198 1510 t
1213 1459 1259 1512 u·

163 1577 280 1630 rem
308 1552 642 1632 Turoorum
669 1550 938 1641 uunoiuisse
955 1576 1050 1632 oum
1065 1553 1259 1632 exercitu

162 1699 241 1752 suo
270 1697 481 1750 versus
510 1669 893 1773 Hungoriam‚
921 1675 965 1750 et
992 1671 1259 1751 ambassiatos

162 1819 252 1872 rem
281 1801 471 1872 nostrum
499 1817 583 1871 non
613 1815 739 1896 posse
768 1793 818 1870 ud
848 1792 964 1868 iilum
986 1794 1259 1896 propterdis·

163 1898 299 1992 turbio
319 1934 567 2013 guerrarum
596 1921 639 1990 ot
665 1911 851 2016 periouio
874 1911 1049 2002 itineris
1077 1913 1257 2014 etprop·

161 2040 475 2136 tersuspeotus
503 2033 825 2134 Hungororum‚
862 2060 909 2112 se
939 2033 1139 2112 conferre
1166 2033 1257 2114 sine

159 2156 342 2234 maximo
372 2157 589 2259 periculo,
616 2179 701 2232 oon
727 2155 918 2234 videmus
948 2154 1141 2249 modum,
1169 2178 1254 2256 quo

159 2276 315 2356 dietum
352 2275 704 2356 ambassiatorem
741 2277 910 2356 mittero
937 2274 1146 2378 possimus
1173 2275 1255 2354 obi·

160 2398 258 2478 liter
285 2406 354 2476 aut
380 2417 546 2476 securo.

261 2518 331 2597 Ad
360 2525 584 2620 portem
614 2540 694 2622 per
721 2497 845 2620 quum
866 2520 981 2622 petit
1008 2540 1172 2598 unam
1201 2542 1255 2596 ex

160 2638 1253 2742 civitatibusnostrisDelmatiuo‚pro
1325 2673 1327 2678 ¹

159 2761 278 2838 ouius
319 2757 573 2842 oonoumbio
615 2759 727 2840 dubit
768 2783 891 2840 unum
932 2785 985 2838 ex
1014 2761 1254 2840 civitatibus

156 2879 449 2959 Bossinoe
491 2889 575 2962 eto·
613 2881 958 2986 Respondentur:
999 2883 1114 2984 quod
1141 2905 1251 2959 sore·
1392 2929 1393 2935 κ

155 3002 352 3082 nissimus
389 3006 414 3081 d
431 3031 457 3082 o
475 3029 514 3082 m
531 3003 660 3102 inus
697 3028 718 3081 r
734 3027 758 3080 e
773 3029 801 3080 x
815 3003 1068 3105 praedictus
1097 3002 1253 3088 debeat

155 3151 251 3204 esse
268 3124 554 3218 'certissimum
596 3126 709 3228 quod
737 3153 816 3206 nos
843 3127 1046 3204 vellemus
1073 3124 1182 3202 siout
1209 3123 1251 3202 iu

155 3245 288 3348 prime
316 3253 435 3348 porte
463 3245 540 3323 sihi
568 3247 763 3332 diximus,
792 3247 932 3324 omniu
958 3241 1175 3348 possibilia
1197 3241 1251 3320 io·

155 3390 271 3452 cere.
301 3391 409 3469 quse
435 3375 551 3468 grato
579 3373 621 3444 et
647 3364 813 3467 piuoida
841 3366 919 3444 sibi
947 3389 1041 3444 esse
1075 3361 1249 3466 possint,

153 3485 229 3564 sed
251 3494 421 3590 nostrae
437 3487 628 3572 civitates
643 3487 872 3566 Delmatiae
888 3489 1046 3568 hubent
1061 3509 1084 3562 a
1099 3489 1248 3564 nostro

139 3608 338 3686 ¹dominio
366 3607 667 3712 promissiones
696 3617 740 3689 et
751 3609 1030 3712 privilegium,
1058 3633 1143 3709 quo
1167 3607 1249 3686 iilis

150 3728 228 3806 sub
243 3727 325 3807 tide
342 3737 486 3808 nostru
501 3730 790 3833 promisimus,
816 3755 901 3810 non
917 3733 1019 3810 dore
1045 3752 1128 3808 neo
1149 3728 1247 3808 olie-¹

150 3872 253 3927 noro
270 3874 453 3950 unquam
467 3851 557 3928 iiius
571 3851 696 3932 oiioui
710 3852 799 3928 ulio
816 3855 960 3950 modo,
979 3875 1111 3955 quare
1125 3873 1248 3950 rogo·¹

152 3994 244 4048 mus
259 3979 304 4048 ut
316 3969 472 4050 habeat
488 3995 566 4050 nos
582 3981 821 4063 excusatos,
843 3971 937 4075 quie
952 3983 1043 4052 nun'
1053 3972 1244 4049 videmus

151 4091 342 4176 modum,
383 4093 494 4192 quod
531 4115 625 4171 oum
662 4091 829 4172 honore
856 4097 1006 4172 nostro
1036 4092 1251 4196 possimus
1359 4109 1360 4114 ‘
1414 4085 1420 4096 ’

149 4211 192 4292 iu
219 4211 305 4328 poe
332 4237 432 4294 suno
467 4213 734 4316 requisitioni
772 4216 1059 4319 complacere.
1077 4213 1248 4302 Gentis.-

1016 4341 1039 4406 lt
