3220 5118
265 449 269 457 ,
299 385 322 451 ‘t

304 595 582 674 concordium
625 603 665 670 et
694 599 893 693 treuguas
933 619 1026 672 cum
1069 593 1183 674 dioto
1225 595 1397 676 domino

301 736 407 812 rege
448 713 763 804 Romanorum,
807 717 849 790 et
890 709 1228 817 quotiescunque
1264 715 1399 795 dictus

301 833 494 909 dominus
536 856 614 910 rex
657 831 942 936 Romanorum
987 834 1068 912 erit
1095 833 1320 938 dispositus
1349 835 1400 915 ad

299 977 449 1055 paoem
480 953 761 1032 concordium
791 961 834 1030 et
860 963 1061 1054 treuguas
1086 955 1400 1036 oondeseende·

298 1094 346 1146 re
375 1098 469 1151 curn
497 1077 644 1151 nostro
673 1073 889 1164 dominio,
917 1100 995 1151 nos
1022 1099 1191 1178 semper
1219 1077 1398 1152 invenie·

168 1269 173 1285 J
299 1214 393 1270 mur
418 1194 551 1294 parati
581 1193 931 1276 condescendere
959 1194 1008 1274 ad
1038 1219 1115 1284 ea,
1142 1217 1249 1297 quae
1277 1184 1403 1274 erunt

298 1311 560 1392 rationabilia
588 1321 632 1392 et
658 1315 849 1407 honesta,-
877 1315 987 1397 sieut.
1022 1319 1194 1398 ontinue
1231 1317 1400 1396 fuimus.

587 1505 692 1572 Secr.
718 1505 825 1570 Cous.
850 1505 982 1594 Rogat.
1006 1503 1080 1570 Lib.
1102 1504 1180 1572 Vll.
1203 1505 1260 1570 ah.
1285 1505 1355 1570 129.

453 1689 661 1791 00011.
704 1713 815 1792 1419.
855 1715 914 1790 1⁷.
949 1709 976 1788 J
992 1737 1013 1790 a
1029 1738 1054 1789 n
1072 1737 1099 1788 u
1114 1737 1137 1791 a
1153 1735 1174 1789 r
1189 1709 1203 1788 i
1217 1713 1245 1790 i.

152 1927 164 1944 ·
298 1905 480 1980 Ouranopa
503 1921 667 1980 opoanasy
690 1923 709 1962 ιι
734 1873 920 1980 nooaauuay
942 1899 1091 1982 Ppsaorr·
1113 1922 1218 1980 napa,
1243 1902 1400 1978 Marsoniay

296 2011 557 2085 Φιιιιηιοιιιιιιγ,
581 2011 732 2085 asylum
743 2009 923 2068 Parnason
946 2027 1031 2084 napy
1055 2026 1133 2068 rora
1156 2025 1250 2084 pann,
1276 2023 1395 2079 narne-

442 2133 481 2182 ιιι
506 2131 614 2174 oraora
636 2129 803 2174 oaaoaarn
824 2129 863 2172 aa
887 2131 976 2190 napa
999 2131 1036 2172 oa
1060 2113 1254 2186 Μιιιιιιιιιι.

402 2281 653 2389 Comparuit
693 2283 744 2362 ad
774 2283 1056 2386 praesentiam
1095 2280 1229 2360 nostri
1269 2277 1400 2358 domi·

298 2402 368 2490 nii,
397 2401 640 2506 spectabilis
670 2409 712 2478 et
742 2401 936 2500 egregius
964 2399 1084 2478 mites
1125 2402 1192 2478 do
1209 2399 1399 2498 minus

298 2523 621 2603 Hemanuet
662 2521 1080 2626 Fitatropiuo,
1117 2521 1400 2600 oonsohrinus

297 2641 556 2722 serenissimi
604 2641 827 2722 domini
879 2639 1233 2748 imperatoris
1272 2639 1398 2718 Con·

295 2763 763 2870 stantinopotis,
814 2763 1086 2842 ambassiator
1126 2759 1284 2841 donnini
1325 2759 1396 2837 im·

296 2884 509 2988 paratoria
540 2883 774 2986 praedicti,
802 2887 845 2961 et
871 2889 1020 2962 nostro
1048 2881 1237 2960 dominio
1266 2900 1396 2983 expo·

296 3007 403 3092 suit,
445 3003 557 3106 quod
585 3003 722 3086 dictus
752 3002 945 3083 dominus
972 3005 1225 3106 imperator,
1250 3000 1399 3078 videns

298 3129 343 3204 et
356 3147 621 3224 cognoscens
636 3124 871 3226 potentiam
898 3123 1253 3208 Turohorum,
1282 3145 1397 3201 eom·

296 3245 543 3348 prehendit,
585 3246 699 3349 quod
740 3247 818 3326 nisi
844 3245 958 3325 dioto
984 3245 1160 3324 ῬιιιοΙιο
1188 3243 1400 3330 obvietur,

296 3366 424 3444 muita
452 3367 558 3446 mata
587 3366 716 3447 iaoiet
744 3373 894 3446 eontra
923 3364 1202 3462 Christianos,
1226 3363 1400 3465 etquod

296 3487 452 3564 nuttam
493 3485 603 3562 aliud
629 3486 863 3564 remedium
891 3487 1026 3574 videt,
1067 3484 1145 3562 nisi
1174 3481 1286 3586 quod
1314 3505 1399 3585 pax

297 3606 575 3686 concordium
603 3614 674 3686 aut
700 3612 876 3707 treguae
901 3613 1132 3708 sequantur
1158 3604 1269 3683 inter
1308 3603 1397 3680 do·

296 3728 502 3806 minum
556 3751 754 3828 regem
796 3727 1186 3806 Romanorum
1226 3733 1270 3804 et
1305 3747 1398 3802 nos·

295 3863 405 3937 trum
434 3845 690 3938 dominium
731 3857 774 3926 et
802 3851 915 3950 quod
945 3846 1081 3926 dietus
1110 3844 1303 3924 dominus
1328 3843 1398 3921 irn-

295 3975 472 4070 perator
499 3966 920 4072 Constantinopolis,
949 3964 1229 4046 consideratis
1256 3965 1400 4042 adver·

295 4087 485 4165 sitatibus
512 4089 692 4191 partium
721 4089 775 4166 de
803 4089 898 4166 inde
924 4107 1061 4192 nuper
1088 4085 1290 4172 occussis,
1316 4107 1397 4186 pro

288 4211 403 4286 bono
427 4207 750 4290 Christianitatis
775 4216 911 4312 etpro
937 4204 1056 4288 hono
1082 4231 1176 4294 suo,
1204 4205 1390 4285 otetiam
