3212 5116
322 553 425 632 civis
450 561 621 648 noster,
665 566 760 630 cum
801 550 978 628 ninxir'nn
1031 551 1233 630 instancia
1261 548 1412 630 recent

320 697 396 750 nos
426 697 580 772 rogare
608 681 650 750 et
676 670 842 748 anobis
870 671 1031 774 requiri
1060 695 1136 774 per
1163 673 1271 748 viem
1301 679 1410 772 enip-

320 793 457 880 tionis,
486 815 566 897 per
604 789 787 873 nobilem
828 791 964 868 nirnnr
1006 789 1069 867 Sr.
1111 792 1412 868 Ni‘oot'nilrn

320 913 567 1012 ancio,
623 914 760 990 civem
814 917 1032 1003 nostrum,-
1073 933 1194 990 unam
1248 913 1412 1012 galeam

320 1036 539 1132 subtilem,
571 1057 664 1111 curn
720 1025 963 1148 consonet
990 1033 1166 1112 ornesiis
1195 1034 1306 1126 suis,
1333 1035 1412 1111 sol·

319 1155 456 1233 vendo
498 1153 622 1234 nobis
665 1155 802 1234 stetim
844 1156 1061 1258 praecium
1091 1162 1133 1232 et
1161 1152 1411 1233 aestimatio·

319 1277 419 1353 nern'
446 1277 591 1376 galeae
616 1277 883 1380 praedictam
911 1272 1021 1354 vadit
1046 1298 1172 1380 pars:
1209 1300 1288 1379 pro
1319 1265 1414 1354 con·

321 1393 595 1497 temptatione
624 1401 667 1473 et
695 1419 840 1474 amore
867 1419 967 1472 snae
995 1395 1140 1498 regine
1168 1397 1410 1494 maiestatis,

323 1517 487 1619 etquis
516 1523 581 1592 est
609 1518 711 1595 civis
740 1524 911 1604 noster,
940 1517 1056 1619 quod
1094 1517 1414 1620 complaceatnr

322 1637 401 1716 sibi
429 1635 482 1716 de
510 1636 624 1716 dicto
660 1661 846 1740 corpore
888 1634 1008 1738 galee
1036 1663 1132 1716 cum
1158 1639 1243 1716 suis
1274 1661 1415 1716 corre·

322 1760 458 1838 disset
485 1757 674 1848 ernesiis,
715 1757 823 1836 sicut
855 1757 1058 1858 requirit;
1097 1759 1306 1840 solvendo
1336 1766 1415 1837 stc·

323 1879 395 1957 tim
422 1877 640 1982 precium,
674 1885 720 1954 ut
746 1879 905 1956 dictum
933 1885 997 1954 est
1036 1881 1267 1958 secundum
1307 1880 1415 1957 ordi·

322 2025 399 2079 nes
439 2005 622 2076 nostros.
674 1997 727 2074 Et
755 2023 809 2074 ex
848 2023 960 2077 nunc
987 1997 1040 2076 sit
1068 2007 1260 2098 captum,
1302 1998 1415 2100 quod

324 2118 447 2196 detur
474 2115 511 2193 ei
527 2141 633 2196 unus
650 2115 855 2209 falconus
883 2142 1009 2219 quem
1024 2119 1170 2197 habuit
1198 2117 1264 2196 Sr.
1293 2119 1416 2196 Mar-

327 2261 426 2316 cus
453 2232 486 2314 P
502 2260 525 2312 a
539 2264 559 2313 s
574 2262 599 2338 q
614 2261 640 2312 n
651 2260 673 2312 a
685 2235 721 2312 li
737 2259 764 2337 g
779 2262 820 2322 ο,
848 2237 1156 2338 supranomitus
1184 2245 1341 2326 noster,
1356 2263 1416 2316 su·

327 2381 405 2462 per
431 2357 590 2461 riperio
615 2353 776 2434 ianuae
804 2356 937 2460 prima
965 2359 1083 2448 vice,
1112 2384 1206 2440 cum
1235 2357 1302 2438 Sr.
1330 2358 1417 2436 lia·

328 2474 461 2556 rolo
490 2471 668 2566 Zeno,
710 2485 752 2558 et
792 2481 960 2582 patroni
1011 2480 1147 2560 nostri
1201 2479 1417 2560 arsenntus

327 2597 469 2679 dicunt
497 2603 540 2676 ct
567 2599 746 2686 laudant,
763 2599 847 2678 hoc
876 2624 971 2678 esse
999 2597 1156 2684 bonum
1183 2602 1318 2680 nostri
1346 2627 1416 2680 co·

327 2722 477 2800 munis.

656 2837 748 2906 nisti
773 2839 833 2906 del
856 2841 999 2912 Senato
1023 2839 1216 2910 xxxvm.
1243 2841 1300 2906 ch.
1325 2843 1374 2910 15.

396 3054 587 3163 0an
620 3087 735 3162 1383.
763 3083 975 3200 indict.
1004 3085 1074 3164 v1.
1102 3089 1161 3162 so.
1189 3085 1345 3164 runs

329 3281 449 3354 Αμμ
476 3270 668 3334 nantino
702 3273 852 3333 Annonio
887 3274 1037 3350 Benepio
1061 3287 1165 3352 capys
1200 3295 1310 3352 npoeo
1343 3295 1418 3352 rpo-

328 3385 474 3456 inuersa
498 3381 658 3454 creceny
672 3380 811 3454 'l'sprny
824 3395 938 3456 :penio
964 3383 1134 3440 annonn
1149 3399 1168 3438 n
1181 3383 1419 3440 Bocnncnonn.

431 3545 701 3650 Privilegium
743 3545 914 3628 iliustris
944 3553 987 3626 et
1012 3548 1171 3627 excelsi
1198 3548 1420 3626 domini

330 3669 954 3774 StephaniTuertcho
986 3670 1145 3770 regis
1187 3677 1228 3748 et
1258 3677 1336 3748 cet.
1367 3671 1421 3747 de·

330 3792 526 3871 civilitate
555 3815 653 3878 sua,
682 3796 810 3890 etque
838 3803 1014 3867 suorum
1069 3787 1252 3866 tiliorum
1282 3795 1323 3867 et
1349 3790 1419 3867 he·

330 3911 490 3990 redum.

322 4043 325 4052 ’
433 4047 748 4127 Anthonins
774 4039 1031 4126 venerio
1060 4031 1138 4126 Dei
1166 4047 1299 4148 gratia
1337 4047 1420 4123 dux

324 4167 598 4248 venetiarum
626 4165 668 4246 ci
696 4175 775 4248 cet.
816 4157 1025 4248 Universts
1054 4169 1096 4246 et
1122 4151 1294 4267 singuiis
1321 4173 1412 4270 pre·
