3234 5116
1152 367 1157 377 1
1193 325 1266 397 'm

180 561 234 614 eo
265 561 363 616 casu
383 535 593 614 'adversus‘
622 529 784 612 emulos
812 537 943 615 nostri
972 531 1150 616 domimi
1176 533 1268 616 viri·
1361 528 1367 544 '

180 657 275 735 liter
302 657 557 756 guerricum,
579 663 619 733 el
635 656 773 732 omnia
801 656 1015 758 possibilia
1030 657 1185 736 damna
1207 661 1266 736 eis

180 777 447 854 inferre...
480 833 489 854 .
521 776 710 855 volentes
753 777 955 863 ulterius.
997 779 1111 878 qued
1141 783 1264 880 qnam

178 897 355 1000 primum
385 898 551 974 nuntius
591 905 732 975 vester
760 895 983 975 redierita
1025 896 1265 976 domino

179 1017 460 1120 desputo,
489 1018 680 1096 debeatis
707 1018 759 1093 de
798 1016 862 1095 bis
899 1041 1007 1119 quae
1035 1017 1267 1096 habueritis

177 1161 255 1240 per
282 1138 575 1216 reversionem
602 1135 704 1216 dieti
732 1137 895 1224 nuncii,
931 1119 1161 1216 informare
1191 1165 1262 1218 no·

177 1262 310 1335 strum
341 1258 571 1336 dominium
599 1281 679 1361 per
700 1259 860 1336 litteras
878 1267 1046 1338 vestras
1074 1255 1266 1337 distincte
1349 1264 1351 1273 '

178 1378 297 1457 etad
326 1379 507 1482 plenum.

489 1499 594 1563 Seer.
620 1517 720 1564 eene.
746 1499 959 1582 rogatui.
988 1497 1250 1566 villenas

272 1738 552 1858 COGan·
584 1763 694 1838 1422.
720 1749 1232 1839 aaueoembm.
1227 1742 1267 1768 ”

178 1952 293 2010 llueno
328 1969 493 2026 aasenauy
529 1971 808 2028 unpouepnropy
842 1955 1100 2029 Csapapenunn,
1135 1972 1265 2029 ysoni»

178 2073 480 2130 assuescamus
505 2075 562 2128 uae
587 2061 715 2114 nosobs
738 2073 774 2114 aa
799 2074 871 2130 nan,
896 2075 913 2114 a
937 2046 1163 2132 enecassem,
1187 2074 1265 2130 pan

322 2179 385 2218 eun
409 2180 491 2219 nune
516 2177 621 2220 mres
644 2179 726 2232 repr.
749 2165 882 2237 norvia,
908 2179 943 2223 aa
968 2163 1121 2238 capuanis

528 2264 665 2340 Casape.
700 2257 917 2344 (Capaneum.)

278 2431 396 2530 Qarod
426 2431 641 2510 scribatur
670 2429 814 2508 comiti
842 2439 884 2508 et
901 2432 1119 2536 capitaneo
1148 2387 1266 2512 seu

177 2553 292 2630 tari
321 2557 363 2630 et
391 2546 709 2632 serraeobo
740 2547 1025 2640 nandulo,
1055 2549 1270 2654 provisori

177 2671 345 2750 ibidem.

279 2809 527 2914 Recepimus
557 2812 621 2888 bis
650 2811 796 2888 diebus
827 2810 992 2888 litteras
1019 2813 1179 2888 vestras

175 2936 219 3006 et
244 2933 552 3034 respondentes
594 2929 670 3007 sub
698 2930 905 3008 brevitate
934 2983 944 3004 .
975 2983 985 3004 .
1014 2929 1264 3008 denotamus
1300 2968 1302 2972 ·

177 3049 312 3148 vebis,
341 3071 420 3130 nos
447 3052 611 3130 misisse
640 3051 909 3155 capitaneos,
951 3049 1195 3153 provisores
1224 3057 1267 3128 et

174 3171 488 3272 supracomitos
517 3179 702 3256 nostros,
719 3195 814 3250 carm
842 3168 972 3270 galeis
999 3177 1042 3248 et
1074 3168 1264 3270 gentibus

174 3287 229 3365 iu
256 3287 558 3380 Bolanum,
600 3300 644 3370 ut
672 3292 888 3393 guerizent
930 3295 972 3366 et
997 3289 1266 3368 damnificent

174 3409 355 3490 viriiiter
394 3411 588 3490 inimices
617 3421 790 3490 nostros
894 3467 904 3486 .
931 3418 975 3487 et
1002 3408 1261 3512 prevideant,

176 3534 290 3632 quod
331 3531 528 3610 victualia
564 3531 815 3610 deterrenda
858 3531 898 3610 in
942 3527 1266 3618 Scutarum,

175 3651 402 3729 ...intro
438 3654 572 3755 ipsum
603 3653 744 3730 locum
790 3651 1084 3729 condiscantur
1123 3655 1167 3726 et
1193 3673 1265 3754 po·

175 3780 324 3850 uantur
352 3775 390 3850 .’
392 3821 638 3851 .......
680 3773 731 3849 lit
760 3771 933 3850 ulterius
972 3768 1175 3847 mittimus
1211 3769 1264 3846 de

172 3895 266 3973 aliis
302 3895 555 3974 victualibus
583 3949 745 3972 .....
778 3899 819 3974 et
847 3887 1191 3971 continuabimus
1213 3891 1262 3968 ad

174 4013 480 4119 providendum
511 4015 560 4091 ad
590 4014 729 4091 omnia
758 4009 995 4092 necessaria
1024 4069 1033 4087 .
1061 4067 1071 4090 .
1179 4069 1187 4088 .
1218 4066 1263 4088 ..

106 4173 110 4180 Α
173 4135 362 4215 debeatis
399 4136 644 4240 providere
658 4135 781 4214 etiam
809 4157 886 4210 vos
913 4159 937 4211 a
963 4140 1084 4240 parte
1113 4137 1263 4218 vestra,
