3154 5102
320 417 363 484 w
490 499 496 512 1

321 649 411 738 rum
440 595 647 727 ningues
666 651 761 708 cum
789 623 1132 724 mercationibus,
1160 649 1267 730 quae
1295 645 1416 732 pesse

320 746 396 828 ruit
421 745 678 846 naufragium
706 771 836 849 super
864 745 898 826 C
913 773 936 827 o
952 757 1081 824 tnru
1097 771 1152 834 m,
1180 747 1292 848 quod
1320 747 1417 827 dum

320 867 557 948 A'uliverius
574 867 724 972 Cuppo
755 870 928 948 nuncius
955 868 1162 946 dictorum
1175 875 1416 948 nostrorum

83 966 90 979 ’
184 1007 191 1026 ‘
322 985 516 1072 fidetium,
545 988 595 1064 ad
639 987 992 1090 compositionem
1035 986 1276 1066 devenisset
1323 1011 1417 1066 cum
1471 1091 1474 1096 1
1567 1059 1569 1064 ,

322 1107 610 1210 episcopo
636 1106 844 1186 Sancti
873 1108 1156 1188 Michneiis
1193 1131 1272 1210 pro
1300 1109 1418 1188 tuteli

322 1249 481 1306 summu
510 1253 651 1309 rerum
690 1236 1035 1330 recuperatarum
1065 1228 1115 1308 eb
1144 1229 1296 1310 eodem
1324 1253 1417 1310 neu·

322 1349 468 1450 fregio,
498 1374 577 1451 pro
593 1348 723 1428 scidis
738 1349 832 1428 liii.
849 1350 964 1428 mille
981 1355 1229 1430 venetorum
1253 1371 1417 1449 grosso·

321 1495 426 1568 rum,
451 1470 561 1548 idem
579 1470 803 1573 episcopus
817 1495 897 1572 pro
915 1479 1033 1573 purte
1047 1463 1341 1550 satisfactionis
1360 1469 1417 1574 ip·

321 1592 419 1680 sius,
441 1591 640 1692 assignari
654 1589 733 1670 sibi
749 1592 848 1670 iecit
863 1592 1074 1702 bestialius
1089 1593 1306 1670 extimutes
1322 1591 1418 1672 iicet

322 1712 530 1815 superflua
560 1713 844 1796 extimatione,
872 1714 1016 1792 soldos
1043 1719 1292 1792 venetorum
1307 1737 1419 1814 gros·

321 1855 464 1912 sorum
493 1833 623 1928 MCC,
653 1835 706 1912 de
736 1833 883 1934 quibus
909 1859 993 1912 non
1020 1839 1242 1937 potuerunt
1260 1832 1419 1914 hebere

323 1954 400 2032 nisi
413 1977 645 2056 yperperos
658 1954 737 2032 Vii
752 1964 865 2034 cent.
879 1956 920 2032 in
935 1957 1114 2058 pecunia
1129 1954 1181 2032 de
1198 1955 1419 2044 breschon,

324 2095 430 2174 quoe
460 2074 635 2174 pecunia
663 2074 763 2152 setis
790 2081 855 2152 est
888 2075 1062 2154 minoris
1101 2075 1256 2154 vetoris
1296 2099 1419 2179 quem

323 2193 405 2270 sint
430 2195 570 2274 veneti
598 2195 749 2294 grossi3
776 2195 829 2271 de
858 2221 940 2299 quo
969 2195 1100 2274 nostri
1129 2193 1273 2274 fideles
1301 2220 1418 2298 prno7

322 2315 419 2394 dicti
448 2312 932 2416 dampnificotisuntnon
954 2313 1178 2394 modicum.
1206 2316 1419 2420 Quaprop-

322 2440 387 2510 ter
414 2459 491 2512 vos
518 2433 719 2512 instanter
747 2433 997 2537 requirimus
1026 2441 1067 2512 et
1095 2457 1303 2535 rogamus,
1327 2459 1420 2537 uuo·

324 2562 443 2634 tenus
470 2554 578 2632 sicut
605 2557 704 2632 atius
730 2556 771 2630 in
799 2555 886 2636 hoc
914 2555 1022 2634 tecto
1038 2560 1218 2634 vestram
1246 2579 1420 2659 operam

323 2671 555 2752 efficaciter
583 2672 842 2762 exhibuistis,
872 2673 924 2748 de
954 2701 1036 2777 quo
1064 2673 1185 2755 vobis
1215 2675 1417 2776 regratia-

324 2821 440 2879 mur,
482 2795 612 2888 sicct
640 2796 766 2874 modo
797 2796 929 2874 velitis
970 2795 1109 2874 taliter
1147 2797 1419 2902 interponere

325 2939 501 3018 praeces
528 2923 701 3008 vestras,
730 2918 841 3021 quod
879 2917 1093 2996 Auiiverio
1127 2916 1276 3022 Cuppo
1304 2941 1420 3022 prae·

322 3037 462 3122 dicto,
504 3039 656 3114 nuncio
690 3040 895 3117 dictorum
937 3047 1180 3116 nostrorum
1221 3038 1420 3140 fidelium.¹

325 3159 535 3236 residuum
565 3161 702 3240 dictae
740 3160 1032 3240 satisfactionis
1074 3161 1259 3240 solvetur
1285 3163 1325 3238 in
1353 3189 1418 3238 ve·
1485 3235 1489 3246 ,

324 3282 430 3360 netis
472 3282 628 3380 grossis
669 3283 732 3358 vei
776 3283 919 3360 saitem
959 3279 1166 3368 invenus,
1196 3283 1300 3358 iustu
1329 3283 1420 3360 esti·

323 3403 505 3479 matione
534 3401 764 3480 valentibus
790 3403 921 3506 ipsam
950 3427 1149 3478 summam
1178 3403 1227 3478 ed
1246 3410 1419 3480 venetos

323 3546 521 3622 grossos,
551 3527 593 3597 ut
621 3523 718 3600 dicti
747 3523 895 3599 fideles
920 3523 1079 3613 nostri,
1120 3523 1188 3626 qui
1216 3521 1327 3600 dicto
1356 3549 1419 3598 su·

322 3644 586 3748 pervenienti
617 3669 713 3722 casu
742 3644 964 3744 plurimum
992 3651 1085 3721 sunt
1111 3643 1294 3745 gravati,
1330 3643 1421 3747 pius

297 3771 557 3866 ‚propterea
585 3789 669 3842 nou
698 3770 935 3866 graventur,
967 3771 1009 3842 et
1035 3789 1113 3844 nos
1142 3765 1241 3842 iicet
1269 3758 1419 3841 iustum

323 3884 395 3973 sit,
436 3883 662 3961 habeamus
691 3892 907 3986 acceptum
937 3893 979 3962 et
1006 3893 1179 3984 gratum.
1219 3885 1348 3960 Datne
1376 3887 1420 3958 ut

323 4027 460 4106 supra.

729 4141 807 4208 itti.
832 4161 929 4208 secr.
953 4141 1044 4206 con.
1069 4139 1140 4206 Lib.
1162 4138 1222 4216 IV.
1248 4140 1301 4205 rh.
1325 4139 1375 4208 39.
