3228 5108
165 671 360 751 etlilium
388 671 603 750 dominum
631 671 835 752 Belsnm
865 677 1059 776 recipere
1088 674 1138 753 ad
1164 700 1254 778 gra·
1310 649 1312 654 ,

165 793 261 872 tiam
291 802 505 878 nostram,
548 801 591 872 et
620 793 815 874 oblivisci
859 795 1103 893 iujuriarum
1130 799 1255 877 nobis

166 922 207 992 et
233 915 389 994 nostris
417 915 637 994 illatarum.
666 914 717 992 nt
745 915 851 993 ultra
879 915 1033 994 hocex
1049 919 1256 1022 ampliore

20 1049 21 1058 ‘
167 1031 422 1134 benignitate
460 1043 630 1119 nostra,
672 1041 718 1112 ut
743 1035 909 1139 possint
935 1035 1095 1116 ducere
1131 1039 1255 1116 vitam

165 1181 307 1247 saram,
336 1156 564 1254 collegium
592 1155 776 1264 domini,
819 1157 1048 1236 consiliarii
1076 1160 1255 1262 capitum

167 1285 209 1356 et
235 1278 446 1379 sapientes
484 1275 646 1356 consilii
676 1283 718 1352 et
745 1276 964 1375 ordinum,
1005 1277 1188 1360 habeant
1216 1281 1257 1360 li·

166 1398 385 1488 bertatem,
414 1397 607 1476 iaciendo
624 1421 747 1500 quam
776 1399 925 1474 melius
950 1407 1153 1504 poterunt
1179 1425 1258 1508 pro

167 1519 303 1610 nobis,
330 1517 584 1623 promittere
611 1518 835 1622 possendi,
865 1518 979 1622 quod
1008 1521 1061 1597 de
1088 1522 1262 1601 introiti·

167 1641 246 1731 bus
272 1641 469 1719 locorum
497 1639 550 1717 de
579 1638 690 1732 inde,
719 1641 871 1720 dentur
898 1640 976 1720 sibi
1004 1643 1119 1720 omni
1151 1667 1259 1720 anno

20 1791 21 1824 ³
167 1761 309 1840 ducati
335 1761 463 1848 mille,
492 1760 549 1838 uti
571 1759 750 1838 fecimus
777 1761 996 1840 domino
1026 1761 1260 1862 Georgio
1288 1747 1293 1754 ’

20 1885 22 1906 “
166 1883 276 1987 patri
304 1890 346 1960 et
373 1881 523 1960 marito
552 1905 645 1975 suo,
675 1883 839 1960 etultra
868 1883 954 1963 hoc
980 1905 1060 1988 pro
1089 1909 1165 1962 sua
1190 1884 1258 1962 ha·

168 1999 385 2088 bitatione.
414 2008 459 2079 ut
482 2025 636 2082 secure
663 2002 826 2106 possint
852 2007 965 2081 stare
995 2027 1090 2085 cum
1118 2029 1261 2107 perso·

167 2113 230 2198 nis
260 2129 304 2200 et
329 2121 493 2199 familiis
530 2113 628 2210 suis,
657 2123 799 2203 locum
841 2123 919 2202 Bu
936 2124 960 2200 d
977 2151 1014 2212 e,
1043 2149 1137 2202 cum
1159 2124 1261 2224 juri·

169 2245 247 2320 bus
290 2251 333 2320 et
369 2241 736 2333 iurisdictionibus
773 2243 885 2334 suis,
926 2251 969 2322 et
1009 2246 1085 2324 ista
1125 2246 1262 2323 donec

20 2359 21 2362 ‘
168 2369 293 2440 erunt
320 2361 467 2440 lideles
495 2359 568 2440 lilii
596 2369 639 2442 et
667 2363 897 2442 servitores
925 2363 1072 2450 nostri,
1098 2389 1180 2442 nec
1208 2362 1260 2440 ia·

169 2479 282 2560 cient
309 2501 390 2558 nec
418 2483 638 2560 tentabunt
665 2489 737 2562 aut
763 2479 855 2561 fieri
871 2489 915 2561 et
926 2484 1078 2562 tentari
1106 2480 1272 2586 aliquid·

169 2599 336 2688 iaciant,
365 2609 512 2680 contra
540 2626 620 2682 nos
646 2603 715 2680 vel
744 2607 910 2691 statum,
938 2611 1076 2682 terras
1103 2611 1145 2682 et
1166 2605 1263 2682 loca

20 2769 22 2776 ,
168 2728 326 2800 nostra.
366 2719 417 2798 lit
444 2721 478 2798 si
506 2719 608 2801 dicti
637 2729 833 2822 oratores
859 2723 1005 2802 volent
1033 2727 1261 2828 acceptare

34 2865 43 2876 ’
136 2869 139 2872 ·
168 2843 289 2920 istam
316 2839 616 2940 benignitatem
645 2849 688 2921 et
715 2845 890 2944 gratiam
929 2849 1117 2922 nostram
1154 2841 1265 2925 bene

171 2961 363 3064 quidem,
404 2960 572 3064 quando
601 2969 740 3042 autem
768 2969 996 3064 acceptare
1023 2963 1183 3055 nolent,
1211 2963 1267 3042 di·

170 3085 290 3161 eatur
317 3084 403 3168 eis,
445 3081 560 3183 quod
590 3079 661 3184 qui
699 3081 886 3158 noluerit
921 3080 1265 3160 benedictionem

168 3201 468 3304 prorogabitur
497 3201 549 3279 ab
566 3225 633 3292 eo,
662 3207 705 3280 et
735 3205 847 3305 quod
877 3202 986 3280 aliud
1014 3202 1158 3280 facere
1186 3199 1266 3280 sibi

170 3323 381 3420 nolumus,
400 3325 442 3398 et
457 3322 570 3422 quod
592 3319 754 3424 possint
769 3320 819 3399 ad
835 3321 1118 3425 benplacitum
1146 3344 1266 3398 suurn

171 3441 235 3521 ire
263 3466 342 3546 pro
372 3440 492 3518 factis
519 3441 622 3519 suis.

276 3557 358 3636 Ser
395 3555 646 3638 Rambertus
689 3559 860 3658 Quirino
888 3558 1056 3664 sapiens
1100 3556 1267 3637 consilii

173 3681 263 3759 vult
287 3683 451 3784 partem
481 3679 703 3758 sociorum
731 3703 903 3760 suorum
932 3677 1128 3781 usquead
1156 3677 1268 3754 illam

172 3801 449 3908 particulam,
490 3800 532 3878 in
561 3825 641 3901 qua
669 3801 715 3880 lit
743 3803 925 3887 mentio,
968 3800 1083 3902 quod
1128 3804 1269 3877 sumus

175 3925 365 4004 contenti
392 3921 591 4024 recipere
626 3921 741 4027 ipsos
782 3913 974 4001 dominas
1015 3920 1064 3998 ad
1093 3921 1268 4020 gratiam

175 4052 385 4136 nostram,
425 4043 500 4121 sed
529 4045 639 4131 vult,
681 4043 793 4147 qnod
823 4050 972 4147 postea
998 4037 1271 4140 subiungatur

177 4167 259 4257 eis,
293 4163 406 4268 quod
433 4173 484 4242 ut.-
504 4164 673 4242 videant
698 4189 778 4268 per
805 4163 1000 4274 effectum
1027 4161 1146 4241 istam
1175 4186 1269 4240 nos·

178 4296 285 4367 tram
311 4286 587 4365 intentionem
605 4290 647 4361 et
661 4282 990 4388 dispositionem,
1007 4307 1146 4364 sumus
1176 4305 1270 4361 oon·

20 4425 22 4516 p
178 4407 295 4504 tenti,
309 4400 421 4510 quod
435 4407 477 4484 in
493 4425 593 4484 casu
608 4429 691 4514 quo
707 4403 1269 4484 relintvenireVenetias
1386 4457 1391 4468 .

20 4519 22 4564 l
1000 4527 1061 4590 25⁴²
