3236 5108
324 255 335 274 δ

305 575 350 637 aa
376 549 522 631 ramur
549 549 774 650 capitaneo
808 559 959 630 nostro
990 549 1177 656 Gniphy‚
1217 555 1395 634 scilicet:

304 673 365 762 de,
378 672 563 749 uniendo
593 667 727 748 iibere
756 695 920 772 ponere
949 681 963 750 i
980 697 1006 750 o
1023 681 1037 749 t
1053 699 1079 749 n
1096 697 1136 750 m
1162 674 1189 752 d
1206 701 1231 752 ο
1248 698 1287 752 m
1306 677 1394 752 ini·

304 815 384 870 um
413 812 574 877 suum
603 792 657 866 in
693 791 963 868 manibus
1000 795 1243 883 nostris,
1272 804 1315 872 et
1341 796 1394 870 de

302 913 483 1000 volendo
513 911 657 990 venire
688 912 749 991 ad'
768 909 1034 991 habitandum
1064 937 1157 990 cum
1186 938 1257 992 sua
1288 914 1397 990 fami·

304 1036 356 1112 iia
382 1036 435 1121 ad
463 1031 673 1118 civitatem
703 1037 889 1109 noemam
917 1032 1203 1122 Venetiarumz
1223 1036 1394 1137 etqund

284 1163 548 1257 propterea,
577 1153 611 1231 si
640 1150 768 1228 habet
807 1151 1066 1228 voluntatem
1106 1152 1301 1230 veniendi
1343 1150 1394 1228 ad

305 1273 662 1378 compositionem
678 1270 914 1356 nobiscum,
943 1271 1096 1350 debeat
1111 1272 1279 1352 mittere
1295 1297 1394 1350 suos

302 1398 605 1500 procuratores
648 1395 700 1470 de
740 1392 825 1470 suis
868 1391 1164 1472 intentionibus
1202 1392 1395 1470 finalibus

303 1515 576 1604 informatos,
605 1537 701 1592 cnm
729 1514 857 1615 pleno
887 1510 1081 1591 mandato
1116 1522 1161 1590 et
1187 1513 1395 1599 libertate,

302 1644 347 1714 ut
367 1633 507 1736 possit
538 1630 718 1716 cumdei
734 1629 982 1735 gratinponi
1011 1629 1104 1710 finis
1130 1633 1250 1712 iactis
1277 1655 1394 1734 proe-

303 1755 437 1836 dictis.
491 1756 690 1840 intrando
734 1763 776 1834 et
802 1755 1036 1833 ilumeriam
1073 1762 1115 1832 ei
1142 1737 1393 1856 accipiendo

227 1932 229 1940 .
299 1897 471 1954 omnem
498 1873 847 1954 informationem
866 1882 950 1952 tam
978 1873 1242 1962 desiiuioci,
1270 1897 1394 1976 quam

303 2001 345 2072 et
370 2003 633 2089 contractae,
664 1997 773 2073 etde
800 1991 1040 2074 introitibus
1070 2001 1112 2072 et
1127 1993 1324 2097 expensis
1351 1999 1393 2070 et

302 2113 742 2216 similiterquomodo
773 2123 915 2217 potest
957 2114 1126 2194 ascendi
1153 2127 1232 2216 per
1259 2112 1390 2216 ipsam

302 2237 561 2334 numeriam.
596 2243 640 2316 et
662 2235 888 2338 ⁴quomodo
918 2259 1139 2339 possemus
1168 2234 1392 2314 subuenire

302 2361 417 2440 dicio
461 2361 583 2450 ioco,
601 2427 603 2432 .
622 2367 665 2438 et
692 2359 748 2438 de
775 2357 968 2456 omnibus
997 2357 1086 2438 aliis
1114 2381 1221 2460 qnae
1251 2357 1312 2436 eis
1338 2355 1393 2432 vi·

302 2479 524 2569 uehuntur,
554 2483 595 2556 et
622 2475 741 2556 nobis
770 2477 910 2558 omnia
937 2477 1207 2578 singulariter
1235 2487 1278 2555 et
1304 2499 1394 2581 par-

304 2600 543 2680 ticulariter
569 2602 828 2688 denotando,
855 2623 936 2703 pru
964 2605 1110 2678 nostra
1136 2599 1396 2677 informatio·

302 2745 370 2800 ne.
397 2721 580 2824 Insuper
619 2719 749 2800 scribi
792 2720 944 2840 debept
981 2720 1202 2826 capitaneo
1245 2727 1393 2800 nostru

302 2843 378 2920 Du
395 2867 416 2918 r
431 2867 455 2920 a
470 2841 535 2922 ch
550 2843 604 2931 ii,
632 2845 744 2943 quod
774 2843 845 2920 det
861 2865 1036 2946 operam
1060 2841 1112 2918 de
1141 2841 1394 2919 inveniendo

303 2965 441 3044 omnia
480 2963 702 3066 privilegia
729 2965 896 3067 antiqua
926 2989 1032 3066 quae
1061 2965 1273 3043 ferentin
1302 2959 1394 3041 ciri·

302 3092 385 3167 nte
412 3083 625 3174 Durachii,
654 3092 735 3164 tam
756 3085 797 3162 in
813 3089 996 3178 comuni,
1012 3111 1136 3188 quam
1163 3085 1275 3187 apud
1303 3107 1392 3184 spe·

301 3204 427 3284 cicius
456 3230 672 3309 personas,
688 3206 897 3306 tangentia
917 3207 1106 3286 confines
1133 3203 1392 3282 Durachiict

300 3329 389 3406 iura
418 3349 468 3406 ac
497 3324 809 3404 iurisdictiones
836 3329 976 3404 dictae
1003 3335 1144 3404 terrae
1164 3334 1209 3404 ct
1237 3348 1388 3403 eorum
1432 3367 1435 3374 ·

289 3449 487 3534 omnium
515 3449 683 3551 copiam
708 3448 994 3549 praestissime
1021 3449 1142 3526 nobis
1172 3449 1318 3531 mittat,
1345 3453 1391 3522 ut

300 3567 430 3648 simus
456 3567 510 3646 de
539 3567 730 3646 omnibus
761 3568 919 3648 avisati.
1495 3663 1505 3672 .

400 3689 505 3788 Quia
534 3693 599 3766 est
626 3712 695 3766 res
731 3687 961 3773 laudabilis,
997 3695 1222 3791 postquam
1248 3707 1390 3764 sumus

301 3813 342 3895 in
370 3808 459 3888 istis
488 3807 701 3908 terminis,
731 3808 839 3886 velie
868 3807 1026 3886 habere
1054 3807 1179 3884 talem
1206 3804 1388 3882 deelara-

254 3963 257 3970 *
301 3930 458 4007 tionem
487 3936 529 4006 et
573 3927 912 4007 informationem
952 3924 1213 4030 super'istis
1254 3923 1389 4006 factis,
1433 4030 1437 4041 Ι

154 4115 158 4124 .
301 4051 415 4151 quod
445 4047 603 4127 animus
632 4051 815 4128 omnium
845 4051 898 4129 sii
929 4051 1068 4138 clarus
1097 4055 1139 4125 et
1162 4045 1297 4150 possit
1322 4044 1389 4125 be·

301 4195 353 4249 ne
381 4151 620 4250 deliberare
649 4179 691 4248 et
717 4173 944 4250 terminare
972 4170 1218 4270 iiludvquod
1246 4168 1300 4245 sii
1320 4164 1390 4242 bc·

143 4375 162 4384 „
300 4317 398 4374 num
427 4300 470 4374 et
498 4291 597 4372 utile
625 4295 758 4372 nostri
785 4293 973 4387 dominii,
1000 4291 1113 4370 vado
1134 4314 1246 4396 pars,
1274 4295 1389 4394 qnod
