3220 5118
333 548 496 628 censiva
521 546 574 626 de
603 543 699 626 inde
727 543 804 644 alia
831 545 927 624 loca
953 565 1061 647 quae
1089 543 1282 634 tenebat,
1304 545 1416 646 ,haste

332 670 455 750 etde
481 666 591 748 bona
630 691 783 768 guerra
824 667 1118 768 acquisivimus
1146 675 1188 746 et
1215 679 1418 762 teneuram

331 797 468 868 museo
494 788 635 870 habita
663 787 1003 867 consideratione
1027 787 1078 865 ad
1093 811 1235 866 veram
1262 797 1306 866 et
1332 811 1416 866 mu·

191 939 194 948 .
330 913 441 996 tuam
469 906 803 994 benivolentiam,
836 907 1083 986 existentem
1097 906 1209 987 inter
1227 913 1417 986 nostrum

330 1028 562 1110 dominium
589 1037 632 1108 et
658 1030 814 1108 dictum
842 1028 1229 1128 magnificum
1255 1011 1415 1108 domi·

330 1175 453 1228 num
490 1151 820 1252 despotum‚
849 1150 918 1230 cui
946 1155 1066 1226 certe
1093 1149 1262 1230 sincere
1289 1147 1417 1228 allici·

330 1295 436 1361 mur,
464 1272 723 1378 disponimus
739 1272 789 1350 ad
807 1275 897 1350 eius
921 1270 1203 1374 praesentiam
1231 1276 1416 1350 nostram

331 1392 619 1472 ambassiatam
655 1393 794 1470 statim
832 1393 1064 1477 destinare,
1108 1392 1335 1470 relaturam
1363 1391 1416 1470 ei·

332 1513 427 1592 dem
470 1511 577 1590 boue
603 1513 793 1615 plenarie
821 1519 1009 1592 nostram
1037 1511 1189 1590 bonam
1224 1511 1417 1598 intentio·

330 1657 427 1712 nem
455 1638 498 1712 et
525 1633 788 1714 amicabilem
815 1633 1160 1736 dispositionem,
1185 1656 1267 1736 per
1293 1655 1418 1734 quam

330 1758 478 1856 aperte
517 1752 690 1840 videbit,
709 1777 798 1842 nos
826 1777 922 1831 ease
963 1751 1194 1854 dispositos
1222 1774 1418 1856 perseve-

332 1895 429 1953 rare
456 1873 496 1950 in
518 1875 959 1977 antiquaetconsveta
987 1874 1095 1952 bona
1123 1871 1417 1956 benivolentia.

380 2005 381 2009 ’
643 1993 747 2062 Secr.
773 1993 894 2076 Cous„
910 1993 1000 2081 llog.
1025 1993 1099 2058 Lib.
1122 1989 1216 2058 Vlll.
1242 1991 1299 2057 ch.
1320 1993 1372 2058 29.

326 2173 333 2186 ’
379 2195 715 2300 cccxxiv.
744 2220 853 2296 11121.
884 2223 942 2294 ιι.
972 2213 1370 2318 Septembris.

327 2377 517 2447 adcursu
540 2390 770 2450 an-opronopy
791 2391 921 2447 aaron
943 2391 1180 2446 nomaaanarra
1203 2371 1377 2447 Gpdcaorr·

705 2495 852 2550 peccora
875 2481 1038 2542 creoaaa.

430 2610 552 2710 Quod
592 2611 704 2691 lacta
757 2611 1036 2714 responsione
1077 2607 1418 2690 ambasiatoribus

330 2730 537 2832 magnifici
564 2731 788 2810 domini
815 2733 1035 2834 despoti
1066 2729 1278 2809 Steiaui
1305 2727 1416 2810 llas·

329 2852 422 2932 cie
465 2861 508 2932 et
535 2863 613 2933 eet.
655 2855 820 2932 dicatur
845 2854 886 2930 in
913 2854 996 2932 flue
1023 2855 1063 2930 in
1092 2855 1205 2932 hunc
1231 2852 1415 2948 modum,

329 2973 534 3053 videlicet:
566 2975 619 3064 Et
647 2976 747 3054 licet
774 2975 1012 3074 divulgetur
1039 2999 1078 3050 m
1095 3002 1119 3054 a
1134 2997 1160 3074 g
1174 2999 1199 3051 n
1214 2974 1228 3051 i
1242 2973 1262 3050 i
1269 2972 1284 3050 i
1299 2999 1323 3053 c
1337 2997 1416 3050 um

329 3097 397 3174 do
414 3119 453 3170 m
469 3096 481 3169 i
497 3119 522 3169 u
538 3119 615 3172 um
642 3119 778 3182 suum.
808 3121 903 3176 oum
931 3095 1124 3196 gentibus
1150 3094 1236 3170 suis
1264 3093 1417 3171 intulis·

228 3227 235 3242 '
328 3237 375 3289 se
390 3212 535 3290 damna
563 3215 787 3293 territoriis
806 3221 848 3292 et
861 3214 1037 3293 subditis
1065 3213 1222 3293 nostris
1236 3216 1290 3291 de
1305 3211 1415 3304 inde,

327 3339 464 3412 tamen
492 3335 532 3411 id
560 3359 645 3414 non
673 3361 895 3441 possumus
937 3336 1115 3414 credere
1160 3335 1245 3413 ullo
1274 3334 1416 3418 modo,

326 3453 468 3533 habito
486 3465 681 3558 respectu
709 3457 758 3534 ad
787 3457 995 3560 antiquam
1023 3455 1260 3541 amicitiam,
1293 3477 1415 3556 quam

326 3573 545 3654 habuimus
571 3600 742 3680 semper
778 3603 872 3655 cum
901 3575 1132 3677 magnificis
1172 3574 1412 3680 progenito·

328 3694 442 3773 ribus
471 3698 556 3774 suis
573 3705 724 3777 etcum
754 3699 844 3774 eius
873 3695 1190 3796 magnificentia,
1221 3708 1263 3774 et
1289 3697 1412 3774 etiam

328 3816 603 3896 consideratis
629 3819 705 3907 his,
733 3844 841 3921 quae
863 3819 963 3898 dieti
980 3819 1410 3922 ambasciatorespar·

326 3945 368 4016 te
395 3938 496 4017 dicti
524 3939 680 4018 domiui
708 3939 1098 4030 nostro-dominio,
1126 3943 1414 4042 exposuerunt

327 4063 369 4136 et
396 4059 637 4139 retulerunt.

606 4177 709 4246 Seer.
735 4179 849 4246 cons.
876 4179 1008 4268 llogtt.
1030 4177 1104 4248 Lib.
1126 4177 1220 4246 vul.
1244 4179 1298 4247 eh.
1318 4181 1373 4246 29.
