3226 5112
357 407 422 476 sm
574 373 577 382 ’

357 619 516 722 lictum,
543 615 679 719 ipsum
702 615 921 692 ¹dominum
950 612 1176 714 despotum
1202 632 1449 690 cumuxore

358 743 400 815 et
427 734 577 816 familie
604 739 826 811 venturum
856 755 952 810 esse
993 731 1044 809 ad
1079 731 1173 810 loca
1201 737 1365 816 uostra;
1406 735 1450 804 ct

357 857 568 958 subiungit
596 857 707 935 idem
737 855 1028 935 locumtenens
1067 852 1291 942 habuisse,
1333 851 1449 951 quod

358 979 470 1058 idem
506 977 702 1056 domiuus
751 977 954 1080 despotus
1007 983 1207 1053 venturus
1247 979 1312 1050 est
1353 995 1449 1050 cum
1593 1021 1594 1028 κ

360 1098 574 1201 equitibus
601 1097 713 1175 mille
741 1097 1004 1199 quingentis,
1033 1101 1076 1172 et
1103 1094 1230 1172 hodie
1258 1119 1353 1172 esse
1382 1093 1449 1168 de-

362 1223 434 1298 bet
461 1221 511 1297 ad
541 1217 799 1318 Clusa-m,
830 1225 873 1295 et
899 1213 1006 1319 petit
1033 1217 1127 1320 ipse
1157 1217 1451 1294 locumteneus

360 1341 623 1426 mandatum,
663 1339 760 1439 quia
796 1363 881 1415 nou
910 1337 1128 1438 permittet
1156 1335 1291 1438 ipsum
1321 1335 1452 1411 domi·
1593 1355 1594 1398 l

361 1481 457 1536 num
485 1457 705 1561 despotam
733 1458 895 1556 ingredi
932 1457 1096 1534 lstriom
1135 1455 1226 1532 sine
1255 1456 1450 1532 mandato

364 1587 526 1667 uostro;
565 1578 678 1656 radit
719 1601 827 1680 pars,
869 1577 981 1681 quod
1024 1577 1331 1702 respondeatur
1371 1576 1453 1677 ipsi
1511 1623 1518 1636 ·
1593 1577 1595 1602 ⁴

365 1698 668 1779 locumtenenti
695 1697 734 1776 in
764 1701 844 1777 hac
872 1699 1030 1777 forma:

463 1817 713 1922 Recepimus
741 1818 900 1895 litteras
928 1825 1091 1896 vestras
1117 1819 1233 1896 datas
1259 1827 1311 1898 28
1337 1843 1453 1920 prae·

360 1940 500 2026 sentis,
530 1963 626 2017 cum
655 1937 828 2015 inclusis
864 1939 905 2014 in
943 1937 1004 2015 eis
1033 1939 1182 2016 litteris
1211 1939 1453 2018 cancellarii

361 2059 540 2140 illustris
582 2057 804 2138 domiui
845 2057 1091 2162 despoti
1132 2057 1367 2154 Russie‚
1411 2067 1454 2135 et

363 2177 645 2259 intelleximus
674 2201 744 2277 ea,
774 2203 882 2280 quae
911 2175 1049 2257 dicitis
1076 2177 1128 2254 de
1155 2181 1249 2280 ipso
1277 2178 1453 2256 domino

364 2297 1254 2402 despotosensisseaBartholomeo
1282 2327 1305 2378 a
1336 2297 1453 2378 Cis·

364 2427 558 2518 terna,
601 2427 643 2499 et
682 2419 805 2497 vobis
833 2421 1104 2510 mandamns,
1145 2428 1190 2497 ut
1221 2419 1363 2498 subito
1392 2443 1453 2494 re-

254 2621 257 2631 ,
363 2541 495 2642 ceptis
524 2537 833 2644 praesentibus,
862 2541 1030 2619 mittere
1045 2539 1235 2620 debeatis
1250 2543 1302 2620 ad
1318 2543 1453 2642 ipsum

362 2659 574 2738 domiuum
603 2660 845 2763 ‹lespotum,
888 2668 1068 2761 quatvor
1096 2669 1166 2739 aut
1192 2687 1269 2739 sex
1297 2660 1455 2740 notnbi·
1597 2669 1598 2686 ¹

363 2781 424 2857 les
453 2805 660 2882 personas
689 2783 865 2868 deinde,
895 2805 991 2860 cum
1016 2781 1166 2860 ordine
1190 2793 1232 2862 et
1248 2783 1457 2872 mandato,

364 2901 477 3002 quod
504 2925 606 2981 suae
634 2900 917 2981 excellentiae
940 2901 1092 2991 dicant,
1120 2905 1458 3004 quodhaheutes

365 3045 460 3099 eum
488 3023 528 3099 iu
556 3045 700 3101 verum
730 3032 772 3101 ct
800 3025 1063 3102 carissimum
1092 3025 1286 3114 tratrem,
1328 3025 1457 3104 inlen-

365 3143 501 3221 dimus
531 3151 574 3222 et
600 3143 874 3246 disponimus,
903 3147 1015 3246 quod
1043 3146 1084 3222 iu
1114 3147 1332 3225 territorio
1362 3169 1458 3223 nos·

365 3273 432 3344 tro
462 3268 608 3343 venire
649 3272 692 3343 et
718 3273 832 3344 stare
872 3267 1034 3370 possit,
1077 3267 1135 3344 uti
1177 3267 1216 3343 in
1260 3269 1462 3370 propriis,

365 3386 564 3486 quodque
592 3385 904 3488 optavissemus
946 3411 1067 3463 suum
1109 3388 1365 3490 persolvisse
1395 3387 1463 3464 ad·

364 3510 563 3600 ventum,
606 3513 649 3584 ut
690 3505 781 3583 eius
819 3506 1119 3585 excellentiam
1147 3509 1366 3587 honorare
1393 3531 1466 3612 po·

365 3627 601 3712 tuissemus,
630 3637 674 3703 ut
691 3633 755 3702 est
783 3627 933 3704 mentis
958 3636 1001 3706 et
1015 3629 1260 3708 intentionis
1277 3635 1468 3716 nostrae,

368 3747 410 3818 et
432 3742 783 3844 quemadmodum
812 3749 1011 3825 convenit
1025 3757 1196 3826 nostrae
1215 3747 1353 3829 bonae
1370 3747 1467 3827 ami·

368 3863 823 3944 citineetfrsteruitati.
854 3868 1060 3971 Quodque
1089 3871 1468 3950 habitauotitiade
1597 3901 1598 3938 l

369 3984 459 4062 eius
471 3986 664 4076 adventu,
679 3987 870 4066 iussimus
886 3991 926 4066 in
945 3993 1190 4084 continenti,
1207 3993 1321 4094 quod
1338 3991 1381 4070 in
1395 3991 1468 4068 Pa·

369 4103 490 4205 tria*)
506 4107 576 4184 illu
593 4106 726 4185 libere
743 4111 899 4187 intrare
916 4113 1198 4216 permittatur,
1216 4117 1258 4188 et
1271 4111 1467 4189 iussimus

402 4259 429 4327 ⁹)
467 4263 579 4327 Onaso,
598 4279 614 4314 a
631 4279 739 4328 sensas
759 4263 851 4330 npetu
870 4263 982 4322 lotris‘l
