<?xml version="1.0" encoding="UTF-8"?>
<!DOCTYPE html PUBLIC "-//W3C//DTD XHTML 1.0 Transitional//EN"
    "http://www.w3.org/TR/xhtml1/DTD/xhtml1-transitional.dtd">
<html xmlns="http://www.w3.org/1999/xhtml" xml:lang="en" lang="en">
 <head>
  <title>
</title>
<meta http-equiv="Content-Type" content="text/html;charset=utf-8" />
  <meta name='ocr-system' content='tesseract 3.04.00' />
  <meta name='ocr-capabilities' content='ocr_page ocr_carea ocr_par ocr_line ocrx_word'/>
</head>
<body>
  <div class='ocr_page' id='page_1' title='image "./actaarchivivene00sergoog_0524.png"; bbox 0 0 3220 5118; ppageno 0'>
   <div class='ocr_carea' id='block_1_1' title="bbox 350 347 1303 669">
    <p class='ocr_par' dir='ltr' id='par_1_1' title="bbox 350 347 1303 669">
     <span class='ocr_line' id='line_1_1' title="bbox 350 347 417 416; baseline -0.03 1"><span class='ocrx_word' id='word_1_1' title='bbox 350 347 417 416; x_wconf 81' lang='lat' dir='ltr'><strong>uo</strong></span> 
     </span>
     <span class='ocr_line' id='line_1_2' title="bbox 496 527 1303 669; baseline -0.016 -32"><span class='ocrx_word' id='word_1_2' title='bbox 496 527 888 636; x_wconf 77' lang='lat' dir='ltr'><strong>uunxxxm.</strong></span> <span class='ocrx_word' id='word_1_3' title='bbox 916 552 1029 630; x_wconf 73' lang='lat' dir='ltr'><strong>rna.</strong></span> <span class='ocrx_word' id='word_1_4' title='bbox 1056 556 1100 669; x_wconf 24' lang='lat' dir='ltr'><strong>a..</strong></span> <span class='ocrx_word' id='word_1_5' title='bbox 1128 547 1303 628; x_wconf 72' lang='lat' dir='ltr'><strong>sunit.</strong></span> 
     </span>
    </p>
   </div>
   <div class='ocr_carea' id='block_1_2' title="bbox 352 701 1450 924">
    <p class='ocr_par' dir='ltr' id='par_1_2' title="bbox 352 701 1450 924">
     <span class='ocr_line' id='line_1_3' title="bbox 352 701 1450 824; baseline -0.007 -16"><span class='ocrx_word' id='word_1_6' title='bbox 352 751 540 824; x_wconf 57' lang='lat' dir='ltr'><strong>Orrouopu</strong></span> <span class='ocrx_word' id='word_1_7' title='bbox 562 761 749 820; x_wconf 78' lang='lat' dir='ltr'><strong>nocsauuay</strong></span> <span class='ocrx_word' id='word_1_8' title='bbox 779 745 940 802; x_wconf 67' lang='lat' dir='ltr'><strong>compano</strong></span> <span class='ocrx_word' id='word_1_9' title='bbox 963 743 1136 820; x_wconf 79' lang='lat' dir='ltr'><strong>ltoropcse</strong></span> <span class='ocrx_word' id='word_1_10' title='bbox 1160 761 1199 802; x_wconf 82' lang='lat' dir='ltr'><strong>ua</strong></span> <span class='ocrx_word' id='word_1_11' title='bbox 1222 701 1346 800; x_wconf 72' lang='lat' dir='ltr'><strong>ffkrose</strong></span> <span class='ocrx_word' id='word_1_12' title='bbox 1369 757 1450 815; x_wconf 66' lang='lat' dir='ltr'><strong>&#39;ryn-</strong></span> 
     </span>
     <span class='ocr_line' id='line_1_4' title="bbox 612 846 1201 924; baseline -0.01 -14"><span class='ocrx_word' id='word_1_13' title='bbox 612 851 657 910; x_wconf 85' lang='lat' dir='ltr'><strong>de</strong></span> <span class='ocrx_word' id='word_1_14' title='bbox 681 865 832 924; x_wconf 69' lang='lat' dir='ltr'><strong>sponsus</strong></span> <span class='ocrx_word' id='word_1_15' title='bbox 858 848 1000 920; x_wconf 62' lang='lat' dir='ltr'><strong>Causam</strong></span> <span class='ocrx_word' id='word_1_16' title='bbox 1025 867 1042 904; x_wconf 82' lang='lat' dir='ltr'><strong>c</strong></span> <span class='ocrx_word' id='word_1_17' title='bbox 1068 846 1201 906; x_wconf 73' lang='lat' dir='ltr'><strong>Sasine.</strong></span> 
     </span>
    </p>
   </div>
   <div class='ocr_carea' id='block_1_3' title="bbox 351 1051 1453 1636">
    <p class='ocr_par' dir='ltr' id='par_1_3' title="bbox 351 1051 1453 1636">
     <span class='ocr_line' id='line_1_5' title="bbox 457 1051 1451 1158; baseline -0.011 -23"><span class='ocrx_word' id='word_1_18' title='bbox 457 1055 598 1158; x_wconf 87' lang='lat' dir='ltr'><strong>Capta.</strong></span> <span class='ocrx_word' id='word_1_19' title='bbox 655 1053 760 1130; x_wconf 87' lang='lat' dir='ltr'><strong>Cum</strong></span> <span class='ocrx_word' id='word_1_20' title='bbox 797 1051 1087 1156; x_wconf 73' lang='lat' dir='ltr'><strong>comparuerit</strong></span> <span class='ocrx_word' id='word_1_21' title='bbox 1114 1052 1164 1132; x_wconf 92' lang='lat' dir='ltr'><strong>ad</strong></span> <span class='ocrx_word' id='word_1_22' title='bbox 1192 1051 1451 1154; x_wconf 78' lang='lat' dir='ltr'><strong>presentiam</strong></span> 
     </span>
     <span class='ocr_line' id='line_1_6' title="bbox 351 1173 1452 1256; baseline -0.007 0"><span class='ocrx_word' id='word_1_23' title='bbox 351 1177 488 1256; x_wconf 77' lang='lat' dir='ltr'><strong>nostri</strong></span> <span class='ocrx_word' id='word_1_24' title='bbox 516 1175 688 1254; x_wconf 92' lang='lat' dir='ltr'><strong>dominii</strong></span> <span class='ocrx_word' id='word_1_25' title='bbox 718 1201 822 1252; x_wconf 76' lang='lat' dir='ltr'><strong>tinus</strong></span> <span class='ocrx_word' id='word_1_26' title='bbox 852 1173 1258 1255; x_wconf 88' lang='lat' dir='ltr'><strong>ambassiator</strong></span> <span class='ocrx_word' id='word_1_27' title='bbox 1285 1195 1452 1250; x_wconf 89' lang='lat' dir='ltr'><strong>comu-</strong></span> 
     </span>
     <span class='ocr_line' id='line_1_7' title="bbox 351 1293 1451 1398; baseline -0.005 -22"><span class='ocrx_word' id='word_1_28' title='bbox 351 1299 569 1376; x_wconf 87' lang='lat' dir='ltr'><strong>nitatis</strong></span> <span class='ocrx_word' id='word_1_29' title='bbox 613 1297 830 1384; x_wconf 88' lang='lat' dir='ltr'><strong>Catari,</strong></span> <span class='ocrx_word' id='word_1_30' title='bbox 874 1305 916 1374; x_wconf 93' lang='lat' dir='ltr'><strong>et</strong></span> <span class='ocrx_word' id='word_1_31' title='bbox 944 1293 1191 1398; x_wconf 77' lang='lat' dir='ltr'><strong>exposuerit</strong></span> <span class='ocrx_word' id='word_1_32' title='bbox 1220 1317 1298 1397; x_wconf 91' lang='lat' dir='ltr'><strong>pro</strong></span> <span class='ocrx_word' id='word_1_33' title='bbox 1327 1299 1451 1395; x_wconf 88' lang='lat' dir='ltr'><strong>parte</strong></span> 
     </span>
     <span class='ocr_line' id='line_1_8' title="bbox 353 1414 1453 1519; baseline -0.002 -25"><span class='ocrx_word' id='word_1_34' title='bbox 353 1418 492 1497; x_wconf 82' lang='lat' dir='ltr'><strong>dictae</strong></span> <span class='ocrx_word' id='word_1_35' title='bbox 522 1419 801 1510; x_wconf 88' lang='lat' dir='ltr'><strong>comunitatis,</strong></span> <span class='ocrx_word' id='word_1_36' title='bbox 829 1419 943 1519; x_wconf 82' lang='lat' dir='ltr'><strong>quod</strong></span> <span class='ocrx_word' id='word_1_37' title='bbox 964 1418 1045 1518; x_wconf 93' lang='lat' dir='ltr'><strong>ipsi</strong></span> <span class='ocrx_word' id='word_1_38' title='bbox 1074 1415 1252 1494; x_wconf 90' lang='lat' dir='ltr'><strong>iamdiu</strong></span> <span class='ocrx_word' id='word_1_39' title='bbox 1281 1414 1453 1492; x_wconf 87' lang='lat' dir='ltr'><strong>fuerunt</strong></span> 
     </span>
     <span class='ocr_line' id='line_1_9' title="bbox 352 1534 1450 1636; baseline -0.004 -24"><span class='ocrx_word' id='word_1_40' title='bbox 352 1537 568 1616; x_wconf 90' lang='lat' dir='ltr'><strong>molestati</strong></span> <span class='ocrx_word' id='word_1_41' title='bbox 596 1539 768 1615; x_wconf 89' lang='lat' dir='ltr'><strong>multum</strong></span> <span class='ocrx_word' id='word_1_42' title='bbox 797 1561 819 1613; x_wconf 87' lang='lat' dir='ltr'><strong>a</strong></span> <span class='ocrx_word' id='word_1_43' title='bbox 848 1535 1177 1636; x_wconf 80' lang='lat' dir='ltr'><strong>magnifico</strong></span> <span class='ocrx_word' id='word_1_44' title='bbox 1213 1534 1450 1614; x_wconf 88' lang='lat' dir='ltr'><strong>domino</strong></span> 
     </span>
    </p>
   </div>
   <div class='ocr_carea' id='block_1_4' title="bbox 313 1639 1584 1758">
    <p class='ocr_par' dir='ltr' id='par_1_4' title="bbox 313 1639 1584 1758">
     <span class='ocr_line' id='line_1_10' title="bbox 313 1639 1584 1758; baseline 0 -26"><span class='ocrx_word' id='word_1_45' title='bbox 313 1656 604 1755; x_wconf 77' lang='lat' dir='ltr'><strong>¹Sandali</strong></span> <span class='ocrx_word' id='word_1_46' title='bbox 646 1659 952 1746; x_wconf 80' lang='lat' dir='ltr'><strong>etaBalsa3</strong></span> <span class='ocrx_word' id='word_1_47' title='bbox 993 1655 1283 1758; x_wconf 90' lang='lat' dir='ltr'><strong>quidominus</strong></span> <span class='ocrx_word' id='word_1_48' title='bbox 1324 1653 1451 1732; x_wconf 82' lang='lat' dir='ltr'><strong>San·</strong></span> <span class='ocrx_word' id='word_1_49' title='bbox 1581 1639 1584 1654; x_wconf 53' lang='lat'><strong>¹</strong></span> 
     </span>
    </p>
   </div>
   <div class='ocr_carea' id='block_1_5' title="bbox 288 1779 1451 2726">
    <p class='ocr_par' dir='ltr' id='par_1_5' title="bbox 288 1779 1451 2726">
     <span class='ocr_line' id='line_1_11' title="bbox 352 1779 1451 1882; baseline -0.004 -26"><span class='ocrx_word' id='word_1_50' title='bbox 352 1779 474 1856; x_wconf 85' lang='lat' dir='ltr'><strong>deli</strong></span> <span class='ocrx_word' id='word_1_51' title='bbox 516 1781 689 1880; x_wconf 91' lang='lat' dir='ltr'><strong>optabat</strong></span> <span class='ocrx_word' id='word_1_52' title='bbox 731 1802 945 1882; x_wconf 85' lang='lat' dir='ltr'><strong>occupare</strong></span> <span class='ocrx_word' id='word_1_53' title='bbox 986 1787 1139 1855; x_wconf 90' lang='lat' dir='ltr'><strong>terram</strong></span> <span class='ocrx_word' id='word_1_54' title='bbox 1180 1786 1223 1854; x_wconf 90' lang='lat' dir='ltr'><strong>et</strong></span> <span class='ocrx_word' id='word_1_55' title='bbox 1264 1785 1451 1856; x_wconf 80' lang='lat' dir='ltr'><strong>castrum</strong></span> 
     </span>
     <span class='ocr_line' id='line_1_12' title="bbox 353 1895 1451 2003; baseline -0.006 -23"><span class='ocrx_word' id='word_1_56' title='bbox 353 1899 523 1989; x_wconf 83' lang='lat' dir='ltr'><strong>Catari,</strong></span> <span class='ocrx_word' id='word_1_57' title='bbox 551 1909 731 2003; x_wconf 90' lang='lat' dir='ltr'><strong>propter</strong></span> <span class='ocrx_word' id='word_1_58' title='bbox 759 1900 871 2002; x_wconf 89' lang='lat' dir='ltr'><strong>quod</strong></span> <span class='ocrx_word' id='word_1_59' title='bbox 900 1899 1108 1978; x_wconf 89' lang='lat' dir='ltr'><strong>dederunt</strong></span> <span class='ocrx_word' id='word_1_60' title='bbox 1136 1897 1251 1978; x_wconf 91' lang='lat' dir='ltr'><strong>dicto</strong></span> <span class='ocrx_word' id='word_1_61' title='bbox 1279 1895 1451 1988; x_wconf 83' lang='lat' dir='ltr'><strong>Sandali</strong></span> 
     </span>
     <span class='ocr_line' id='line_1_13' title="bbox 288 2003 1449 2125; baseline -0.005 -27"><span class='ocrx_word' id='word_1_62' title='bbox 288 2003 290 2013; x_wconf 43' lang='lat'><strong>¹</strong></span> <span class='ocrx_word' id='word_1_63' title='bbox 350 2019 505 2098; x_wconf 88' lang='lat' dir='ltr'><strong>datium</strong></span> <span class='ocrx_word' id='word_1_64' title='bbox 546 2021 658 2116; x_wconf 88' lang='lat' dir='ltr'><strong>salis,</strong></span> <span class='ocrx_word' id='word_1_65' title='bbox 690 2020 848 2125; x_wconf 89' lang='lat' dir='ltr'><strong>etipse</strong></span> <span class='ocrx_word' id='word_1_66' title='bbox 877 2019 1126 2099; x_wconf 79' lang='lat' dir='ltr'><strong>satisfacere</strong></span> <span class='ocrx_word' id='word_1_67' title='bbox 1154 2017 1306 2098; x_wconf 85' lang='lat' dir='ltr'><strong>debeat</strong></span> <span class='ocrx_word' id='word_1_68' title='bbox 1337 2017 1449 2094; x_wconf 88' lang='lat' dir='ltr'><strong>Bal·</strong></span> 
     </span>
     <span class='ocr_line' id='line_1_14' title="bbox 351 2139 1449 2243; baseline -0.002 -23"><span class='ocrx_word' id='word_1_69' title='bbox 351 2165 444 2220; x_wconf 86' lang='lat' dir='ltr'><strong>sae</strong></span> <span class='ocrx_word' id='word_1_70' title='bbox 474 2142 784 2222; x_wconf 73' lang='lat' dir='ltr'><strong>utrazimiri</strong></span> <span class='ocrx_word' id='word_1_71' title='bbox 813 2143 951 2227; x_wconf 89' lang='lat' dir='ltr'><strong>deeo.</strong></span> <span class='ocrx_word' id='word_1_72' title='bbox 969 2141 1083 2243; x_wconf 91' lang='lat' dir='ltr'><strong>quod</strong></span> <span class='ocrx_word' id='word_1_73' title='bbox 1110 2141 1321 2220; x_wconf 86' lang='lat' dir='ltr'><strong>annuatim</strong></span> <span class='ocrx_word' id='word_1_74' title='bbox 1336 2139 1449 2218; x_wconf 86' lang='lat' dir='ltr'><strong>dieta</strong></span> 
     </span>
     <span class='ocr_line' id='line_1_15' title="bbox 354 2261 1450 2354; baseline -0.005 -10"><span class='ocrx_word' id='word_1_75' title='bbox 354 2263 589 2344; x_wconf 88' lang='lat' dir='ltr'><strong>comunitas</strong></span> <span class='ocrx_word' id='word_1_76' title='bbox 621 2261 785 2354; x_wconf 85' lang='lat' dir='ltr'><strong>Catari,</strong></span> <span class='ocrx_word' id='word_1_77' title='bbox 826 2262 940 2342; x_wconf 88' lang='lat' dir='ltr'><strong>dicto</strong></span> <span class='ocrx_word' id='word_1_78' title='bbox 969 2263 1116 2342; x_wconf 87' lang='lat' dir='ltr'><strong>Balsae</strong></span> <span class='ocrx_word' id='word_1_79' title='bbox 1144 2261 1269 2340; x_wconf 86' lang='lat' dir='ltr'><strong>dabat</strong></span> <span class='ocrx_word' id='word_1_80' title='bbox 1298 2269 1341 2338; x_wconf 90' lang='lat' dir='ltr'><strong>et</strong></span> <span class='ocrx_word' id='word_1_81' title='bbox 1367 2261 1450 2340; x_wconf 89' lang='lat' dir='ltr'><strong>sol·</strong></span> 
     </span>
     <span class='ocr_line' id='line_1_16' title="bbox 351 2381 1448 2464; baseline -0.002 -6"><span class='ocrx_word' id='word_1_82' title='bbox 351 2383 488 2462; x_wconf 75' lang='lat' dir='ltr'><strong>vebat</strong></span> <span class='ocrx_word' id='word_1_83' title='bbox 519 2381 603 2460; x_wconf 82' lang='lat' dir='ltr'><strong>Sed</strong></span> <span class='ocrx_word' id='word_1_84' title='bbox 619 2382 755 2462; x_wconf 86' lang='lat' dir='ltr'><strong>dictus</strong></span> <span class='ocrx_word' id='word_1_85' title='bbox 785 2383 954 2464; x_wconf 77' lang='lat' dir='ltr'><strong>Sandali</strong></span> <span class='ocrx_word' id='word_1_86' title='bbox 981 2386 1069 2460; x_wconf 83' lang='lat' dir='ltr'><strong>vult</strong></span> <span class='ocrx_word' id='word_1_87' title='bbox 1096 2381 1255 2460; x_wconf 87' lang='lat' dir='ltr'><strong>habere</strong></span> <span class='ocrx_word' id='word_1_88' title='bbox 1281 2381 1448 2459; x_wconf 88' lang='lat' dir='ltr'><strong>fideius-</strong></span> 
     </span>
     <span class='ocr_line' id='line_1_17' title="bbox 352 2503 1449 2584; baseline 0 -2"><span class='ocrx_word' id='word_1_89' title='bbox 352 2503 515 2582; x_wconf 86' lang='lat' dir='ltr'><strong>sionem</strong></span> <span class='ocrx_word' id='word_1_90' title='bbox 556 2505 806 2584; x_wconf 86' lang='lat' dir='ltr'><strong>ducatorum</strong></span> <span class='ocrx_word' id='word_1_91' title='bbox 848 2505 941 2584; x_wconf 77' lang='grc' dir='ltr'><strong>’ΧΠ</strong></span> <span class='ocrx_word' id='word_1_92' title='bbox 994 2505 1108 2584; x_wconf 89' lang='lat' dir='ltr'><strong>mille</strong></span> <span class='ocrx_word' id='word_1_93' title='bbox 1137 2529 1160 2582; x_wconf 94' lang='lat' dir='ltr'><strong>a</strong></span> <span class='ocrx_word' id='word_1_94' title='bbox 1188 2503 1449 2584; x_wconf 87' lang='lat' dir='ltr'><strong>comunitate</strong></span> 
     </span>
     <span class='ocr_line' id='line_1_18' title="bbox 352 2619 1449 2726; baseline -0.004 -24"><span class='ocrx_word' id='word_1_95' title='bbox 352 2619 517 2711; x_wconf 87' lang='lat' dir='ltr'><strong>Catari,</strong></span> <span class='ocrx_word' id='word_1_96' title='bbox 562 2630 604 2700; x_wconf 89' lang='lat' dir='ltr'><strong>ot</strong></span> <span class='ocrx_word' id='word_1_97' title='bbox 632 2622 686 2701; x_wconf 91' lang='lat' dir='ltr'><strong>ob</strong></span> <span class='ocrx_word' id='word_1_98' title='bbox 714 2623 799 2708; x_wconf 85' lang='lat' dir='ltr'><strong>hoc</strong></span> <span class='ocrx_word' id='word_1_99' title='bbox 842 2623 996 2704; x_wconf 88' lang='lat' dir='ltr'><strong>retinet</strong></span> <span class='ocrx_word' id='word_1_100' title='bbox 1034 2624 1224 2726; x_wconf 87' lang='lat' dir='ltr'><strong>captivos</strong></span> <span class='ocrx_word' id='word_1_101' title='bbox 1264 2629 1449 2724; x_wconf 84' lang='lat' dir='ltr'><strong>quatuor</strong></span> 
     </span>
    </p>
   </div>
   <div class='ocr_carea' id='block_1_6' title="bbox 351 2743 1586 2972">
    <p class='ocr_par' dir='ltr' id='par_1_6' title="bbox 351 2743 1586 2972">
     <span class='ocr_line' id='line_1_19' title="bbox 351 2743 1447 2846; baseline -0.019 -8"><span class='ocrx_word' id='word_1_102' title='bbox 351 2766 451 2840; x_wconf 75' lang='lat' dir='ltr'><strong>auos</strong></span> <span class='ocrx_word' id='word_1_103' title='bbox 479 2745 621 2837; x_wconf 83' lang='lat' dir='ltr'><strong>cives,</strong></span> <span class='ocrx_word' id='word_1_104' title='bbox 663 2767 766 2846; x_wconf 84' lang='lat' dir='ltr'><strong>quos</strong></span> <span class='ocrx_word' id='word_1_105' title='bbox 803 2745 984 2825; x_wconf 86' lang='lat' dir='ltr'><strong>liberare</strong></span> <span class='ocrx_word' id='word_1_106' title='bbox 1011 2771 1096 2824; x_wconf 93' lang='lat' dir='ltr'><strong>non</strong></span> <span class='ocrx_word' id='word_1_107' title='bbox 1124 2743 1326 2832; x_wconf 87' lang='lat' dir='ltr'><strong>intendit,</strong></span> <span class='ocrx_word' id='word_1_108' title='bbox 1366 2743 1447 2821; x_wconf 89' lang='lat' dir='ltr'><strong>nisi</strong></span> 
     </span>
     <span class='ocr_line' id='line_1_20' title="bbox 351 2857 1586 2972; baseline -0.006 -28"><span class='ocrx_word' id='word_1_109' title='bbox 351 2866 468 2972; x_wconf 90' lang='lat' dir='ltr'><strong>prius</strong></span> <span class='ocrx_word' id='word_1_110' title='bbox 497 2865 650 2943; x_wconf 87' lang='lat' dir='ltr'><strong>habeat</strong></span> <span class='ocrx_word' id='word_1_111' title='bbox 679 2867 904 2968; x_wconf 79' lang='lat' dir='ltr'><strong>plezariam</strong></span> <span class='ocrx_word' id='word_1_112' title='bbox 932 2867 1176 2970; x_wconf 87' lang='lat' dir='ltr'><strong>predictam.</strong></span> <span class='ocrx_word' id='word_1_113' title='bbox 1203 2863 1255 2944; x_wconf 78' lang='lat' dir='ltr'><strong>nt</strong></span> <span class='ocrx_word' id='word_1_114' title='bbox 1284 2865 1446 2942; x_wconf 90' lang='lat' dir='ltr'><strong>dehoc</strong></span> <span class='ocrx_word' id='word_1_115' title='bbox 1585 2857 1586 2900; x_wconf 67' lang='lat'><em>³</em></span> 
     </span>
    </p>
   </div>
   <div class='ocr_carea' id='block_1_7' title="bbox 351 2985 1446 3209">
    <p class='ocr_par' dir='ltr' id='par_1_7' title="bbox 351 2985 1446 3209">
     <span class='ocr_line' id='line_1_21' title="bbox 352 2985 1446 3086; baseline 0 -20"><span class='ocrx_word' id='word_1_116' title='bbox 352 2987 488 3066; x_wconf 86' lang='lat' dir='ltr'><strong>dictus</strong></span> <span class='ocrx_word' id='word_1_117' title='bbox 517 2985 793 3065; x_wconf 88' lang='lat' dir='ltr'><strong>ambassiator</strong></span> <span class='ocrx_word' id='word_1_118' title='bbox 832 2987 1035 3065; x_wconf 88' lang='lat' dir='ltr'><strong>instanter</strong></span> <span class='ocrx_word' id='word_1_119' title='bbox 1061 2987 1226 3086; x_wconf 85' lang='lat' dir='ltr'><strong>rogavit</strong></span> <span class='ocrx_word' id='word_1_120' title='bbox 1252 2991 1446 3066; x_wconf 89' lang='lat' dir='ltr'><strong>nostrum</strong></span> 
     </span>
     <span class='ocr_line' id='line_1_22' title="bbox 351 3104 1444 3209; baseline -0.002 -23"><span class='ocrx_word' id='word_1_121' title='bbox 351 3105 594 3198; x_wconf 85' lang='lat' dir='ltr'><strong>dominium,</strong></span> <span class='ocrx_word' id='word_1_122' title='bbox 609 3113 653 3184; x_wconf 90' lang='lat' dir='ltr'><strong>ut</strong></span> <span class='ocrx_word' id='word_1_123' title='bbox 668 3106 888 3206; x_wconf 84' lang='lat' dir='ltr'><strong>dignemur</strong></span> <span class='ocrx_word' id='word_1_124' title='bbox 915 3107 1068 3186; x_wconf 89' lang='lat' dir='ltr'><strong>dictam</strong></span> <span class='ocrx_word' id='word_1_125' title='bbox 1093 3104 1333 3209; x_wconf 84' lang='lat' dir='ltr'><strong>plezariam,</strong></span> <span class='ocrx_word' id='word_1_126' title='bbox 1361 3104 1444 3184; x_wconf 89' lang='lat' dir='ltr'><strong>dio·</strong></span> 
     </span>
    </p>
   </div>
   <div class='ocr_carea' id='block_1_8' title="bbox 352 3225 1586 3316">
    <p class='ocr_par' dir='ltr' id='par_1_8' title="bbox 352 3225 1586 3316">
     <span class='ocr_line' id='line_1_23' title="bbox 352 3225 1586 3316; baseline -0.002 -10"><span class='ocrx_word' id='word_1_127' title='bbox 352 3237 397 3306; x_wconf 90' lang='lat' dir='ltr'><strong>to</strong></span> <span class='ocrx_word' id='word_1_128' title='bbox 425 3225 606 3316; x_wconf 83' lang='lat' dir='ltr'><strong>Sandali,</strong></span> <span class='ocrx_word' id='word_1_129' title='bbox 634 3231 801 3306; x_wconf 89' lang='lat' dir='ltr'><strong>nomine</strong></span> <span class='ocrx_word' id='word_1_130' title='bbox 830 3229 968 3306; x_wconf 87' lang='lat' dir='ltr'><strong>dictae</strong></span> <span class='ocrx_word' id='word_1_131' title='bbox 997 3227 1260 3308; x_wconf 88' lang='lat' dir='ltr'><strong>comunitatis</strong></span> <span class='ocrx_word' id='word_1_132' title='bbox 1287 3225 1445 3305; x_wconf 85' lang='lat' dir='ltr'><strong>facere.</strong></span> <span class='ocrx_word' id='word_1_133' title='bbox 1585 3227 1586 3238; x_wconf 70' lang='lat'><em>&#39;</em></span> 
     </span>
    </p>
   </div>
   <div class='ocr_carea' id='block_1_9' title="bbox 263 3346 1444 3454">
    <p class='ocr_par' dir='ltr' id='par_1_9' title="bbox 263 3346 1444 3454">
     <span class='ocr_line' id='line_1_24' title="bbox 263 3346 1444 3454; baseline -0.005 -22"><span class='ocrx_word' id='word_1_134' title='bbox 263 3424 265 3432; x_wconf 85' lang='lat'>.</span> <span class='ocrx_word' id='word_1_135' title='bbox 350 3347 477 3426; x_wconf 84' lang='lat' dir='ltr'><strong>Vadit</strong></span> <span class='ocrx_word' id='word_1_136' title='bbox 503 3373 623 3452; x_wconf 89' lang='lat' dir='ltr'><strong>pars:</strong></span> <span class='ocrx_word' id='word_1_137' title='bbox 666 3349 782 3450; x_wconf 87' lang='lat' dir='ltr'><strong>quod</strong></span> <span class='ocrx_word' id='word_1_138' title='bbox 810 3351 1117 3454; x_wconf 88' lang='lat' dir='ltr'><strong>respondeatur</strong></span> <span class='ocrx_word' id='word_1_139' title='bbox 1145 3350 1259 3428; x_wconf 90' lang='lat' dir='ltr'><strong>dicto</strong></span> <span class='ocrx_word' id='word_1_140' title='bbox 1287 3346 1444 3428; x_wconf 87' lang='lat' dir='ltr'><strong>ambas·</strong></span> 
     </span>
    </p>
   </div>
   <div class='ocr_carea' id='block_1_10' title="bbox 353 3469 1586 3694">
    <p class='ocr_par' dir='ltr' id='par_1_10' title="bbox 353 3469 1586 3694">
     <span class='ocr_line' id='line_1_25' title="bbox 353 3469 1586 3574; baseline -0.003 -28"><span class='ocrx_word' id='word_1_141' title='bbox 353 3470 528 3568; x_wconf 86' lang='lat' dir='ltr'><strong>siatori,</strong></span> <span class='ocrx_word' id='word_1_142' title='bbox 559 3469 673 3574; x_wconf 93' lang='lat' dir='ltr'><strong>quod</strong></span> <span class='ocrx_word' id='word_1_143' title='bbox 702 3473 857 3550; x_wconf 86' lang='lat' dir='ltr'><strong>veritas</strong></span> <span class='ocrx_word' id='word_1_144' title='bbox 887 3477 950 3548; x_wconf 89' lang='lat' dir='ltr'><strong>est</strong></span> <span class='ocrx_word' id='word_1_145' title='bbox 978 3470 1071 3570; x_wconf 90' lang='lat' dir='ltr'><strong>quia</strong></span> <span class='ocrx_word' id='word_1_146' title='bbox 1099 3493 1267 3572; x_wconf 88' lang='lat' dir='ltr'><strong>semper</strong></span> <span class='ocrx_word' id='word_1_147' title='bbox 1295 3469 1445 3546; x_wconf 89' lang='lat' dir='ltr'><strong>amavi·</strong></span> <span class='ocrx_word' id='word_1_148' title='bbox 1584 3509 1586 3542; x_wconf 57' lang='lat' dir='ltr'><strong>l</strong></span> 
     </span>
     <span class='ocr_line' id='line_1_26' title="bbox 353 3590 1586 3694; baseline 0 -25"><span class='ocrx_word' id='word_1_149' title='bbox 353 3615 448 3670; x_wconf 91' lang='lat' dir='ltr'><strong>mus</strong></span> <span class='ocrx_word' id='word_1_150' title='bbox 477 3592 775 3668; x_wconf 88' lang='lat' dir='ltr'><strong>comunitatem</strong></span> <span class='ocrx_word' id='word_1_151' title='bbox 806 3591 972 3676; x_wconf 88' lang='lat' dir='ltr'><strong>Catari,</strong></span> <span class='ocrx_word' id='word_1_152' title='bbox 1012 3591 1135 3668; x_wconf 88' lang='lat' dir='ltr'><strong>nobis</strong></span> <span class='ocrx_word' id='word_1_153' title='bbox 1164 3590 1375 3694; x_wconf 89' lang='lat' dir='ltr'><strong>displicuit</strong></span> <span class='ocrx_word' id='word_1_154' title='bbox 1403 3597 1445 3670; x_wconf 89' lang='lat' dir='ltr'><strong>et</strong></span> <span class='ocrx_word' id='word_1_155' title='bbox 1585 3617 1586 3646; x_wconf 57' lang='lat' dir='ltr'><strong>t</strong></span> 
     </span>
    </p>
   </div>
   <div class='ocr_carea' id='block_1_11' title="bbox 353 3711 1444 4178">
    <p class='ocr_par' dir='ltr' id='par_1_11' title="bbox 353 3711 1444 4178">
     <span class='ocr_line' id='line_1_27' title="bbox 353 3711 1444 3818; baseline -0.004 -28"><span class='ocrx_word' id='word_1_156' title='bbox 353 3735 524 3818; x_wconf 91' lang='lat' dir='ltr'><strong>semper</strong></span> <span class='ocrx_word' id='word_1_157' title='bbox 565 3711 831 3812; x_wconf 83' lang='lat' dir='ltr'><strong>displiceret,</strong></span> <span class='ocrx_word' id='word_1_158' title='bbox 874 3711 986 3813; x_wconf 90' lang='lat' dir='ltr'><strong>quod</strong></span> <span class='ocrx_word' id='word_1_159' title='bbox 1024 3711 1160 3790; x_wconf 91' lang='lat' dir='ltr'><strong>dictae</strong></span> <span class='ocrx_word' id='word_1_160' title='bbox 1203 3711 1444 3790; x_wconf 87' lang='lat' dir='ltr'><strong>comunitati</strong></span> 
     </span>
     <span class='ocr_line' id='line_1_28' title="bbox 353 3831 1443 3932; baseline -0.003 -23"><span class='ocrx_word' id='word_1_161' title='bbox 353 3833 611 3910; x_wconf 79' lang='lat' dir='ltr'><strong>inferrentur</strong></span> <span class='ocrx_word' id='word_1_162' title='bbox 638 3831 846 3910; x_wconf 88' lang='lat' dir='ltr'><strong>novitates</strong></span> <span class='ocrx_word' id='word_1_163' title='bbox 875 3842 916 3910; x_wconf 87' lang='lat' dir='ltr'><strong>et</strong></span> <span class='ocrx_word' id='word_1_164' title='bbox 943 3833 1142 3932; x_wconf 78' lang='lat' dir='ltr'><strong>injuriae,</strong></span> <span class='ocrx_word' id='word_1_165' title='bbox 1172 3841 1214 3908; x_wconf 88' lang='lat' dir='ltr'><strong>et</strong></span> <span class='ocrx_word' id='word_1_166' title='bbox 1240 3831 1443 3908; x_wconf 89' lang='lat' dir='ltr'><strong>vellemus</strong></span> 
     </span>
     <span class='ocr_line' id='line_1_29' title="bbox 354 3949 1441 4055; baseline -0.003 -26"><span class='ocrx_word' id='word_1_167' title='bbox 354 3949 467 4054; x_wconf 91' lang='lat' dir='ltr'><strong>quod</strong></span> <span class='ocrx_word' id='word_1_168' title='bbox 495 3951 667 4055; x_wconf 84' lang='lat' dir='ltr'><strong>pacifice</strong></span> <span class='ocrx_word' id='word_1_169' title='bbox 697 3961 739 4032; x_wconf 89' lang='lat' dir='ltr'><strong>et</strong></span> <span class='ocrx_word' id='word_1_170' title='bbox 767 3952 907 4055; x_wconf 90' lang='lat' dir='ltr'><strong>quiete</strong></span> <span class='ocrx_word' id='word_1_171' title='bbox 935 3955 1078 4030; x_wconf 88' lang='lat' dir='ltr'><strong>vivere</strong></span> <span class='ocrx_word' id='word_1_172' title='bbox 1106 3962 1296 4055; x_wconf 89' lang='lat' dir='ltr'><strong>possent;</strong></span> <span class='ocrx_word' id='word_1_173' title='bbox 1323 3951 1441 4028; x_wconf 92' lang='lat' dir='ltr'><strong>etad</strong></span> 
     </span>
     <span class='ocr_line' id='line_1_30' title="bbox 354 4069 1438 4178; baseline -0.001 -31"><span class='ocrx_word' id='word_1_174' title='bbox 354 4072 578 4174; x_wconf 78' lang='lat' dir='ltr'><strong>plenariam</strong></span> <span class='ocrx_word' id='word_1_175' title='bbox 619 4099 741 4174; x_wconf 92' lang='lat' dir='ltr'><strong>quam</strong></span> <span class='ocrx_word' id='word_1_176' title='bbox 769 4077 915 4176; x_wconf 89' lang='lat' dir='ltr'><strong>petunt</strong></span> <span class='ocrx_word' id='word_1_177' title='bbox 941 4081 1236 4178; x_wconf 64' lang='lat' dir='ltr'><strong>perinostrum</strong></span> <span class='ocrx_word' id='word_1_178' title='bbox 1268 4069 1438 4150; x_wconf 92' lang='lat' dir='ltr'><strong>domini·</strong></span> 
     </span>
    </p>
   </div>
   <div class='ocr_carea' id='block_1_12' title="bbox 287 4190 1585 4408">
    <p class='ocr_par' dir='ltr' id='par_1_12' title="bbox 287 4190 1585 4408">
     <span class='ocr_line' id='line_1_31' title="bbox 287 4190 1585 4311; baseline -0.002 -41"><span class='ocrx_word' id='word_1_179' title='bbox 287 4278 291 4289; x_wconf 57' lang='grc'>,</span> <span class='ocrx_word' id='word_1_180' title='bbox 356 4217 423 4270; x_wconf 92' lang='lat' dir='ltr'><strong>um</strong></span> <span class='ocrx_word' id='word_1_181' title='bbox 439 4193 882 4280; x_wconf 77' lang='lat' dir='ltr'><strong>lierinominediotae</strong></span> <span class='ocrx_word' id='word_1_182' title='bbox 912 4195 1193 4282; x_wconf 89' lang='lat' dir='ltr'><strong>comunitatis,</strong></span> <span class='ocrx_word' id='word_1_183' title='bbox 1222 4190 1439 4294; x_wconf 84' lang='lat' dir='ltr'><strong>magnifico</strong></span> <span class='ocrx_word' id='word_1_184' title='bbox 1581 4243 1585 4311; x_wconf 53' lang='lat' dir='ltr'><strong>p</strong></span> 
     </span>
     <span class='ocr_line' id='line_1_32' title="bbox 355 4313 1437 4408; baseline -0.007 -13"><span class='ocrx_word' id='word_1_185' title='bbox 355 4315 525 4395; x_wconf 91' lang='lat' dir='ltr'><strong>domino</strong></span> <span class='ocrx_word' id='word_1_186' title='bbox 557 4313 742 4402; x_wconf 79' lang='lat' dir='ltr'><strong>sandali,</strong></span> <span class='ocrx_word' id='word_1_187' title='bbox 770 4313 932 4394; x_wconf 87' lang='lat' dir='ltr'><strong>ducatis</strong></span> <span class='ocrx_word' id='word_1_188' title='bbox 959 4313 1067 4394; x_wconf 87' lang='lat' dir='ltr'>·x11·</span> <span class='ocrx_word' id='word_1_189' title='bbox 1094 4315 1219 4402; x_wconf 90' lang='lat' dir='ltr'><strong>mille,</strong></span> <span class='ocrx_word' id='word_1_190' title='bbox 1248 4313 1437 4408; x_wconf 88' lang='lat' dir='ltr'><strong>dicimus,</strong></span> 
     </span>
    </p>
   </div>
   <div class='ocr_carea' id='block_1_13' title="bbox 0 0 1614 5118">
    <p class='ocr_par' dir='ltr' id='par_1_13' title="bbox 0 0 1614 5118">
     <span class='ocr_line' id='line_1_33' title="bbox 0 0 1614 5118; baseline 0 2"><span class='ocrx_word' id='word_1_191' title='bbox 0 0 1614 5118; x_wconf 95' lang='lat' dir='ltr'><strong> </strong></span> 
     </span>
    </p>
   </div>
  </div>
 </body>
</html>
