3226 5112
517 631 855 734 CCCXCIX.
885 655 998 730 mac.
1029 657 1064 730 a.
1106 649 1337 742 Martii,

751 778 803 849 in
841 769 1107 870 Rogatis.

381 970 603 1029 ilacrasaanb
626 987 661 1026 aa
685 984 784 1025 sacae
809 985 826 1022 n
851 919 1018 1023 aanerasa
1043 963 1296 1038 Csapapcnora,
1329 978 1411 1018 naso
1436 975 1473 1028 ,aa

400 1091 518 1148 yrama
544 1073 648 1146 σμγ,
681 1084 756 1127 noro
780 1085 797 1124 a
820 1083 963 1138 nopnrao
986 1067 1189 1142 blapanorrra
1213 1083 1232 1140 y
1257 1067 1454 1140 npap'sanna

726 1169 878 1229 Aroania.
924 1163 1162 1267 (Capabeao).x

367 1361 373 1374 ·
482 1322 601 1423 Quod
631 1319 846 1397 scribatur
872 1318 1017 1397 comiti
1042 1327 1083 1397 et
1112 1319 1334 1419 capitaneo
1364 1315 1481 1396 Sco·

381 1446 485 1524 tari
514 1442 553 1520 in
583 1439 664 1520 bac
692 1440 855 1516 forma:

481 1562 688 1640 Volentes
714 1559 943 1662 providere
974 1557 1291 1638 conservationi
1312 1559 1398 1634 loci
1415 1582 1482 1636 no·

306 1755 308 1760 .
382 1686 457 1762 stri
500 1679 767 1766 Scutari,
810 1689 851 1756 et
887 1680 1067 1756 aliorum
1098 1679 1292 1758 locorum
1322 1685 1485 1754 nostro·
1536 1713 1540 1719 ·

384 1827 477 1880 rum
507 1803 560 1879 da
591 1799 700 1890 inde,
729 1811 771 1877 et
799 1824 879 1901 pro
910 1801 1157 1877 reducendo
1188 1799 1282 1876 loca
1309 1795 1485 1876 rebellia

389 1925 440 1999 ab
472 1919 757 1998 obedientiam
788 1931 988 2006 nostram,
1016 1927 1058 1994 et
1087 1919 1232 1995 lacere
1260 1918 1363 1996 alios
1393 1941 1486 2018 pro·

276 2028 280 2038 ’
383 2040 570 2117 visiones
612 2039 737 2114 utiles
778 2047 820 2115 ct
858 2037 1144 2115 neccessarias
1172 2095 1181 2112 .
1210 2093 1220 2114 .
1247 2093 1257 2114 .
1286 2090 1296 2111 .
1326 2037 1488 2113 manda·

385 2160 641 2237 rimusviro
673 2155 799 2234 nobili
843 2157 1157 2234 Silvestro
1188 2157 1490 2233 Mauroce·

386 2307 410 2356 n
428 2302 481 2369 o,
511 2277 732 2378 capitaneo
763 2287 910 2354 nostro
939 2279 1129 2376 generali
1159 2279 1299 2370 maris,
1322 2282 1369 2354 ut
1395 2302 1488 2356 cum

387 2397 519 2498 galeis
537 2395 615 2473 sibi
632 2399 823 2475 comissis
846 2423 891 2473 se
920 2397 1112 2476 conferat
1141 2399 1183 2474 in
1214 2397 1245 2474 B
1262 2398 1316 2474 oi
1333 2422 1395 2474 an
1414 2423 1436 2474 a
1453 2421 1489 2472 rn

388 2577 396 2593 .
426 2577 434 2592 .
463 2573 474 2594 .
504 2577 512 2593 .
543 2524 584 2596 et
612 2517 735 2595 vobis
765 2520 1036 2604 mandamus,
1076 2529 1119 2596 at
1161 2517 1387 2597 attendatis
1416 2541 1491 2622 per

387 2663 554 2717 ornnem
594 2641 763 2716 modum
806 2637 949 2714 venire
979 2638 1028 2714 ad
1059 2639 1195 2740 ipsum
1225 2638 1489 2741 capitaneum

389 2765 431 2836 ct
460 2781 555 2835 esse
592 2759 630 2834 in
662 2758 882 2858 colloquio
914 2783 1007 2844 rum
1039 2785 1091 2836 eo
1124 2813 1292 2835 .....
1322 2757 1491 2860 quando
1586 2771 1587 2800 ³

389 2887 529 2958 antem
557 2879 703 2955 venire
733 2903 815 2955 narn
845 2863 1059 2980 poteritis,
1089 2879 1346 2982 provideatis
1376 2879 1490 2956 intel·

390 3001 523 3098 ligere
557 3023 634 3078 vos
669 3023 814 3076 secum
853 3023 932 3102 per
966 3001 1075 3078 riam
1107 2997 1320 3078 literarum
1352 3007 1427 3078 aut
1454 2999 1491 3078 li·

388 3121 539 3195 dorom
568 3119 809 3196 nuntiorum
841 3175 1166 3197 .........
1196 3119 1248 3198 lllt
1284 3121 1381 3222 quia
1422 3119 1495 3197 init
1585 3133 1586 3221 ξ

388 3239 439 3316 ad
469 3237 745 3337 praesentiam
787 3243 976 3315 nostram
1017 3241 1045 3316 J
1060 3241 1285 3316 acobus
1312 3239 1365 3316 de
1410 3241 1492 3318 Se·

391 3359 491 3446 nis,
520 3360 591 3458 qui
619 3359 742 3438 nobis
772 3363 990 3440 lateralia
1020 3361 1137 3446 dixit,
1166 3361 1278 3462 quod
1319 3359 1492 3439 Tanu·

390 3501 410 3554 s
426 3477 437 3551 i
454 3504 478 3552 u
494 3503 513 3552 s
543 3505 567 3581 p
585 3503 606 3552 a
626 3505 685 3556 rv
703 3507 725 3556 u
744 3505 789 3572 s,
817 3482 894 3554 sub
925 3480 1044 3560 carius
1073 3479 1320 3580 specialiter
1348 3481 1493 3558 favore

390 3595 676 3675 Stefanus
718 3601 1085 3676 lllaramontc
1125 3599 1318 3678 inimicus
1346 3610 1493 3679 noster

390 3717 615 3816 occupavit
655 3725 698 3794 et
738 3718 888 3796 intollit
925 3741 1121 3818 gverram
1161 3719 1269 3796 loeis
1297 3723 1352 3798 de
1381 3722 1492 3806 inde,

391 3837 571 3914 libenter
612 3839 773 3914 veniret
815 3840 864 3916 ad
907 3839 1082 3935 gratiam
1113 3847 1302 3916 nostram
1332 3893 1493 3916 .....

322 3943 325 3958 ’
389 3957 660 4054 volumus..
693 4016 699 4028 .
731 3981 805 4032 ros
846 3957 1065 4059 prallcetis
1106 3959 1397 4058 promittendo
1440 3960 1493 4038 el·

390 4079 486 4154 dem
529 4077 823 4166 Tantrsio,
865 4077 976 4178 quod
1018 4079 1053 4154 si
1088 4077 1179 4178 ipse
1206 4077 1295 4154 vult
1322 4067 1493 4184 operari

395 4201 437 4272 et
464 4219 629 4298 ponere
658 4195 771 4274 vires
792 4219 887 4274 suas
904 4197 1029 4275 simul
1059 4221 1155 4276 cum
1186 4203 1336 4278 nostro
1364 4201 1492 4279 domi·
