3228 5108
1224 450 1290 520 Μ
1345 425 1347 430 ,

16 601 17 608 ¹
77 675 81 686 ·
192 641 311 752 quod
354 628 544 758 inspectu
584 651 780 732 iibertste
821 677 921 742 sun,
960 653 1160 735 ridebant
1199 678 1284 735 non

189 789 323 872 posse
351 779 577 876 noeeptsre
607 767 864 850 oblationem
894 769 974 852 sibi
1001 773 1178 862 ieotem,
1207 773 1285 852 nisi

190 891 273 972 iret
299 915 407 970 unus
433 916 583 972 eorum
608 892 893 996 personaliter
920 891 1129 996 adipsum
1158 895 1304 974 domi·‘

191 1031 291 1090 num
317 1033 439 1090 suum
467 1023 510 1091 et
537 1012 712 1092 rediret.
739 1011 823 1092 Sed
852 1011 1077 1120 sperabant
1102 1039 1201 1116 ymo
1230 1015 1285 1091 in·

191 1129 317 1212 dubie
346 1133 557 1211 tenebunt.
588 1131 701 1233 quod
725 1133 818 1235 ipse
846 1131 1039 1209 dominus
1069 1157 1179 1220 suus,
1208 1133 1286 1212 do·

190 1249 379 1328 minus
430 1249 627 1338 Batou,
681 1255 926 1353 acceptaret
975 1252 1153 1351 gretiam
1194 1275 1285 1330 nos·

191 1381 299 1451 trum
340 1379 384 1449 et
422 1371 552 1450 veiiet
600 1393 694 1448 esse
733 1375 777 1448 et
816 1393 1038 1449 remanere
1091 1373 1201 1452 iiiins
1244 1381 1287 1450 et

193 1491 380 1569 servitor
419 1493 554 1570 nostri
593 1489 792 1577 dominii,
834 1477 891 1566 edw
930 1515 1038 1593 quse
1078 1493 1208 1570 verbo
1245 1499 1288 1570 et

194 1635 316 1714 quem
379 1613 726 1716 requisitionem,
793 1612 893 1690 dieti
958 1611 1121 1691 nobiles
1173 1613 1286 1691 nniu-

194 1741 316 1812 erunt
354 1731 434 1812 sibi
475 1733 574 1812 dere
626 1733 946 1838 responsionem
989 1731 1078 1810 sine
1119 1733 1287 1813 iioeniis

194 1853 368 1932 dominii
396 1862 439 1934 et
453 1853 572 1934 istius
601 1851 777 1933 consilii.
805 1851 930 1931 Vadit
957 1877 1066 1956 pers:
1095 1853 1286 1932 conside·

192 1983 286 2054 reto
316 1977 431 2077 quod
458 1975 637 2054 honeste
664 1972 773 2080 istud
800 1971 1000 2073 denegari
1027 1993 1110 2051 non
1127 1981 1285 2076 posset,

196 2094 312 2195 quod
339 2092 423 2172 diei
449 2093 531 2172 sibi
557 2089 722 2181 debeat,
751 2093 864 2195 quod
891 2099 1112 2194 postquem
1134 2093 1285 2195 itepie·

195 2221 264 2292 oet
292 2212 368 2304 eis,
392 2215 535 2316 pieoet
561 2213 684 2292 etiem
711 2213 853 2296 nobis,
882 2212 959 2291 sed
988 2235 1180 2292 exnunc
1208 2235 1286 2292 nos

194 2333 386 2434 uiuimus,
416 2333 529 2438 quod
555 2337 747 2413 volumus
774 2355 996 2412 remanere
1024 2333 1065 2411 in
1092 2335 1287 2414 libertate

193 2459 352 2542 nostre,
379 2457 606 2560 sicutipse
634 2457 826 2535 dominus
851 2457 970 2534 estin
985 2479 1075 2554 sue,
1092 2459 1147 2534 ite
1176 2456 1287 2558 quod

195 2577 237 2655 in
264 2575 402 2656 reditu
439 2575 548 2655 iiiius
576 2577 646 2679 qni
673 2575 776 2666 ibit,
816 2583 996 2677 utreque
1033 2601 1132 2679 pers
1158 2601 1288 2654 reme·

194 2695 458 2778 uestinum
498 2691 717 2786 iiberteie,
758 2705 801 2775 et
828 2705 928 2776 tuno
964 2699 1004 2776 in
1033 2697 1168 2776 reditu
1201 2719 1287 2774 suo

193 2817 387 2897 venietur
414 2817 465 2894 ud
492 2818 602 2897 istud
631 2817 879 2904 eonsilium,
925 2825 968 2896 et
994 2815 1286 2922 providebitur

195 2947 239 3018 et
265 2937 597 3026 flet‚seeundum
625 2936 740 3040 quod
768 2941 937 3042 captum
954 2945 998 3016 et
1011 2937 1287 3017 deliberatum

194 3059 333 3146 inerit,
359 3081 439 3163 per
464 3059 574 3138 istud
602 3058 823 3137 oonsiiinm
851 3065 1111 3158 rogatorum.

508 3211 611 3280 θεον.
635 3211 747 3279 Cone.
771 3213 903 3301 Rogat.
926 3208 1003 3277 Lib.
1028 3211 1089 3277 111.
1113 3217 1170 3280 ch.
1191 3183 1241 3278 51.

63 3433 83 3514 7
222 3451 822 3553 COXXXV.uo⁷.1no.
852 3470 939 3549 xv,
967 3477 1005 3548 r.
1036 3471 1261 3550 uarum

191 3639 260 3740 pins*
279 3679 317 3723 ce
342 3634 461 3724 neuere
483 3665 644 3751 nemerim
667 3682 877 3742 pynpononn,
901 3681 938 3736 pe
962 3679 1052 3720 noue
1086 3679 1147 3719 one
1170 3679 1245 3721 urso
1268 3682 1285 3722 u

215 3785 343 3844 nynpno
365 3785 552 3844 npepyeern
577 3787 596 3827 n
618 3765 808 3828 eenrronurn
831 3786 913 3844 papn
936 3783 1109 3840 nounpesn
1132 3782 1174 3821 cn
1185 3769 1264 3824 Ber·

234 3889 349 3943 moue,
372 3889 435 3962 epu
458 3891 497 3948 ey
519 3891 620 3932 neore
645 3890 786 3931 oenoeua
808 3869 980 3948 yrinoanie
1004 3872 1244 3944 eueonimaopn

383 3979 507 4037 uisrone
531 3978 654 4037 uoisose
678 3997 698 4056 y
722 3977 867 4038 nerusoii
891 3992 1086 4034 onacuooru.

300 4145 443 4252 cepte,
496 4139 599 4245 Quis
639 4147 747 4224 siout
787 4145 967 4225 hebetur
1007 4167 1083 4246 per
1125 4141 1285 4221 iitterns

195 4275 412 4350 rectorum
440 4275 682 4348 nostrorum
709 4291 736 4370 p
751 4291 774 4345 e
790 4269 867 4345 rti
882 4291 908 4342 u
925 4289 963 4343 m
990 4267 1028 4350 Α
1045 4267 1055 4340 i
1073 4265 1097 4339 b
1113 4287 1136 4342 e
1151 4291 1176 4342 n
1189 4262 1285 4349 iae,

194 4399 238 4472 ot
265 4389 504 4494 opeoisiiter
529 4389 612 4468 iooi
641 4387 916 4475 Antiveri
945 4393 987 4465 et
1017 4383 1140 4464 etiem
1169 4382 1282 4460 oiorit
