3230 5104
318 383 384 450 m
452 359 460 370 .

318 589 572 668 excellentia
612 613 686 666 sus
721 613 768 666 se
807 589 1043 691 prevalebit
1070 594 1114 667 et
1141 591 1414 670 conservabit

317 709 613 804 instalum,
651 708 758 787 sicut
797 717 885 788 tote
926 713 1067 786 mente
1106 712 1412 789 desideramus.

316 833 536 910 Attamen
565 831 601 907 si
629 828 740 907 forte
769 831 885 931 quod
913 830 1050 926 absit,
1093 830 1214 909 utitor
1246 831 1411 909 videre·

317 957 386 1028 tur
421 975 548 1053 posse
590 973 851 1038 occurrere,
893 949 1049 1029 erimus
1088 975 1257 1058 semper
1297 956 1410 1031 hene

316 1074 526 1157 contenti,
554 1073 668 1174 quod
699 1097 793 1150 cum
822 1089 1006 1172 persone
1035 1070 1131 1149 filiis
1159 1073 1313 1152 familie
1342 1095 1404 1148 re·

315 1193 393 1268 hus
422 1201 466 1271 et
500 1191 624 1271 bonis
650 1193 759 1280 suis,
801 1191 1073 1295 omniumque
1115 1214 1288 1270 suorum
1328 1217 1411 1296 per

315 1321 450 1392 terres
478 1321 522 1391 et
550 1314 645 1394 loeo
673 1317 821 1391 nostre
847 1337 893 1390 se
922 1315 1129 1390 reducere
1156 1315 1315 1416 possit,
1355 1315 1408 1390 ad

316 1436 453 1512 locum
482 1441 676 1511 nostrum
717 1431 952 1521 hiesus,
987 1431 1096 1511 sicut
1135 1433 1262 1511 etiem
1300 1433 1407 1512 alise

315 1555 395 1633 sibi
421 1553 502 1632 dici
530 1554 720 1631 fecimus.
772 1551 871 1629 Nem
899 1575 1071 1656 semper
1106 1552 1407 1631 excellentium

315 1701 431 1756 suom
460 1676 643 1754 libenter
669 1675 905 1753 videbimus
934 1681 977 1752 et
1010 1672 1249 1752 honorilice
1275 1678 1408 1753 susci·

262 1869 265 1876 .
313 1801 488 1902 piemus‚
517 1785 626 1874 etin
656 1795 818 1875 cunctis
846 1819 929 1898 que
954 1823 978 1875 a
1005 1798 1129 1874 nobis
1164 1793 1259 1872 lieri
1285 1805 1406 1898 pote·

314 1923 422 2004 runt,
449 1941 620 2019 semper
648 1917 687 1994 ei
715 1916 986 2017 complacere
1020 1915 1274 1996 curabimus.

415 2035 480 2114 Ad
508 2036 663 2116 fectum
692 2034 1034 2115 iustificationum
1061 2035 1218 2140 prefoti
1245 2035 1406 2113 domini

313 2159 434 2238 ducis
461 2162 607 2236 contre
635 2155 873 2236 Paulum
902 2160 1106 2236 benum
1135 2155 1406 2249 Grontie‚

314 2283 382 2360 cui
410 2303 605 2380 guerram
634 2278 777 2356 fecere
792 2277 980 2363 intendit,
1010 2277 1197 2380 petitque
1224 2277 1406 2357 hellistu·

312 2401 400 2477 rios
428 2421 510 2502 pro
536 2397 788 2476 vindicando
830 2423 877 2472 se
906 2405 1056 2474 contre
1085 2423 1179 2475 eum
1209 2399 1404 2486 dicimus,

313 2520 424 2623 quod
454 2520 555 2599 lieet
582 2521 775 2597 voluntas
805 2525 848 2596 et
882 2517 1103 2621 dispositio
1145 2527 1291 2608 nostru
1332 2545 1405 2622 op·

312 2641 410 2718 tima
437 2641 556 2717 sitin
586 2663 710 2718 omne
747 2641 879 2718 decus
921 2647 964 2717 et
1006 2639 1276 2718 commodum
1304 2637 1401 2740 ipsi·

312 2786 360 2840 us
386 2761 561 2839 illustris
589 2761 724 2848 ducis,
751 2785 834 2838 non
861 2758 1053 2839 videmus
1081 2771 1217 2840 temen
1259 2761 1404 2840 stanti·

311 2885 388 2960 bus
416 2881 632 2971 terminis,
658 2881 738 2960 sibi
767 2881 880 2960 selva
907 2881 1131 2960 honestate
1158 2891 1200 2960 et
1227 2881 1399 2960 honore

312 3010 460 3082 nostro
501 3007 541 3081 iu
571 3004 655 3080 hoc
697 3003 945 3080 satisfecere
985 3026 1125 3106 posse.
1177 3003 1231 3081 llt
1270 3005 1399 3082 etiarn

311 3127 423 3230 quod
451 3121 605 3202 subditi
634 3123 694 3200 illi
722 3123 785 3200 sui
812 3122 958 3200 venire
971 3147 1055 3200 nou
1071 3123 1233 3228 possint
1260 3125 1312 3202 ed
1341 3125 1401 3203 lo·

311 3267 359 3324 ca
386 3253 544 3335 nostre,
570 3269 654 3324 non
683 3245 869 3322 videmus
895 3243 937 3322 id
956 3245 1071 3322 'iuste
1094 3247 1135 3322 in
1151 3243 1289 3323 hiberi
1304 3267 1401 3348 pos-

309 3384 369 3466 se,
399 3388 525 3468 quum
554 3365 646 3445 loen
675 3371 717 3444 et
756 3365 971 3442 territoria
993 3373 1140 3443 nostre
1180 3370 1330 3467 aperte
1359 3374 1403 3443 et

310 3489 501 3566 comunis
515 3495 623 3566 sunt,
648 3486 733 3564 Nec
765 3486 886 3566 aliter
899 3487 1059 3587 ubsque
1075 3487 1309 3564 offensione
1323 3487 1401 3566 ho·

309 3609 425 3688 noris
452 3609 590 3688 nostrl
620 3597 764 3687 facere
791 3627 917 3710 posse
950 3609 1154 3686 videmus.

410 3727 495 3807 Pro
524 3733 678 3832 quanto
706 3735 844 3808 nutem
865 3735 1029 3830 spectet
1043 3729 1095 3808 ed
1111 3726 1267 3806 bellum
1283 3731 1398 3831 quod

310 3859 506 3953 gesturus
535 3859 599 3929 est
627 3857 776 3931 contre
805 3849 1008 3927 benum
1034 3845 1275 3937 Paulum,
1303 3870 1397 3928 cum

308 3973 440 4050 simus
467 3971 656 4050 fraterne
684 3971 821 4049 allecti
848 3971 1129 4051 excellentiae
1155 3972 1310 4074 prefati
1331 3975 1398 4050 du-

308 4094 389 4180 cis,
420 4093 631 4172 nolulmus
658 4115 740 4171 nec
780 4093 971 4169 volumus
997 4093 1051 4170 de
1078 4116 1130 4168 eo
1158 4113 1236 4169 nes
1279 4093 1401 4170 aliter

307 4213 525 4317 impedire,
555 4212 840 4294 necetiamde
867 4211 994 4291 terris
1022 4212 1285 4291 etl-ocisillts
1312 4216 1397 4291 suis
