3186 5112
147 553 197 622 ut
223 545 277 622 de
317 545 493 648 pecunia
529 545 726 625 mittenda
768 548 979 648 possimus
1006 547 1250 652 providere,

19 673 21 686 “
150 673 280 766 prout
309 667 390 742 erit
416 667 717 744 necessarium.

482 797 590 864 Secr.
615 801 728 866 Cous.
752 801 884 888 nogat.
908 799 981 866 Lib.
1004 803 1050 864 V.
1068 801 1131 870 ch.
1156 803 1207 868 10.

284 1004 615 1107 cccxvffl.
645 1029 757 1103 rma.
783 1029 846 1102 22.
877 1026 1120 1129 sparus.

196 1219 377 1292 Ossonops
402 1233 592 1292 noosanssy
615 1223 784 1274 serasera
807 1217 962 1290 soisope
987 1217 1146 1288 Casum,
1168 1238 1206 1276 rra

525 1340 627 1397 passa
653 1337 886 1396 sporronerur.

19 1591 21 1626 μ
257 1507 398 1612 Capta.
456 1505 561 1587 Cum
590 1509 639 1586 ad
669 1509 925 1612 presentiam
954 1511 1088 1588 nostri
1119 1509 1248 1588 domi·

19 1645 21 1728 g
150 1632 210 1710 nii
226 1656 364 1734 nuper
386 1631 672 1734 comparuerit
700 1655 805 1707 uuus
825 1631 1096 1730 „ambasiator
1124 1655 1249 1732 mag·

149 1751 328 1830 nifici
358 1749 580 1828 domini
610 1749 871 1843 sandali,
902 1761 945 1830 et
972 1751 1251 1854 explicaverit

149 1873 230 1952 tria
260 1875 301 1950 in
331 1871 507 1961 effectu3
546 1871 769 1958 videlicet,
811 1873 957 1974 prim
975 1898 1016 1969 03
1052 1872 1093 1950 in
1122 1897 1248 1951 excu-

147 1991 280 2072 sando
309 2016 356 2070 se
373 2014 472 2090 erga
500 1999 689 2068 nostrum
719 1991 964 2088 dominium,
993 1991 1027 2070 si
1046 1993 1154 2070 sicut
1181 2017 1250 2070 no·

149 2125 237 2192 tum
267 2120 345 2202 est,
371 2115 445 2190 ivit
472 2113 753 2216 personaliter
780 2113 830 2188 sd
858 2113 925 2189 do
942 2111 1146 2190 minum
1176 2135 1251 2188 re-

148 2259 271 2340 gem
311 2231 666 2334 Hungariae,
707 2235 903 2336 quoniam
945 2235 979 2310 si
1007 2231 1092 2310 hoc
1134 2231 1250 2324 fecit,

19 2399 20 2412 ι
156 2355 371 2462 processit
398 2363 591 2457 tanquam
620 2353 844 2458 requisitus
870 2351 1161 2434 multocies'et
1177 2357 1249 2435 ob·

19 2479 20 2490 '
151 2480 303 2579 ligatus
330 2476 422 2568 sibi3
453 2485 496 2557 et
523 2477 637 2581 quod
666 2501 749 2555 non
779 2475 988 2570 obstante,
1023 2475 1136 2579 quod
1163 2477 1250 2582 piu'·

149 2601 233 2676 ries
264 2599 544 2677 recusavisset
571 2599 661 2688 ire,
701 2599 883 2698 denique
922 2623 1006 2674 non
1035 2598 1248 2700 possendo

19 2765 21 2838 ᾗ
154 2719 278 2797 aliter
307 2719 464 2807 facere,
493 2719 631 2822 ipsum
660 2718 849 2821 oportuit
876 2717 965 2806 ire;
992 2714 1248 2795 notificando

19 2843 21 2852 '
154 2843 197 2915 et
216 2838 490 2917 clarificando
512 2844 707 2918 nostrum
737 2837 981 2927 dominium,
1010 2837 1125 2937 quod
1154 2837 1250 2937 quia

152 2983 322 3062 semper
362 2957 508 3036 habuit
536 2959 755 3036 maximam
798 2957 1079 3038 reverentiam
1108 2964 1150 3036 et
1177 2981 1249 3059 op·

19 3101 21 3166 t
152 3078 292 3156 timum
334 3077 659 3179 dispositionem
701 3086 742 3155 et
784 3077 1047 3154 affectionem
1102 3084 1247 3156 nostro

19 3285 21 3304 Ρ
156 3196 364 3282 dominio,
406 3207 448 3275 et
476 3198 600 3276 etiam
629 3196 725 3299 quia
765 3200 845 3276 scit
885 3195 1076 3300 primitus
1116 3195 1248 3272 fuisse

19 3317 20 3334 ³
156 3317 381 3416 obligatum
410 3321 544 3408 nohis,
574 3343 695 3421 quam
726 3319 896 3396 domino
925 3321 1014 3418 regi
1043 3315 1249 3420 predicto,

153 3441 331 3516 velimus
362 3465 455 3518 esse
485 3445 638 3528 certos,
667 3441 782 3543 quod
810 3464 1019 3542 numquam
1047 3445 1249 3517 tractaret

154 3585 234 3641 nec
264 3562 526 3640 consentiret
552 3562 697 3641 facere
725 3587 840 3660 rem,
883 3583 990 3664 quae
1016 3561 1127 3639 foret
1154 3583 1248 3639 con·
1388 3612 1397 3622 -

153 3691 217 3759 tra
232 3681 441 3760 honorem
458 3683 597 3762 nostri
620 3683 794 3761 dominii
812 3687 854 3760 et
868 3691 1021 3761 statum
1044 3687 1247 3770 nostrum,

154 3829 265 3884 nunc
292 3826 373 3884 nec
401 3805 441 3884 in
472 3805 671 3883 futurum.
712 3804 980 3902 Secundo,
1009 3803 1123 3906 quod
1151 3803 1247 3904 quia

153 3927 264 4006 sicut
292 3935 440 4005 notum
469 3935 533 4004 est
561 3927 789 4041 alias‚·ipse
818 3926 970 4004 eteius
999 3947 1178 4006 consors
1205 3929 1249 4002 et

153 4069 305 4126 socera
333 4047 563 4149 depositori
601 4047 794 4126 iecerunt
822 4045 860 4124 in
888 4043 1079 4128 venetiis
1104 4047 1156 4126 ad
1185 4066 1247 4124 ea-

155 4191 313 4246 meram
342 4173 527 4247 nostram
558 4167 769 4253 frumenti,
798 4167 974 4247 ducatos
1000 4165 1105 4246 ·Xil·
1133 4165 1246 4244 millo

45 4320 51 4334 ·
158 4311 252 4370 cum
280 4288 411 4367 certis
438 4288 572 4391 pactis
600 4291 644 4366 et
672 4286 1013 4375 conditionibus„
1043 4293 1086 4364 et
1112 4285 1245 4366 amba-
