3206 5110
311 279 377 346 566

311 513 490 596 mapum,
518 487 639 566 dictis
667 483 770 587 ipsiu
795 483 919 562 tidem
949 481 1210 586 adhibentes.
1246 483 1334 582 Qua
1359 485 1414 562 de

155 603 159 612 ’
312 635 436 686 ceusu
466 605 707 682 mandamus
733 607 857 683 robis
887 602 1177 707 precipiendo,
1209 611 1416 707 quatenus

314 755 397 832 que
437 731 547 806 dicta
590 735 686 804 sunt
724 727 954 828 adimplere
1000 724 1228 812 studiosius
1267 723 1417 802 deben-

314 851 377 936 tis,
403 847 456 926 111
487 849 600 948 quod
631 903 640 922 .
672 903 682 924 .
714 903 723 924 .
753 845 923 923 obsides
939 847 1259 948 ipsosquururn
1288 845 1418 922 numi·

159 991 166 1002 ·
312 994 363 1046 nn
393 967 568 1046 inferius
596 969 755 1070 scripta
783 974 888 1058 sunt,
907 964 1028 1044 nobis
1056 1021 1066 1041 .
1093 1021 1104 1042 .
1212 1009 1222 1023 ·
1249 963 1418 1042 hiuund

313 1087 553 1191 proximum
583 1085 733 1167 festum
751 1091 995 1163 sanctorum
1024 1085 1315 1186 apostulorum
1345 1082 1419 1158 Pe·

315 1206 369 1284 tri
397 1214 438 1285 et
454 1207 587 1299 Pauli,
602 1207 756 1284 miletis
773 1205 833 1281 sic
849 1213 891 1312 ut
908 1213 1006 1282 tune
1032 1203 1115 1280 sint
1143 1203 1182 1279 in
1213 1201 1422 1281 Venetiis.

313 1327 412 1406 Nem
441 1352 519 1405 vos
546 1331 659 1406 seire
687 1328 897 1416 volumus,
926 1325 1038 1428 quud
1078 1324 1115 1400 si
1150 1323 1317 1402 iuterim
1351 1322 1420 1400 111-

315 1446 407 1550 quis
437 1448 502 1522 rel
533 1445 674 1550 atique
697 1455 884 1524 vestrum
914 1447 963 1524 ad
996 1444 1199 1522 Venutius
1226 1441 1423 1520 habuerit

315 1589 552 1660 necessum,
569 1564 621 1640 de
637 1565 687 1640 iis
704 1565 830 1640 rebus
861 1587 941 1669 que
957 1563 1010 1638 de
1038 1571 1152 1641 terra
1181 1561 1249 1637 illa
1276 1583 1424 1638 secum

315 1686 540 1766 detulerint
569 1683 960 1788 quadragesimum,
988 1691 1030 1760 et
1058 1682 1110 1758 de
1138 1683 1219 1760 hiis
1260 1703 1341 1782 que
1371 1703 1426 1755 ex

261 1875 264 1880 .
316 1806 407 1886 aliis
451 1803 642 1922 omuibps
682 1803 871 1906 partibus
900 1802 1152 1880 adduxerint
1180 1853 1344 1877 .....
1373 1797 1425 1876 si·

319 1925 360 2002 bi
389 1923 588 2004 faciemus
617 1923 789 2010 nuterri,
818 1921 932 2000 omui
975 1921 1220 2000 couditione
1247 1923 1426 1998 semota*

321 2046 431 2122 uude
461 2043 757 2140 nic-attencius
792 2067 871 2144 que
888 2043 997 2122 dieta
1025 2066 1197 2120 servare
1224 2039 1428 2153 debeatis,

318 2167 362 2240 ut
390 2165 571 2264 dampno
602 2164 796 2266 predicto
819 2161 997 2264 percelli
1027 2187 1107 2238 non
1137 2159 1324 2265 possitis.

421 2399 513 2494 Heu
556 2407 692 2478 autem
736 2409 829 2478 sunt
871 2399 1038 2480 uomina
1082 2398 1275 2478 obsidum
1325 2425 1430 2499 quus

319 2519 441 2610 uobis
465 2519 592 2623 dirigi
609 2521 707 2598 hinc
733 2521 782 2596 nd
800 2521 950 2598 festum
979 2514 1112 2600 ¹suncti
1141 2521 1256 2598 l‘rtri
1286 2530 1429 2622 pustu-

321 2629 754 2730 lemus,tilius1ucobi
784 2641 837 2718 de
855 2640 995 2717 Curvo
1027 2640 1096 2744 qui
1125 2641 1281 2718 dicitur
1308 2641 1427 2718 Nico·

189 2805 193 2813 ,
320 2761 437 2838 lieza.
492 2759 694 2840 Grobissa
730 2763 788 2837 -de
818 2759 1051 2839 Baisularn.
1087 2759 1183 2838 Grai
1226 2759 1333 2838 tilius
1362 2788 1430 2840 cu·

320 2884 429 2960 mitie
444 2879 561 2976 lude,
576 2906 708 2982 gener
723 2884 776 2960 de
803 2877 1003 2982 Bubaguu
1033 2881 1104 2982 qui
1134 2881 1292 2960 dicitur
1321 2881 1433 2958 Susi-

323 3028 413 3092 nuS,
430 3003 667 3104 Stephanus
683 3001 789 3080 lilius
821 3001 988 3080 comitis
1000 2997 1181 3087 'kineard
1198 3000 1309 3078 tilius
1330 3001 1429 3078 Lau·

320 3121 456 3200 reucii
473 3123 525 3198 de
547 3119 700 3210 Pisiuo,
730 3119 835 3198 lilius
863 3121 916 3198 de
944 3121 1147 3200 Damianu
1176 3120 1229 3198 de
1259 3119 1429 3200 (londu-

321 3241 372 3328 11,
400 3237 507 3316 filius
536 3241 589 3316 de
618 3239 832 3337 Domegua
862 3243 913 3320 de
943 3239 1103 3340 Regno,
1133 3241 1242 3319 lilius
1278 3241 1429 3320 Nicole

320 3361 372 3436 de
406 3359 596 3446 Morexa,
614 3360 720 3438 tilius
749 3362 802 3438 de
826 3361 1033 3440 ¹tluruinuo
1063 3363 1115 3438 de
1142 3363 1360 3464 Buceguu‚
1390 3361 1428 3438 li·

321 3479 399 3555 llus
429 3477 591 3560 Tuderi
620 3481 810 3574 Gnosso,
837 3479 947 3559 xtitius
991 3483 1147 3563 Muthul
1178 3483 1230 3560 de
1262 3483 1425 3562 Bodnzn

321 3597 430 3676 titius
459 3597 511 3674 de
539 3601 732 3700 Buglazu,
761 3601 969 3681 linteudus
996 3601 1048 3678 de
1079 3603 1287 3692 Ceruece‚
1318 3603 1425 3682 lilius

318 3719 371 3796 de
399 3717 598 3806 Beuzotu,
627 3721 681 3800 de
700 3721 878 3800 Budaza.
909 3719 1016 3798 Unus
1046 3747 1099 3801 ex
1129 3724 1211 3800 illis
1240 3727 1293 3802 de
1324 3723 1426 3802 Ger·

318 3837 429 3940 lupa,
459 3863 564 3914 uuus
593 3847 635 3916 et
661 3839 812 3918 illisde
836 3825 1133 3940 Ostigle.titius
1163 3843 1216 3922 de
1245 3844 1424 3924 Dimitru

319 3955 554 4043 delinitis,
582 3955 743 4036 Blasius
772 3983 904 4059 gener
933 3961 984 4038 de
1020 3962 1178 4042 lacobu
1208 3964 1259 4040 rte
1291 3965 1426 4046 Gerre
1498 4026 1502 4035 -

322 4073 431 4154 lilius
457 4077 572 4156 Petri
604 4079 654 4158 de
683 4083 871 4160 Murena.
