3234 5116
1232 382 1294 459 illd

148 663 151 675 i
204 597 339 676 modis
366 597 512 702 possis‘
533 595 733 676 habiliter
760 595 870 674 illam
900 600 1110 678 reducere
1135 599 1184 676 ad
1201 623 1293 680 uos·

204 729 309 796 tram
329 719 628 806 obedientiam,
655 777 665 796 .
697 778 705 794 .
736 776 745 796 .
774 716 906 796 debes
933 741 1168 823 procurare
1198 740 1293 798 cum

204 847 296 918 toto
337 839 484 942 spiritu
526 845 626 923 tuo,
669 841 721 916 de
751 836 994 918 reducendo
1037 847 1292 918 contractam

203 959 462 1062 praedictam
485 959 789 1038 admandatum
818 967 860 1035 et
889 958 1172 1036 obedientiam
1202 983 1294 1036 nos·

204 1078 259 1155 tri
275 1079 462 1168 dominii,
479 1089 519 1160 ct
536 1079 783 1180 guerrizaro
799 1079 979 1157 viriliter
1005 1089 1153 1159 contra
1182 1103 1294 1157 emu-

205 1199 268 1276 los
296 1201 431 1278 nostri
460 1199 633 1280 dominii
663 1253 867 1279 ......

306 1321 512 1398 Volumus
539 1323 734 1426 insuper,
771 1321 883 1423 quod
914 1345 1009 1399 enm
1038 1321 1295 1425 applicueris

207 1441 345 1519 Cata
364 1465 422 1518 ru
441 1467 494 1529 m,
524 1442 684 1519 debeas
710 1438 848 1516 subito
878 1443 1080 1543 expedire
1111 1441 1291 1542 aliquem

204 1561 431 1639 sollicitum
475 1572 514 1638 rt
543 1560 736 1638 velocem
779 1559 968 1636 nurrtium
1011 1585 1105 1639 cum
1148 1562 1295 1640 litteris

204 1681 286 1758 tuis
314 1681 541 1780 dirigendis
570 1681 787 1758 domino
813 1679 1094 1781 despota,
1124 1681 1190 1760 cui
1216 1679 1296 1786 pa'r
1382 1761 1386 1766 .

204 1803 336 1881 dictas
365 1809 455 1880 tuas
483 1800 645 1879 litteras
682 1799 839 1878 debeas
878 1802 1072 1878 scribere
1102 1809 1144 1880 et
1170 1803 1293 1904 signi·

205 1922 332 2002 licare
375 1925 414 2000 in
458 1925 594 2002 torma
638 1921 932 2018 convenienti,
976 1923 1028 1999 de
1066 1924 1225 2003 iniuriis
1255 1934 1297 2004 et

206 2045 520 2124 extorsionibus
549 2051 592 2122 et
606 2042 813 2120 molestiis
843 2041 917 2120 tibi
933 2051 976 2119 et
991 2041 1171 2122 familiae
1202 2053 1295 2126 tuae

206 2164 344 2259 illatis,
375 2172 417 2242 et
435 2165 487 2238 de
504 2164 624 2266 equis
653 2161 725 2241 tibi
743 2161 903 2249 ablatis,
933 2173 1126 2266 ternpore
1158 2189 1297 2243 rerer·

207 2285 337 2362 sionis
364 2294 460 2363 tuae
488 2282 540 2362 ob
569 2283 659 2360 eius
688 2284 927 2386 praesentia
945 2285 994 2360 ad
1011 2293 1199 2362 nostrum
1229 2289 1298 2364 do·
1418 2327 1420 2332 ·

205 2405 405 2503 minium,
444 2415 592 2484 contra
620 2405 945 2509 promissionem
974 2428 1196 2511 persuum
1226 2431 1293 2486 ex·

207 2526 443 2604 cellentiam
471 2525 544 2604 tibi
576 2525 738 2611 factam,
753 2531 797 2602 et
816 2535 963 2604 contra
991 2550 1111 2604 sarram
1139 2529 1298 2607 salvum

208 2647 472 2738 conductum3
502 2646 739 2750 et'qualiter
768 2671 813 2724 es
843 2647 1180 2748 praesentialiter
1207 2639 1295 2728 rec·

208 2777 275 2845 tor
303 2769 344 2846 in
374 2767 589 2856 Cataro,
618 2775 662 2845 et
690 2791 981 2854 centensimus,
1011 2769 1229 2848 offerendo
1258 2778 1299 2844 te

209 2890 249 2966 in
276 2887 548 2992 possibilibus
579 2891 628 2967 ad
658 2887 921 2992 beneplacita
958 2897 1059 2966 strae
1088 2891 1298 2969 excellen-

209 3009 304 3098 tiae3
334 3065 539 3086 ......
570 3008 829 3087 comittendo
858 3010 1014 3090 nuncio
1043 3021 1143 3098 too,
1189 3011 1300 3112 quod

207 3129 349 3210 habita
378 3131 655 3233 responsione
684 3130 892 3233 praedicti
920 3129 1079 3210 domini
1117 3129 1299 3234 despo-

210 3251 265 3342 ti,
292 3250 460 3328 studeat
489 3251 691 3332 celeriter
719 3249 770 3327 ad
787 3259 829 3329 te
860 3251 1014 3346 redire.
1042 3277 1126 3353 quo
1156 3275 1296 3329 rever·

209 3397 258 3450 so
286 3373 339 3450 de
368 3374 646 3475 responsione
675 3397 798 3474 quiam
827 3371 1039 3460 habueris,
1066 3374 1178 3452 etde
1208 3371 1299 3466 aliis

210 3491 403 3571 omuibus
419 3492 575 3573 debeas
589 3493 849 3598 prestissime
866 3494 1094 3572 informare
1112 3501 1300 3572 nostrum

211 3612 442 3692 dominium
472 3669 831 3692 ..........

312 3733 476 3812 Debeas
506 3735 677 3838 insuper
704 3759 937 3838 procurare
969 3733 1301 3813 omnimode

211 3854 488 3934 detrahendo
524 3855 785 3956 colloquium
816 3879 909 3933 cum
952 3854 1217 3954 Georgio
1260 3863 1301 3933 et

212 3977 428 4056 Alexio
457 3975 656 4064 duras,
697 3975 937 4055 dandotibi
967 3999 1141 4080 operam

211 4097 402 4178 trahendi
431 4105 473 4176 et
500 4096 646 4175 reduci
687 4097 863 4175 faciendi
907 4121 984 4175 eos
1025 4097 1075 4174 ad
1105 4095 1301 4174 obedien·

212 4219 309 4297 tiam
337 4225 524 4298 nostram
528 4273 695 4308 .....
724 4217 832 4296 etad
861 4217 946 4297 hoc
973 4215 1300 4322 procurandum,
