3206 5110
1192 417 1256 490 Μ

157 639 336 719 vaivode
378 638 546 718 Sandali
588 636 817 740 promittit,
858 633 970 736 quod
1004 633 1095 735 ipse
1120 631 1254 711 ‘domi-

158 783 235 838 uus
262 757 347 838 dux
374 767 420 836 et
448 781 629 836 comune
657 755 931 833 Venetiarum
957 754 1086 842 dabit,
1114 763 1158 833 at
1191 756 1256 834 da·

160 877 386 972 rilaeiel,
432 883 577 954 nostro
619 875 927 974 magnificentie
969 874 1178 950 aunuatim
1214 876 1254 951 in

161 999 330 1086 Cataro,
347 1000 399 1076 de
429 998 668 1074 introitibus
697 1017 867 1072 camere
894 994 994 1070 salis
1020 993 1171 1082 Catari,
1187 993 1256 1071 du·

157 1125 281 1204 eatoa
308 1111 535 1196 sescentos
564 1115 679 1204 auri,
719 1115 786 1192 vel
816 1113 856 1190 in
887 1113 977 1191 aliis
1005 1117 1133 1192 torris
1162 1115 1250 1195 uat-

157 1237 283 1320 matie
311 1236 440 1340 ipsius
469 1235 627 1314 domini
662 1233 782 1313 ducis
824 1239 865 1312 et
894 1237 1087 1313 comunis
1114 1237 1252 1318 Vene-

160 1358 332 1446 tiarum,
373 1354 443 1437 ubi
472 1356 684 1434 valeauius
713 1354 878 1431 mittere
908 1359 1101 1432 nostrum
1128 1361 1253 1438 servi·

159 1481 295 1566 torem
325 1476 375 1554 ad
403 1475 695 1578 accipiendum
727 1473 862 1552 diotos
887 1473 1100 1569 denarios,
1129 1486 1171 1558 et
1198 1479 1253 1556 in·

162 1600 216 1677 cle
247 1597 500 1682 extrahere.
543 1607 585 1676 et
616 1597 748 1676 libere
792 1603 991 1701 portare,
1032 1598 1065 1674 si
1094 1599 1251 1678 eisdem

161 1720 336 1800 donnino
379 1719 495 1808 duci,
536 1725 579 1796 el
605 1720 772 1796 comuni
801 1718 1072 1797 venetiarum
1099 1719 1253 1798 videbi·

160 1853 242 1933 tur,
270 1851 313 1918 et
338 1839 574 1942 placuerit,
605 1845 646 1916 et
674 1839 707 1916 si
736 1837 893 1918 eisdem
924 1863 1006 1918 uon
1036 1843 1254 1945 placuerit,

163 1961 287 2042 uobis
314 1958 454 2045 dabit,
496 1967 540 2036 et
565 1957 654 2034 dari
684 1957 821 2046 faciet,
847 1957 886 2034 in
917 1953 1085 2039 civitate
1115 1953 1253 2043 Catari

161 2083 369 2162 annuatim
399 2080 536 2158 dictos
551 2080 726 2161 direntes
753 2089 995 2174 sexcentos,
1011 2085 1138 2162 modo
1162 2109 1253 2188 pre·

161 2205 292 2294 dioto,
320 2229 371 2290 ao
398 2205 584 2292 domum,
612 2225 736 2305 quam
763 2203 900 2306 primo
928 2203 1187 2286 habebamus
1213 2209 1252 2286 in

161 2326 331 2412 (laturo,
360 2331 406 2404 ut
433 2323 580 2428 ipsam.
609 2330 651 2401 et
678 2327 731 2402 de
759 2326 847 2426 ipsa
877 2324 1104 2428 disponere
1133 2333 1176 2404 at
1203 2329 1255 2406 la-

161 2469 262 2523 cere
292 2445 502 2522 valeanus
534 2444 690 2524 libitum
720 2453 921 2524 nostrum.

265 2561 555 2665 Promittitqua
578 2563 700 2643 nobis
729 2564 865 2645 dictus
893 2563 1255 2646 dominusJohau·

164 2709 240 2764 nes
268 2685 467 2782 Georgia,
497 2679 765 2773 ambasiator,
793 2687 906 2787 quod
935 2683 1055 2764 nobis
1097 2691 1139 2765 et
1178 2685 1255 2762 tra·

161 2807 298 2890 tribus
324 2805 489 2892 nostris.
516 2815 559 2882 et
587 2803 814 2884 heredibus
840 2807 1011 2898 nostris,
1027 2807 1067 2884 in
1090 2805 1253 2910 quibus·

162 2949 329 3028 eunque
372 2925 496 3004 terris
539 2932 581 3002 et
624 2925 729 3003 locis
769 2925 897 3029 ipsius
939 2927 1094 3004 domini
1136 2925 1254 3003 dueis

160 3057 205 3128 et
231 3047 422 3124 comunis
448 3047 737 3134 Venellorum,
767 3056 916 3125 contra
959 3053 1131 3125 nostros
1171 3071 1254 3126 ser·

162 3165 319 3245 vitores
360 3167 662 3246 ministrabitur
696 3170 765 3264 jus
807 3177 850 3245 at
897 3167 1097 3247 debitum.
1152 3167 1254 3247 llloa

162 3293 304 3366 autom
331 3293 513 3389 quatuor
542 3287 805 3380 Clutorium,
840 3313 946 3392 quoa
983 3287 1188 3367 babemus
1215 3290 1254 3366 in

167 3403 466 3491 obsidentium
481 3407 604 3486 uobis
619 3409 907 3486 infidelitatem
924 3407 1144 3496 iacierunt,
1159 3429 1253 3512 pro·

165 3533 259 3627 plor
286 3549 411 3628 quam
439 3526 644 3608 deberent
673 3529 790 3607 luere
815 3553 982 3607 omnem
1010 3553 1174 3632 penam,
1200 3533 1255 3638 ta·

163 3669 258 3724 men
287 3655 333 3726 ul
359 3649 552 3748 prelatus
579 3652 850 3728 serenisiruus
873 3651 1066 3728 domiuus
1100 3647 1185 3726 dux
1213 3659 1257 3727 et

163 3791 343 3848 comune
370 3769 671 3862 venetiarum,
715 3771 883 3849 videant
925 3779 968 3848 el
996 3779 1256 3870 cognoscant

160 3899 347 3966 nostram
376 3889 682 3979 liberalitatem,
712 3901 754 3968 el
781 3893 1145 3970 nostrumbonum
1158 3913 1255 3994 pro·

160 4010 341 4108 positum
372 4034 472 4110 erga
500 4013 626 4114 ipsos,
654 4037 796 4088 sumus
824 4013 1026 4097 contenti,
1056 4015 1113 4089 ob
1141 4033 1256 4088 rara·

161 4133 336 4210 rentiam
378 4133 473 4218 dei,
516 4139 559 4208 et
587 4135 642 4211 ob
685 4133 1085 4238 contemplationem
1125 4132 1255 4236 ipsias

165 4249 318 4328 domini
348 4253 494 4342 dunis,
523 4265 564 4333 et
595 4255 787 4334 comunis
815 4242 1103 4346 venetiarum,
1131 4262 1173 4334 ot
1200 4253 1290 4354 ob,
