3212 5116
326 379 389 451 tw

327 586 486 667 civibus
514 585 568 663 de
596 587 756 673 eadem,
783 584 961 667 dominis
990 590 1033 664 et
1059 586 1202 666 amicis
1231 588 1416 692 ipsorum

325 709 549 809 plurimum
578 705 847 783 honorandis.

427 825 790 905 Reverendissima
826 829 1095 914 salutatione,
1137 827 1417 929 laudabilique

259 1051 261 1054 Ι
327 947 695 1030 recomandalione
724 949 952 1050 premissis
980 949 1146 1024 nouerit
1168 949 1415 1030 vestrano·

325 1067 526 1146 norabilis
555 1068 859 1168 magnificantia
887 1093 965 1146 nos
993 1075 1133 1146 vestre
1174 1069 1414 1170 magnitudi-

323 1193 386 1268 nis
418 1189 570 1279 literas
625 1190 906 1268 credentiales
947 1189 987 1266 in
1014 1192 1159 1277 ¹corda
1202 1192 1412 1293 canaparii
1483 1291 1487 1297 Ι

323 1311 458 1410 sigillo
499 1307 712 1413 plumbato
754 1309 989 1396 roboratas,
1017 1335 1096 1412 per
1122 1309 1416 1388 honorabilem

322 1435 456 1510 virum
483 1431 825 1529 magistrum
861 1431 1244 1510 Anastaxium
1272 1438 1417 1508 vestre

323 1549 629 1650 magnificentie
653 1549 775 1628 nobis
803 1559 1051 1630 reverenter
1078 1549 1274 1642 directae,
1301 1550 1416 1628 omni

323 1670 564 1777 quodebet
591 1671 757 1748 bonore
784 1671 1054 1774 plenariaque
1092 1669 1235 1760 cordis
1268 1674 1417 1768 jocun-

322 1793 448 1872 ditate
477 1793 534 1870 uti
562 1797 755 1872 tenemur
782 1793 1020 1894 recepisse;
1062 1792 1139 1870 sub
1167 1815 1343 1893 quarum
1373 1791 1415 1866 li·

322 1925 508 1994 terarum
548 1913 764 1992 credentia
802 1913 930 2016 ipsius
973 1912 1158 2014 magistri
1201 1909 1418 1990 Anastaxii

321 2035 431 2113 dicta
460 2041 503 2112 et
528 2035 768 2138 peripsum
804 2041 965 2112 vestras
1008 2029 1280 2112 honorabiles
1309 2032 1415 2108 rela-

311 2157 458 2233 'tiones
486 2178 561 2230 seu
589 2154 817 2252 legationes
845 2155 1039 2257 perfecte
1067 2153 1348 2256 percepimus
1363 2149 1415 2228 ad

321 2299 497 2376 quarum
526 2283 719 2355 tenorem
746 2281 887 2354 vestre
917 2272 1113 2353 laudabili
1141 2274 1322 2352 amicitie
1349 2297 1410 2350 se·

321 2395 457 2474 riatim
484 2395 624 2473 taliter
663 2394 854 2472 duximus
883 2394 1236 2498 respondendum.
1291 2393 1411 2494 Quod

320 2539 398 2592 nos
425 2515 538 2591 omni
566 2511 664 2592 loco
695 2522 737 2592 et
763 2521 957 2618 tempore
996 2514 1218 2617 oportunis
1247 2513 1296 2590 ad
1327 2535 1413 2590 om-

319 2637 387 2714 nia
426 2643 566 2713 vestra
601 2637 697 2734 jura
747 2637 930 2736 justitias
959 2641 1002 2714 et
1042 2635 1247 2738 equitates
1289 2630 1414 2712 sicuti

319 2754 589 2859 promisimus
616 2755 671 2834 ita
694 2761 897 2848 tenemur,
933 2763 975 2836 et
1002 2762 1092 2834 toto
1121 2753 1265 2834 cordis
1291 2751 1413 2832 allec·
1469 2735 1477 2748 ’

320 2884 375 2965 lu,
405 2875 539 2954 labori
561 2900 645 2953 non
662 2875 892 2978 parcendo,
920 2877 1164 2956 thesaurum
1192 2898 1412 2975 exponen-

320 3002 400 3089 do,
437 2997 521 3074 imo
550 2995 585 3074 si
618 3018 795 3074 necesse
833 2997 960 3076 luerit
989 3021 1121 3100 usque
1151 2995 1201 3074 ad
1229 2999 1409 3071 mortem

320 3119 496 3222 corpori
535 3139 617 3192 non
659 3115 900 3216 parcendo,
949 3123 1089 3194 vestra
1135 3117 1258 3214 jura,
1294 3111 1410 3212 justi·
1446 3151 1449 3167 =

320 3239 396 3320 tias
429 3241 473 3315 ut
511 3233 769 3338 promittitur
824 3233 1056 3338 adimplere
1114 3259 1341 3323 conamur,
1371 3241 1413 3311 et

318 3363 509 3441 volumus
533 3357 656 3462 plene
685 3359 919 3460 etintegre3
946 3384 1080 3464 porro
1109 3360 1161 3439 de
1189 3368 1329 3440 vestra
1357 3361 1412 3438 in·

313 3483 426 3584 juria
459 3487 714 3585 propter
756 3479 1071 3559 falsariam
1111 3489 1412 3568 monetam,

320 3613 361 3683 et
388 3603 571 3707 iniquam
600 3602 810 3679 actionem
839 3625 916 3704 per
944 3601 1138 3681 homines
1167 3610 1409 3681 nostrorum

319 3725 520 3804 nobilium
550 3722 671 3799 vobis
715 3721 827 3797 illata
881 3723 1055 3799 multum
1097 3743 1341 3823 agravemur
1368 3729 1411 3799 et

320 3844 410 3922 Deo
441 3843 522 3922 celi
550 3847 658 3920 teste
686 3837 887 3933 dicimus,
914 3842 1022 3920 sicut
1061 3863 1139 3924 nos
1168 3842 1410 3945 proprisio

319 3965 512 4066 personis
542 3962 851 4042 contristamur.
880 3960 984 4040 Cum
1014 3961 1125 4039 enim
1143 3961 1220 4063 ipsi
1247 3959 1411 4038 nobiles

193 4101 198 4122 ·
320 4083 452 4162 nostri
480 4088 601 4182 regni
638 4086 718 4162 sint
744 4085 882 4188 primo
925 4083 1014 4160 Deo
1044 4088 1086 4160 ct
1113 4081 1233 4160 nobis
1263 4083 1410 4184 aliqua·

322 4206 416 4284 liter
468 4205 672 4291 inlideles,
726 4211 769 4283 et
796 4229 960 4304 nosque
1014 4203 1310 4282 miserabiliter
1343 4201 1409 4277 de
