3230 5104
1139 511 1145 522 ι
1228 399 1291 483 tu

289 621 429 702 liactis
458 619 798 727 expositionibus
839 623 920 698 tuis
961 603 1004 699 ct
1045 623 1185 703 habito
1229 649 1291 704 re·
1415 671 1422 680 ·

188 739 423 847 sponsione
463 745 603 824 subito
646 745 696 822 ad
739 743 1025 835 nosscribe,
1068 753 1111 822 ot
1152 769 1293 822 rerum

190 864 374 942 omnium
403 865 703 970 particularem
734 863 1076 942 informationem
1106 867 1292 952 destant

188 985 241 1062 de
268 983 582 1062 conditionibus
610 983 785 1062 dominii
815 1005 979 1080 eornm,
1010 1007 1132 1082 quam
1161 983 1295 1062 deri·

188 1103 304 1181 ribus
346 1105 458 1198 suis,
486 1105 538 1181 de
567 1093 848 1209 dispositione
879 1127 979 1191 sua,
1020 1104 1294 1203 degentibus

188 1245 289 1324 quas
328 1221 484 1306 habent
524 1226 614 1304 sive
645 1225 805 1308 habere
835 1231 1036 1326 possent,
1078 1225 1133 1302 do
1164 1227 1292 1305 modo

188 1369 269 1445 quo
297 1345 538 1447 impresiam
568 1345 761 1450 capiendi
791 1345 1016 1430 habereut,
1046 1345 1099 1421 de
1126 1345 1210 1424 suis
1239 1345 1294 1422 in·

185 1469 253 1544 ter
295 1491 370 1544 eos
412 1467 661 1546 differentiis
700 1475 742 1544 et
784 1466 921 1545 causis
962 1473 1005 1542 et
1046 1464 1294 1558 rationibus,

187 1583 287 1686 quid
314 1609 474 1688 speras,
504 1587 602 1688 quid
633 1587 771 1666 credis
802 1585 1009 1672 iuturum3
1041 1595 1083 1664 et
1110 1583 1296 1665 breviter

185 1704 238 1782 de
266 1705 394 1784 rebus
423 1707 644 1796 omnibus,
682 1701 790 1810 quas'
815 1705 1105 1786 verisimiliter
1133 1733 1211 1788 nos
1240 1710 1293 1786 in·

186 1823 376 1924 tettigore
423 1827 583 1904 debore
624 1829 667 1904 et
709 1849 816 1928 opus
862 1849 960 1902 csse
1007 1825 1295 1916 intellexerim

186 1947 409 2048 presertim
451 1971 555 2026 vero
599 1947 859 2024 voluntatem
888 1953 931 2022 et
970 1944 1293 2046 dispositionem

86 2077 91 2084 '
164 2064 335 2166 ‚prefati
361 2065 501 2145 ducbe
529 2075 571 2144 et
598 2065 746 2142 modos
775 2089 825 2142 oe
851 2062 1070 2165 vias‚quas
1098 2061 1292 2142 habetati

185 2185 272 2266 ho'c
300 2187 516 2286 negotium
547 2188 599 2264 ab
628 2211 681 2264 eu
710 2183 943 2282 inteitigere
958 2206 1144 2286 procura
1159 2187 1200 2260 et
1215 2209 1293 2260 nos
1371 2194 1376 2210 ‘

186 2307 354 2394 advisa,
391 2315 432 2386 et
460 2314 655 2386 nostrum
683 2307 724 2384 in
761 2303 1058 2407 portibusittis
1086 2301 1292 2382 madatum

186 2423 448 2530 expectabis.

485 2545 589 2610 Secr.
615 2567 715 2612 cons.
740 2552 854 2630 rogat.
882 2546 957 2609 Lib.
980 2542 1075 2608 xxi.
1097 2543 1152 2608 ch.
1177 2543 1250 2608 181.

368 2715 486 2815 DV·
516 2737 630 2812 1463.
660 2739 684 2810 3
713 2731 1109 2835 Septembris.

250 2894 434 2970 Oarosopa
456 2909 608 2968 yroampr
633 2893 907 2967 suesadpunra,
932 2909 971 2948 aa
996 2893 1084 2948 usuc
1108 2891 1228 2950 soatio.
1368 2931 1373 2935 -

126 3087 131 3090 .
287 3011 414 3089 Venit
441 3011 490 3090 ad
527 3009 782 3124 presentiam
811 3009 948 3088 nostri
974 3005 1147 3086 dominii
1183 3027 1294 3105 mag·

185 3131 309 3210 niiica
338 3130 507 3210 domina
537 3131 636 3208 otim
674 3154 826 3208 uxor
865 3127 1181 3230 magnifici
1209 3126 1293 3204 do·

187 3249 327 3330 mini
353 3251 554 3330 Arniti
597 3256 641 3327 et
668 3248 884 3350 exposuit,
914 3251 1027 3351 quod
1058 3249 1114 3338 ob
1143 3269 1293 3350 pacem

183 3393 315 3471 nuper
331 3370 592 3449 celebratem
609 3372 719 3448 inter
746 3372 1003 3448 dominum
1032 3361 1314 3468 'I'u'rcho¹

41 3483 49 3491 ’
186 3513 303 3566 rum
358 3495 401 3567 et
440 3489 707 3590 magnificum
747 3489 963 3566 dominum
1013 3486 1293 3565 Scander·

188 3612 212 3689 b
229 3634 253 3687 e
269 3632 336 3709 gu
353 3635 392 3686 m
421 3611 530 3688 inter
546 3616 690 3689 cetera
706 3609 892 3710 capitula
909 3607 1164 3699 continetur,
1180 3608 1292 3709 quod

184 3729 374 3834 prefatus
404 3731 597 3812 dominus
622 3731 792 3807 mittere
821 3737 1018 3808 teneatur
1045 3727 1172 3806 fitium
1200 3743 1293 3832 p're-

186 3849 262 3950 fati
304 3849 462 3929 domini
504 3849 642 3927 Arniti
683 3851 724 3927 in
768 3853 962 3928 exercitu
1000 3875 1094 3928 cum
1124 3848 1293 3952 prefato
1419 3855 1422 3860 '

29 3972 33 3978 ’
185 3969 358 4050 domino
419 3969 721 4056 Turchorum,
776 3971 1127 4072 quandocunque
1185 3995 1292 4073 opus

186 4091 335 4182 tuerit3
375 4099 418 4170 et
454 4089 566 4193 quod
606 4091 874 4172 considerata
904 4091 985 4170 tide
1013 4091 1113 4168 oiim
1142 4089 1295 4191 magni

171 4211 254 4306 *tici
297 4209 895 4319 dominiArnitis-'iri
937 4211 1028 4289 sui
1064 4209 1294 4314 providere
