3224 5110
335 561 408 638 bct⁴
433 561 503 638 iile
531 561 774 660 magnificus
803 559 996 638 dominus
1020 563 1180 658 justum
1196 571 1275 650 ost,
1305 561 1424 640 etsie

333 681 524 782 volumus
555 682 664 780 quod
696 681 755 754 eis
792 682 952 756 dentur.
1007 681 1057 758 Et
1098 681 1426 782 spectabilitatcs

333 824 433 877 suae
475 804 651 900 possunt
707 800 926 876 declarare
969 799 1088 878 nobis
1133 802 1171 876 id
1214 803 1328 902 quod
1356 801 1421 879 de

333 917 619 1004 benthabcru
648 920 745 996 etsi
776 923 982 998 recedent
1008 929 1184 1024 possunt
1212 921 1425 998 dimittere

332 1041 510 1140 aliquam
541 1065 761 1134 personam
792 1068 869 1142 pro
888 1039 892 1048 ’
909 1068 955 1118 re
985 1044 1102 1144 ipsa,
1145 1044 1238 1144 quia
1257 1040 1425 1118 omnino

332 1159 518 1236 debitum
549 1163 681 1263 ipsum
711 1161 872 1240 atiictus
903 1163 994 1240 fleri
1022 1164 1235 1248 faciemus,
1301 1254 1305 1260 Ι

666 1331 768 1394 Scor.
793 1351 894 1395 cons.
920 1351 996 1414 rog.
1021 1331 1093 1394 Lib.
1121 1331 1211 1395 xix.
1239 1331 1292 1394 cb.
1315 1331 1365 1395 ao.

510 1550 821 1654 cnnxvn.
863 1578 972 1650 1451.
999 1579 1061 1651 aa.
1093 1574 1243 1650 mair.
1296 1493 1303 1502 ι

273 1769 277 1776 “
329 1767 493 1840 ynepenb
516 1783 595 1835 paro
622 1783 753 1821 nonnus
781 1784 1019 1836 nocsauuuuna
1045 1783 1141 1824 uncae
1166 1769 1341 1834 Crceaua,
1376 1783 1414 1836 μ

353 1869 474 1942 setepp
501 1869 680 1926 bisbruubu
706 1871 1193 1944 posnosnra,dyopouuauuua
1217 1887 1252 1940 aa
1279 1887 1319 1942 sy
1345 1889 1382 1924 aa

743 1989 830 2046 uopy
854 1971 1016 2046 pocabyro.

429 2139 630 2237 Quoniam
661 2140 768 2215 facta
813 2139 939 2217 hodic
984 2139 1265 2242 responsione
1306 2149 1426 2242 spec·

330 2258 524 2336 tabiiibns
563 2260 805 2337 oratoribus
846 2259 1008 2338 ducis
1061 2259 1295 2337 stefani
1334 2287 1424 2338 ma·

327 2401 386 2476 gn
405 2380 414 2452 i
458 2405 627 2480 vayvu
645 2381 708 2455 de
753 2381 989 2470 iiossine‚
1022 2382 1133 2457 iuxta
1159 2380 1425 2459 deliberatio·

327 2522 422 2574 nem
451 2499 706 2584 tiusconsiiii‚
737 2499 815 2601 ipsi
839 2507 1035 2578 oratores
1065 2500 1138 2574 visi
1169 2509 1265 2576 sunt
1294 2503 1348 2578 de
1377 2529 1428 2578 ca

324 2619 544 2719 plurimum
563 2620 815 2704 contentari,
831 2623 903 2704 scd
935 2619 1139 2696 instanter
1165 2631 1421 2716 rogaverunt

325 2737 552 2814 dominium
582 2744 799 2829 nostrum,
836 2749 878 2814 ut
914 2738 1237 2840 provideamus,
1279 2745 1321 2814 at
1354 2767 1428 2839 op·

329 2868 548 2960 portunam
579 2883 750 2958 oporam
781 2855 1069 2942 adhibeamus,
1097 2859 1211 2957 quod
1248 2865 1430 2957 propter

323 2977 574 3056 discordiam
604 2977 957 3077 vigenteminter
994 3003 1086 3053 cum
1117 2983 1160 3053 et
1196 2981 1413 3054 comunita
1454 3055 1458 3060 ,

326 3110 408 3175 tem
439 3099 691 3197 Rugusii,
721 3124 797 3200 per
838 3100 943 3176 viam
973 3101 1262 3175 marisneutra
1302 3099 1429 3200 parti.

324 3245 391 3294 um
421 3221 680 3312 offendatur,
708 3227 751 3296 ut
781 3243 895 3298 mare
940 3227 1072 3298 tntum
1115 3227 1154 3296 ct
1197 3229 1419 3322 appertum

324 3343 388 3418 sit.
418 3340 526 3417 sicut.
556 3339 720 3416 videtur
754 3365 849 3416 esse
879 3342 1026 3418 mentis
1068 3339 1204 3418 nostri
1237 3340 1428 3422 dominii:

325 3461 450 3536 Vadit·
479 3485 586 3562 pars,
617 3462 730 3562 quod
761 3461 881 3538 dictis
910 3460 1208 3562 spectabilibus
1247 3459 1426 3536 oratori·

327 3585 400 3655 bus
430 3583 681 3682 responderi
711 3582 862 3656 debeat
894 3581 972 3658 itiis
1001 3580 1239 3656 utilioribus
1256 3583 1297 3654 et
1328 3603 1421 3680 picr-

322 3703 617 3782 tinentioribus
647 3701 800 3798 verbis,
818 3728 927 3804 quae
945 3703 1126 3800 collegio
1149 3701 1416 3782 videbuntur.

322 3825 432 3924 qnod
465 3833 547 3900 trini
578 3822 942 3901 uisatist'aciamns
979 3819 1200 3924 praecibus
1245 3822 1420 3898 illustris

321 3944 476 4021 domini
506 3947 583 4037 sui,
617 3968 739 4044 quom
772 3951 1015 4042 reputamus
1044 3942 1219 4017 fratrem
1251 3947 1293 4016 ct
1322 3941 1419 4018 ami-

321 4066 531 4143 cissimum
564 4075 765 4150 nostrum,
795 4070 880 4140 tum
913 4065 1039 4140 etiam
1070 4063 1264 4164 quianon
1287 4063 1421 4140 inten-

320 4183 452 4263 dimus
479 4209 558 4287 per
585 4187 694 4264 viam
740 4186 870 4262 maris
909 4185 1017 4263 alias.
1051 4182 1259 4261 novitates
1304 4180 1428 4270 oriri,
