3226 5112
329 323 395 420 ω
431 301 433 304 ,

332 557 395 632 lus
423 553 613 632 notarius
642 552 843 641 civitatis,
885 577 978 632 oum
1007 553 1218 656 aliquibus
1246 553 1340 633 aliis
1369 555 1427 631 oi·

330 675 463 762 vibus,
474 683 748 754 accesserunt
762 675 812 752 ad
827 679 1014 754 nostram
1031 678 1300 780 presentiam,
1317 697 1429 753 asse·

332 805 474 876 rentes
502 795 661 872 habere
687 797 852 898 plenam
868 797 1167 876 auctoritatem
1195 804 1239 876 et
1253 796 1425 876 liberam

332 920 585 1021 potestatem
615 939 636 992 a
665 922 754 993 tota
791 918 1047 995 comunitate
1089 917 1294 1003 Drimati,
1332 941 1429 996 oon-

230 1117 232 1122 ,
334 1037 513 1115 ditiones
543 1044 586 1114 et
611 1040 735 1139 pacta
764 1057 928 1113 meeum
957 1037 1215 1134 notificandi,
1246 1045 1289 1114 et
1318 1045 1427 1114 eon-

334 1155 616 1235 firmandi
644 1155 1002 1259 infrascripta
1031 1159 1294 1260 capitula3
1320 1153 1429 1233 Pr'i·

335 1305 374 1355 m
391 1303 416 1354 o
444 1277 642 1357 videlieet
669 1301 721 1353 ne
749 1277 913 1379 prelata
956 1278 1102 1358 civitas
1144 1304 1318 1368 eorum,
1346 1279 1429 1356 ulla

336 1400 564 1477 occasione
604 1397 672 1473 vel
715 1398 837 1499 culpa
880 1404 1096 1478 eontracta
1145 1425 1224 1504 per
1264 1409 1431 1504 tempus

79 1563 82 1572 ·
219 1615 221 1620 ,
336 1520 587 1622 preteritum
616 1515 769 1596 debeat
796 1517 955 1596 destrui
983 1520 1049 1596 vel
1066 1520 1224 1597 ruinari
1252 1543 1275 1595 a
1303 1520 1433 1598 domi-

336 1639 507 1716 natione
534 1638 819 1717 Venetiarum.
861 1639 892 1714 S
909 1664 933 1715 e
950 1661 973 1714 c
988 1663 1013 1714 u
1031 1664 1057 1714 n
1072 1639 1097 1715 d
1114 1665 1140 1715 o
1157 1699 1166 1727 ,
1200 1649 1245 1716 ut
1281 1663 1431 1718 omnes

338 1757 530 1837 contines
558 1756 736 1834 civitatis
764 1763 808 1837 et
833 1757 935 1833 ville
964 1782 1070 1859 quos
1099 1767 1141 1837 et
1170 1759 1434 1862 quashabuit

339 1879 483 1958 civitas
499 1900 647 1955 eorum
664 1885 854 1980 tempore
872 1879 1079 1981 preterito
1096 1891 1138 1960 et
1165 1881 1242 1957 sub
1262 1879 1428 1978 regimi-

337 1998 1175 2104 nedominationisVenetorum,insuper
1197 2003 1336 2079 omnia
1350 2003 1431 2104 pri·

337 2122 486 2220 vilegia
515 2123 729 2201 dictorum
758 2121 983 2200 oontinium
1012 2147 1061 2201 ao
1087 2123 1299 2207 villarum.
1316 2145 1432 2223 ¹quas

302 2255 304 2264 ‘
339 2265 488 2320 eorum
515 2241 659 2320 civitas
686 2242 831 2319 habuit
857 2243 1118 2346 temporibus
1159 2243 1432 2334 retrobaolis‚

339 2366 424 2442 sint
463 2364 522 2442 eis
564 2365 793 2451 ratilioata,
834 2373 877 2441 et
917 2364 1173 2443 oontirmata.
1214 2365 1360 2442 Item
1390 2367 1434 2439 ut

341 2483 478 2562 omnia
519 2509 669 2562 eorum
710 2490 862 2565 statuta
898 2491 943 2563 et
977 2485 1310 2564 reformationes
1351 2484 1434 2562 sint

341 2601 598 2684 confirmate.
626 2606 770 2682 Item
799 2613 844 2684 ut
870 2607 1034 2710 possint
1061 2629 1212 2684 oreore
1228 2604 1435 2683 officiatos

341 2749 487 2802 eorum
517 2729 748 2806 secundum
777 2726 1102 2807 eonsuetudines
1129 2751 1228 2804 suas
1255 2727 1433 2803 habitas.

339 2845 483 2924 Item
512 2858 557 2926 ut
583 2849 846 2928 remittantur
874 2872 983 2952 pens
1012 2848 1206 2928 omnibus
1231 2848 1311 2926 illis
1341 2845 1432 2924 Dri-

341 2966 525 3057 vastinis,
552 2967 623 3068 qui
651 2969 791 3070 aliquo
821 2969 948 3045 modo
977 2970 1044 3044 vel
1073 2969 1213 3068 aliquo
1241 2975 1438 3069 ternpore

31 3184 35 3194 ,
183 3097 187 3105 ’
295 3087 611 3168 'offendissent
645 3087 851 3164 illustrem
878 3086 1211 3164 dominationem
1247 3086 1439 3164 Venetia·

342 3233 446 3295 rum,
473 3216 519 3286 ut
545 3209 750 3287 sententie
779 3212 929 3285 eontra
956 3231 1032 3285 eos
1060 3205 1172 3283 lacte
1203 3207 1438 3287 cancellan-

343 3341 411 3410 tur
439 3331 491 3408 de
520 3331 651 3410 libris.
678 3329 822 3406 Item
851 3338 896 3406 ut
923 3351 1069 3406 omnes
1097 3327 1156 3403 illi
1186 3326 1302 3404 rives
1339 3324 1439 3424 qui

344 3460 614 3553 tempore
650 3450 891 3551 despoti
928 3448 1096 3526 missi
1137 3447 1352 3523 fuorunt
1389 3443 1437 3520 in

236 3649 242 3661 J
344 3574 563 3664 exilium,
589 3575 766 3650 redeant
793 3574 833 3649 in
861 3573 1011 3648 domos
1038 3592 1148 3654 suas,
1176 3571 1278 3644 etut
1297 3564 1438 3640 omnia

345 3698 453 3775 bona
489 3719 637 3773 eorum
674 3696 736 3770 eis
772 3694 1068 3774 restituantur,
1105 3713 1186 3789 que
1221 3689 1439 3787 despot

344 3815 538 3893 domiuus
565 3837 766 3891 eorum
802 3812 1003 3915 primus
1032 3811 1093 3886 eis
1121 3805 1364 3894 abstulerat,
1392 3807 1438 3878 ut

345 3962 599 4016 unaomnes
637 3937 819 4016 fideliter
845 3935 1030 4012 serviant
1057 3927 1334 4008 dominationi
1360 3928 1437 4002 Va

346 4058 561 4137 netiarum.
589 4058 732 4136 Item
760 4063 805 4134 ut
831 4058 977 4132 noster
998 4051 1271 4154 episcopatus
1285 4045 1436 4162 lrabeat

274 4193 278 4202 ’
345 4181 485 4256 villam
511 4176 686 4258 Plistam
715 4201 811 4256 oum
839 4170 1031 4254 omuibus
1051 4171 1137 4248 suis
1158 4165 1436 4271 pertinentiis,
