3236 5108
307 354 373 434 m

309 581 597 662 compensare,
612 583 662 636 ac
677 557 788 662 ipsas
818 555 1030 639 dotalibus
1060 553 1273 634 favoribus
1303 579 1401 634 con·

307 681 486 766 vallare,
518 680 770 784 etipsarum
808 677 1033 784 petitiones
1076 677 1291 756 liberalius
1331 699 1397 752 ex·

307 800 464 888 andire,
495 807 648 901 quanto
666 800 847 878 ducatui·
864 801 1013 878 nostro
1044 795 1290 886 devotiores
1318 791 1398 870 lide

159 917 162 926 ’
308 927 351 1000 et
378 917 577 1020 operibus
604 945 651 996 se
681 919 927 1010 ostendunt3
972 919 1235 996 attendentes
1276 913 1399 1016 igitur

306 1040 559 1144 multiplices
600 1035 696 1118 lidei
724 1038 946 1142 puritatem
977 1046 1020 1116 ct
1049 1036 1287 1125 devotionis
1315 1035 1398 1141 plc-

175 1145 180 1156 ’
306 1161 559 1246 nitudinem,
597 1183 757 1261 quam
794 1149 1160 1258 magnificus
1188 1155 1289 1250 vir,
1318 1153 1397 1232 do

305 1280 492 1363 minus
531 1279 830 1380 Georgius
886 1277 1130 1380 condam
1185 1271 1397 1353 Strazi·
1523 1371 1528 1382 .

306 1401 453 1492 miri,
495 1399 766 1478 dominus
808 1398 994 1476 chte
1024 1405 1078 1475 et
1113 1404 1219 1474 cet.
1247 1393 1299 1471 ad
1327 1419 1397 1470 no-

306 1526 418 1599 strae
447 1519 740 1618 magnitudinis
766 1517 1057 1598 excellentiam
1086 1515 1246 1592 habere
1262 1539 1399 1619 prom-

305 1641 388 1746 ptis
418 1641 635 1736 affectibus
661 1667 706 1718 se
724 1639 921 1728 ostendit
948 1638 1018 1739 qui
1034 1638 1076 1714 in
1091 1633 1275 1738 agendis,
1303 1660 1397 1732 nos,
1513 1693 1516 1696 -

307 1766 509 1858 ducatum.
529 1770 719 1840 nostrum
749 1769 791 1839 et
817 1761 1053 1862 singulares
1097 1779 1300 1862 personas
1329 1755 1397 1832 du·

308 1891 427 1965 catus
456 1882 641 1978 eiusdem
669 1880 949 1982 tangentibus,
978 1882 1177 1959 devotum
1207 1884 1399 1980 etprom·

306 2013 422 2106 ptum
466 2002 728 2082 laudabiliter
766 2012 808 2082 ct
848 2004 1108 2081 incessanter
1135 2023 1181 2078 sc
1207 1995 1399 2102 praebuit

308 2131 432 2225 atque
461 2121 624 2226 prebet;
652 2121 1031 2226 supplicationibus
1059 2119 1185 2200 nobis
1208 2143 1282 2198 sua
1307 2140 1397 2220 par·
1502 2167 1504 2180 .

307 2249 348 2320 te
376 2243 585 2346 porrectis
621 2243 847 2342 gratiosius
876 2246 1122 2327 annuentes,
1164 2264 1260 2317 cum
1301 2263 1396 2318 crum

308 2361 393 2440 suis
410 2363 506 2441 liliis
522 2369 565 2438 et
578 2362 819 2454 heredibus,
836 2369 1081 2441 nostrornm
1100 2360 1283 2465 omnium
1302 2383 1397 2438 con·

310 2483 498 2560 alliorum
522 2491 564 2560 et
593 2483 985 2562 ordinamentorum
1025 2481 1265 2560 necessaria
1292 2479 1398 2556 sole·

306 2606 476 2684 mnitate
505 2613 680 2692 servata,
698 2607 736 2682 in
765 2607 975 2684 Venetum
990 2613 1032 2684 et
1049 2604 1183 2682 civem
1206 2607 1395 2680 nostrum
1501 2592 1504 2600 ‘

308 2741 402 2805 cum
441 2725 526 2802 suis
561 2723 656 2804 liliis
684 2733 727 2804 et
752 2727 985 2806 heredibus
1028 2732 1236 2830 perpetuo
1276 2747 1392 2801 rece·

307 2847 440 2950 pimus
469 2853 593 2949 atquc
624 2847 865 2950 recipimus,
892 2851 934 2926 et
961 2849 1171 2926 Veuetum
1192 2853 1234 2924 et
1262 2845 1397 2922 civem

146 2955 157 2980 '
307 2975 499 3050 nostrum
530 2993 625 3048 cum
640 2971 726 3048 suis
740 2971 834 3064 liliis
863 2979 905 3049 et
921 2971 1149 3048 heredibus
1167 2969 1341 3052 lecimus
1357 2973 1399 3044 et

308 3089 494 3176 facimus,
512 3098 554 3168 ct
568 3114 647 3191 pro
675 3091 840 3170 Veneto
858 3101 901 3169 et
916 3094 1008 3172 cive
1029 3097 1175 3170 nostro
1191 3113 1288 3169 cum
1315 3088 1399 3166 suis

307 3211 400 3292 filiis
428 3217 471 3290 et
485 3208 729 3298 heredibus,
753 3209 791 3288 in
808 3211 996 3290 Venetiis
1015 3218 1057 3287 et
1074 3210 1171 3289 alibi
1199 3210 1399 3310 deinceps

306 3329 453 3427 haberi
483 3337 525 3408 et
562 3332 786 3434 procurari
814 3331 928 3410 omni
973 3313 1126 3410 effectu
1156 3337 1197 3406 ct
1224 3329 1397 3432 plenitu-

307 3453 404 3546 dine
432 3451 626 3529 volumus
654 3456 696 3528 et
724 3451 1076 3555 tractari,ipsum
1118 3454 1287 3530 sincere
1329 3449 1396 3527 be·

307 3574 570 3652 nevolcntiae
621 3571 800 3652 brachiis
842 3573 1125 3674 amplexantes
1156 3573 1197 3647 et
1224 3569 1399 3649 tirmiter

306 3699 555 3781 statuentes,
584 3695 698 3796 quod
745 3695 917 3794 singulis
948 3691 1231 3780 libertatibus,
1273 3695 1397 3772 benc-

305 3814 423 3901 llciis,
464 3799 745 3894 imunitatibus
789 3823 831 3892 et
871 3815 1108 3894 honoribus
1150 3812 1397 3916 quibuscun-

218 4029 221 4034 ,
308 3961 411 4039 quc,
448 3935 600 4039 quibus
627 3938 693 4016 alii
722 3937 1001 4018 honorabiles
1027 3937 1183 4030 Veneti
1212 3937 1255 4010 et
1283 3931 1398 4011 cives

306 4058 443 4138 nostri
474 4057 656 4157 gaudent
682 4063 726 4136 et
765 4059 928 4162 perfrui
954 4058 1008 4136 di
1024 4083 1090 4159 gn
1107 4082 1132 4134 o
1148 4085 1167 4134 s
1184 4082 1206 4138 c
1224 4079 1248 4132 u
1266 4083 1292 4134 n
1304 4062 1398 4148 tur,

306 4177 496 4280 prefatus
523 4179 764 4280 magnificus
792 4180 984 4260 dominus
1013 4175 1221 4278 Georgius
1246 4175 1396 4254 Strazi·

308 4297 537 4383 miricam
578 4300 663 4378 suis
694 4301 787 4378 liliis
817 4309 859 4385 ct
886 4298 1112 4378 heredibus
1142 4300 1181 4376 in
1209 4294 1399 4376 Venetiis
