3226 5112
1152 1063 1159 1095 Ι

160 1324 161 1332 i
255 1363 484 1468 ooom.
527 1391 637 1466 mo.
677 1393 714 1464 ⁵.
756 1385 1157 1491 sapiamus,

525 1507 579 1584 in
621 1505 879 1610 Rogatis.

155 1685 340 1762 Oaronopr»
350 1686 687 1762 pym‘pamerausorn
697 1691 1247 1764 uocaamsynpamnoeauerorn.

257 1833 462 1933 Quoniam
500 1841 712 1913 orator
746 1833 1248 1942 serenissimi're·

155 1955 243 2055 gis
276 1953 576 2034 Bossinae
617 1955 784 2034 videtur
818 1979 902 2033 non
939 1955 1047 2034 bene
1077 1965 1247 2036 conten·
1313 2043 1316 2052 ⁴

111 2177 113 2180 .
155 2075 236 2154 tari
262 2077 315 2154 de
345 2077 649 2179 responsione,
691 2099 814 2179 quarn
853 2075 934 2154 sibi
960 2077 1164 2164 fecimus,
1204 2085 1250 2157 et

154 2196 327 2298 insuper
355 2193 535 2297 requirit
562 2203 708 2272 mutuo
737 2223 758 2273 a
787 2201 935 2274 nostro
963 2198 1150 2276 dominio
1180 2200 1247 2276 du·

156 2321 275 2393 catos
308 2311 468 2392 XXXII
504 2314 632 2392 miliia
665 2315 768 2407 auri,
803 2339 883 2420 pro
915 2318 1158 2396 redimendo
1196 2317 1248 2396 de
1345 2343 1347 2348 ·

154 2435 349 2514 manibus
375 2435 414 2513 Τ
428 2459 455 2512 u
470 2459 493 2511 r
507 2461 530 2513 o
546 2435 573 2510 h
589 2461 615 2513 o
631 2461 693 2512 ru
708 2447 749 2513 m
794 2437 929 2539 aliqua
970 2439 1059 2516 eius
1087 2435 1248 2530 'eastra

155 2579 263 2657 quae
305 2559 402 2633 sunt
441 2555 482 2631 in
523 2554 695 2632 illorum
737 2557 926 2634 manibus
966 2557 1007 2634 in
1062 2580 1246 2668 regno
1350 2541 1362 2565 ”

155 2697 217 2750 su
233 2699 259 2753 o
287 2673 321 2751 B
339 2699 365 2752 o
384 2674 598 2758 asinae,
625 2679 855 2754 seeundum
885 2683 1045 2754 certam
1061 2703 1247 2782 ‘compo
1369 2729 1373 2740 ·

154 2794 362 2900 sitionenu
383 2817 506 2896 quam
526 2796 709 2900 invioem
728 2794 985 2885 habuerunt;
1009 2796 1122 2874 vadit
1137 2819 1249 2898 pars,

154 2915 269 3016 quod
296 2915 463 2993 dicatur
491 2913 595 3002 sibi,
638 2918 752 3019 quod
793 2917 954 2996 iudicio
990 2899 1139 2994 nostro
1167 2916 1248 2996 sibi

151 3034 319 3136 pridem
348 3035 610 3138 pertinenter
637 3039 948 3139 respondimus,
979 3044 1172 3138 quantum
1195 3040 1247 3114 ad
1301 3119 1307 3134 ,

151 3153 361 3233 honorem
390 3156 501 3234 iilius
529 3157 792 3236 serenissimi
822 3161 933 3259 regis
958 3165 1001 3234 et
1023 3157 1159 3236 nostri
1179 3160 1249 3248 do·

153 3273 271 3354 minii
298 3282 525 3357 seeundum
555 3287 745 3359 naturam
773 3280 836 3357 rei
866 3278 988 3358 nobis
1012 3280 1149 3356 visum
1173 3277 1251 3354 fuit

155 3397 398 3501 expediens.
453 3401 541 3481 Nee
576 3403 743 3481 videtur
783 3402 906 3480 nobis
949 3401 1062 3503 quod
1103 3401 1248 3479 dicere

154 3512 368 3616 possimus
397 3519 523 3608 aliud,
552 3545 676 3624 quam
704 3520 743 3599 id
774 3521 888 3623 quod
916 3520 1117 3608 diximus,
1145 3542 1245 3621 quo·

152 3635 265 3713 niam
294 3661 368 3716 sua
397 3643 605 3720 serenitas
636 3649 700 3720 est
728 3641 1036 3743 sapientissima
1063 3645 1107 3717 et
1121 3636 1249 3716 habet

154 3759 504 3838 notabitissimnm
535 3763 778 3848 eonsilium,
819 3761 935 3840 acin
965 3758 1158 3838 omnibus
1186 3783 1248 3837 re·

26 3979 29 3982 Ι
153 3875 230 3954 bus
259 3883 587 3960 occurrentibus
615 3882 881 3960 seiet‘multo
909 3881 1060 3959 meiius
1094 3879 1247 3960 delibe-

156 4022 253 4081 rare
291 4010 335 4080 et
369 4003 602 4106 providere
645 4005 758 4083 cirea
801 4027 876 4096 ea,
918 4025 1026 4104 quae
1068 4001 1248 4081 habeant

154 4145 410 4203 conservare
438 4125 649 4204 honorem
665 4147 799 4214 suum,
828 4124 867 4200 io
884 4121 1247 4202 confirmationem

157 4247 199 4321 et
227 4253 496 4343 augmentum
525 4246 721 4348 antiquae
749 4243 959 4324 amicitiae
987 4243 1246 4402 etpeordialis

1006 4367 1024 4430 1
