3186 5112
1154 381 1218 454 nl

135 591 250 670 dioto
276 585 452 669 Petro
480 585 673 688 bongo
702 593 953 668 oratore
980 589 1218 674 Turoni»

134 711 343 811 possimus
369 710 580 814 pratioaro
605 734 735 812 super
762 709 900 787 forma
926 708 1060 788 diotae
1088 709 1219 812 pacis,

136 840 179 910 ct
205 833 326 916 aliter
348 840 480 934 prout
506 829 716 908 videbitur
743 831 842 910 huie
871 831 1067 910 coneilio„

444 967 548 1034 Scor.
572 967 683 1036 Cone.
707 969 839 1056 nogat.
853 963 939 1032 nlo.
965 966 1022 1033 lv.
1044 967 1101 1032 oh.
1123 967 1174 1032 76»

275 1167 1082 1297 CCL01409.21.Septembris.

134 1389 350 1456 llacraarorri
385 1417 420 1458 aa
444 1418 609 1475 rocnory,
645 1418 705 1459 non
731 1419 769 1460 ce
793 1403 943 1474 noralaro
979 1419 1015 1460 oa
1040 1399 1221 1460 roc-nolon

135 1501 310 1574 menon,
345 1509 668 1582 yaoannonhopia
704 1509 965 1583 epannanpooa,
999 1505 1217 1580 oycaonimra

135 1619 222 1679 noga
246 1619 351 1666 ronna
375 1611 413 1665 he
438 1625 477 1667 co
502 1625 642 1668 rontano
666 1621 856 1670 aanaronnrn
880 1619 968 1685 anm
991 1607 1112 1684 nanely
1136 1605 1221 1668 llae-

257 1725 332 1770 rana
354 1729 374 1786 ‚a
397 1727 520 1770 rocnoa
542 1712 650 1772 Graue
674 1731 691 1770 a
715 1715 841 1772 aanor}
864 1729 942 1772 cana
965 1713 1097 1770 Eamne.

240 1895 545 1999 Cumlmultum
584 1897 709 1976 faciat
735 1921 814 2000 pro
844 1904 991 1976 nostro
1035 1897 1219 1986 dominio

91 2089 98 2100 ,
135 2012 336 2094 devenire
366 2015 415 2093 ad
445 2014 596 2095 bonam
626 2019 941 2096 conclusionem
970 2024 1013 2096 et
1040 2042 1217 2097 concor·

7 2151 8 2156 ‘
135 2129 1222 2230 diumcumdominaElenaStrazimiri,

134 2263 319 2334 matre
359 2249 589 2350 Baisae,
631 2267 786 2338 elnon
826 2265 938 2337 stare
979 2259 1154 2360 amplnis
1181 2259 1222 2336 in

7 2371 8 2376 ‘
133 2371 224 2452 istis
261 2376 477 2470 terminis,
518 2369 784 2458 considerata
812 2403 919 2480 pace
947 2403 1084 2482 nuper
1110 2378 1221 2458 facta

135 2521 214 2598 per
241 2493 566 2578 ambasiatorem
605 2509 821 2584 nostrum,
862 2499 1049 2580 nobilem
1089 2499 1222 2576 virum

137 2641 207 2693 ser
259 2609 534 2699 Franciscum
585 2617 849 2704 Justiniano,
903 2645 997 2700 cum
1050 2622 1223 2698 Musu-

38 2807 41 2810 .
136 2732 1223 2836 manCalabidomino'Prrrchorum‚in

141 2881 220 2960 qua
251 2859 506 2944 continetur,
536 2857 648 2961 quod
677 2862 814 2938 dictus
843 2859 1225 2940 dominusesteon·

138 2983 303 3064 tentos,
333 2981 447 3082 quod
476 2978 707 3059 dominatio
736 2993 881 3058 nostra
907 2980 1060 3061 habeat
1089 2986 1224 3063 castra

137 3097 231 3179 loca
261 3107 302 3178 et
328 3105 465 3178 terras
494 3106 536 3178 et
562 3099 778 3178 habentias
809 3125 979 3189 eorum,
1002 3125 1126 3203 ,quae
1155 3103 1224 3178 do·
1340 3148 1348 3159 ·

138 3222 306 3300 minatio
350 3229 495 3299 nostra
537 3226 653 3299 tenet
692 3221 734 3300 in
778 3217 968 3322 partibus
1007 3220 1223 3320 Albaniae,

9 3345 12 3398 ῑ
139 3363 247 3445 qnae
276 3340 443 3418 luerunt
467 3341 645 3418 condam
684 3339 905 3439 Georgii
947 3339 1224 3418 Srazimiri

10 3535 12 3548 ,
140 3471 194 3539 et
232 3458 444 3540 Balsae
485 3460 614 3539 eius
650 3459 748 3550 filii,
790 3461 1005 3565 perillum
1043 3462 1226 3552 modum,

10 3633 12 3650 .
141 3606 224 3682 quo
253 3591 398 3661 nostra
427 3579 655 3660 dominatio
684 3581 752 3660 illa
781 3589 895 3660 tenet
922 3588 963 3660 et
991 3581 1147 3667 habel,
1185 3590 1226 3659 et

140 3727 235 3780 cum
265 3693 514 3794 concordio,
544 3703 656 3804 qnod
681 3704 907 3780 cumdicto
936 3697 1057 3778 Balsa
1084 3695 1225 3788 haben

137 3827 178 3898 el
206 3819 303 3924 quia
332 3821 467 3898 dictus
495 3843 565 3899 ser
590 3819 844 3900 Franciscus
873 3815 1062 3898 declarat
1090 3829 1225 3898 osten-

137 3940 247 4018 disse
275 3965 425 4044 pacem
453 3937 607 4026 factam
635 3939 676 4016 in
694 3933 916 4018 millesimo
948 3940 1223 4042 quadringen-

136 4061 291 4141 tesimo
334 4069 515 4162 octavo,
560 4056 626 4140 die
667 4060 834 4140 decimo
877 4061 1057 4166 septimo
1096 4057 1225 4150 dnnii,
1311 4107 1314 4116 λ

136 4208 215 4285 per
256 4189 424 4260 nostros
466 4177 735 4285 provisores,
777 4179 925 4282 inqua
966 4193 1154 4262 remanet
1182 4185 1223 4260 in

137 4327 340 4406 suspenso
382 4304 452 4387 id.
489 4301 610 4452 ⁸quod
647 4297 775 4380 debet
811 4325 906 4380 esse
934 4299 987 4379 de
1030 4311 1222 4400 contrata

975 4425 1020 4490 28
