<?xml version="1.0" encoding="UTF-8"?>
<!DOCTYPE html PUBLIC "-//W3C//DTD XHTML 1.0 Transitional//EN"
    "http://www.w3.org/TR/xhtml1/DTD/xhtml1-transitional.dtd">
<html xmlns="http://www.w3.org/1999/xhtml" xml:lang="en" lang="en">
 <head>
  <title>
</title>
<meta http-equiv="Content-Type" content="text/html;charset=utf-8" />
  <meta name='ocr-system' content='tesseract 3.04.00' />
  <meta name='ocr-capabilities' content='ocr_page ocr_carea ocr_par ocr_line ocrx_word'/>
</head>
<body>
  <div class='ocr_page' id='page_1' title='image "./actaarchivivene00sergoog_0813.png"; bbox 0 0 3226 5112; ppageno 0'>
   <div class='ocr_carea' id='block_1_1' title="bbox 145 509 1320 899">
    <p class='ocr_par' dir='ltr' id='par_1_1' title="bbox 145 509 1320 899">
     <span class='ocr_line' id='line_1_1' title="bbox 146 509 1320 653; baseline -0.003 -23"><span class='ocrx_word' id='word_1_1' title='bbox 146 553 370 650; x_wconf 70' lang='lat' dir='ltr'>monttgut</span> <span class='ocrx_word' id='word_1_2' title='bbox 394 568 451 631; x_wconf 79' lang='lat' dir='ltr'>xe</span> <span class='ocrx_word' id='word_1_3' title='bbox 476 547 531 626; x_wconf 85' lang='lat' dir='ltr'>de</span> <span class='ocrx_word' id='word_1_4' title='bbox 558 547 768 640; x_wconf 69' lang='lat' dir='ltr'>Drivneto,</span> <span class='ocrx_word' id='word_1_5' title='bbox 794 573 820 628; x_wconf 91' lang='lat' dir='ltr'>e</span> <span class='ocrx_word' id='word_1_6' title='bbox 848 549 976 653; x_wconf 81' lang='lat' dir='ltr'>quelo</span> <span class='ocrx_word' id='word_1_7' title='bbox 1006 553 1086 634; x_wconf 81' lang='lat' dir='ltr'>ehe</span> <span class='ocrx_word' id='word_1_8' title='bbox 1113 574 1169 640; x_wconf 77' lang='lat' dir='ltr'>xe</span> <span class='ocrx_word' id='word_1_9' title='bbox 1185 552 1238 628; x_wconf 90' lang='lat' dir='ltr'>de</span> <span class='ocrx_word' id='word_1_10' title='bbox 1313 509 1320 532; x_wconf 45' lang='lat'><em>⁸</em></span> 
     </span>
     <span class='ocr_line' id='line_1_2' title="bbox 147 667 1240 776; baseline 0 -28"><span class='ocrx_word' id='word_1_11' title='bbox 147 695 230 772; x_wconf 81' lang='lat' dir='ltr'>que</span> <span class='ocrx_word' id='word_1_12' title='bbox 257 669 348 752; x_wconf 77' lang='lat' dir='ltr'>dete</span> <span class='ocrx_word' id='word_1_13' title='bbox 375 672 609 770; x_wconf 78' lang='lat' dir='ltr'>montegne‚</span> <span class='ocrx_word' id='word_1_14' title='bbox 649 691 705 746; x_wconf 81' lang='lat' dir='ltr'>xe</span> <span class='ocrx_word' id='word_1_15' title='bbox 745 669 798 748; x_wconf 89' lang='lat' dir='ltr'>de</span> <span class='ocrx_word' id='word_1_16' title='bbox 828 667 1008 764; x_wconf 76' lang='lat' dir='ltr'>Scutari,</span> <span class='ocrx_word' id='word_1_17' title='bbox 1036 698 1060 754; x_wconf 93' lang='lat' dir='ltr'>e</span> <span class='ocrx_word' id='word_1_18' title='bbox 1087 697 1166 776; x_wconf 74' lang='lat' dir='ltr'>per</span> <span class='ocrx_word' id='word_1_19' title='bbox 1202 674 1240 750; x_wconf 82' lang='lat' dir='ltr'>le</span> 
     </span>
     <span class='ocr_line' id='line_1_3' title="bbox 145 791 1239 899; baseline 0 -27"><span class='ocrx_word' id='word_1_20' title='bbox 145 792 322 894; x_wconf 77' lang='lat' dir='ltr'><strong>pianum</strong></span> <span class='ocrx_word' id='word_1_21' title='bbox 350 791 388 871; x_wconf 82' lang='lat' dir='ltr'>ta</span> <span class='ocrx_word' id='word_1_22' title='bbox 415 791 503 874; x_wconf 79' lang='lat' dir='ltr'>che</span> <span class='ocrx_word' id='word_1_23' title='bbox 524 797 778 872; x_wconf 71' lang='lat' dir='ltr'>meteeemo</span> <span class='ocrx_word' id='word_1_24' title='bbox 808 791 835 872; x_wconf 84' lang='lat' dir='ltr'>li</span> <span class='ocrx_word' id='word_1_25' title='bbox 865 791 1019 874; x_wconf 81' lang='lat' dir='ltr'><strong>confini</strong></span> <span class='ocrx_word' id='word_1_26' title='bbox 1046 794 1098 873; x_wconf 88' lang='lat' dir='ltr'>de</span> <span class='ocrx_word' id='word_1_27' title='bbox 1120 796 1239 899; x_wconf 71' lang='lat' dir='ltr'>pieta</span> 
     </span>
    </p>
   </div>
   <div class='ocr_carea' id='block_1_2' title="bbox 145 897 1247 2221">
    <p class='ocr_par' dir='ltr' id='par_1_2' title="bbox 145 897 1247 2221">
     <span class='ocr_line' id='line_1_4' title="bbox 145 897 1241 1024; baseline 0.003 -35"><span class='ocrx_word' id='word_1_28' title='bbox 145 897 186 989; x_wconf 71' lang='lat' dir='ltr'>in</span> <span class='ocrx_word' id='word_1_29' title='bbox 214 913 349 1016; x_wconf 78' lang='lat' dir='ltr'>piere,</span> <span class='ocrx_word' id='word_1_30' title='bbox 376 911 469 990; x_wconf 87' lang='lat' dir='ltr'>ede</span> <span class='ocrx_word' id='word_1_31' title='bbox 498 909 671 1012; x_wconf 80' lang='lat' dir='ltr'>mogitla</span> <span class='ocrx_word' id='word_1_32' title='bbox 696 911 738 992; x_wconf 84' lang='lat' dir='ltr'>in</span> <span class='ocrx_word' id='word_1_33' title='bbox 767 911 950 1024; x_wconf 81' lang='lat' dir='ltr'>mogille.</span> <span class='ocrx_word' id='word_1_34' title='bbox 978 941 1003 994; x_wconf 89' lang='lat' dir='ltr'>e</span> <span class='ocrx_word' id='word_1_35' title='bbox 1032 914 1085 993; x_wconf 92' lang='lat' dir='ltr'>de</span> <span class='ocrx_word' id='word_1_36' title='bbox 1109 913 1241 995; x_wconf 76' lang='lat' dir='ltr'>arbor</span> 
     </span>
     <span class='ocr_line' id='line_1_5' title="bbox 145 1033 1241 1133; baseline 0.004 -23"><span class='ocrx_word' id='word_1_37' title='bbox 145 1033 187 1112; x_wconf 88' lang='lat' dir='ltr'>in</span> <span class='ocrx_word' id='word_1_38' title='bbox 214 1035 358 1128; x_wconf 68' lang='lat' dir='ltr'><strong>arbor,</strong></span> <span class='ocrx_word' id='word_1_39' title='bbox 386 1035 576 1133; x_wconf 71' lang='lat' dir='ltr'>tegendo</span> <span class='ocrx_word' id='word_1_40' title='bbox 604 1057 652 1110; x_wconf 79' lang='lat' dir='ltr'>se</span> <span class='ocrx_word' id='word_1_41' title='bbox 681 1033 823 1114; x_wconf 79' lang='lat' dir='ltr'>eerive</span> <span class='ocrx_word' id='word_1_42' title='bbox 839 1035 892 1114; x_wconf 86' lang='lat' dir='ltr'>de</span> <span class='ocrx_word' id='word_1_43' title='bbox 918 1060 1045 1114; x_wconf 80' lang='lat' dir='ltr'><strong>sovra</strong></span> <span class='ocrx_word' id='word_1_44' title='bbox 1071 1036 1182 1116; x_wconf 85' lang='lat' dir='ltr'><strong>infin</strong></span> <span class='ocrx_word' id='word_1_45' title='bbox 1200 1038 1241 1116; x_wconf 88' lang='lat' dir='ltr'>in</span> 
     </span>
     <span class='ocr_line' id='line_1_6' title="bbox 147 1152 1241 1256; baseline 0.005 -27"><span class='ocrx_word' id='word_1_46' title='bbox 147 1153 258 1252; x_wconf 80' lang='lat' dir='ltr'>lego.</span> <span class='ocrx_word' id='word_1_47' title='bbox 284 1155 318 1234; x_wconf 79' lang='lat' dir='ltr'>E</span> <span class='ocrx_word' id='word_1_48' title='bbox 346 1154 399 1234; x_wconf 85' lang='lat' dir='ltr'>de</span> <span class='ocrx_word' id='word_1_49' title='bbox 417 1153 446 1234; x_wconf 83' lang='lat' dir='ltr'>li</span> <span class='ocrx_word' id='word_1_50' title='bbox 472 1154 528 1233; x_wconf 85' lang='lat' dir='ltr'>do</span> <span class='ocrx_word' id='word_1_51' title='bbox 545 1152 708 1232; x_wconf 75' lang='lat' dir='ltr'>castelli</span> <span class='ocrx_word' id='word_1_52' title='bbox 722 1176 800 1256; x_wconf 78' lang='lat' dir='ltr'>per</span> <span class='ocrx_word' id='word_1_53' title='bbox 821 1154 862 1233; x_wconf 90' lang='lat' dir='ltr'>lo</span> <span class='ocrx_word' id='word_1_54' title='bbox 880 1154 1021 1234; x_wconf 84' lang='lat' dir='ltr'>eonfin</span> <span class='ocrx_word' id='word_1_55' title='bbox 1045 1154 1170 1234; x_wconf 76' lang='lat' dir='ltr'>dreto</span> <span class='ocrx_word' id='word_1_56' title='bbox 1199 1155 1241 1234; x_wconf 89' lang='lat' dir='ltr'>in</span> 
     </span>
     <span class='ocr_line' id='line_1_7' title="bbox 146 1272 1241 1380; baseline 0.004 -28"><span class='ocrx_word' id='word_1_57' title='bbox 146 1273 203 1352; x_wconf 85' lang='lat' dir='ltr'>fin</span> <span class='ocrx_word' id='word_1_58' title='bbox 218 1275 261 1354; x_wconf 88' lang='lat' dir='ltr'>in</span> <span class='ocrx_word' id='word_1_59' title='bbox 277 1299 383 1356; x_wconf 80' lang='lat' dir='ltr'><strong>cavo</strong></span> <span class='ocrx_word' id='word_1_60' title='bbox 400 1275 452 1356; x_wconf 86' lang='lat' dir='ltr'>de</span> <span class='ocrx_word' id='word_1_61' title='bbox 468 1275 507 1352; x_wconf 82' lang='lat' dir='ltr'>la</span> <span class='ocrx_word' id='word_1_62' title='bbox 521 1272 649 1356; x_wconf 71' lang='lat' dir='ltr'><strong>saldia</strong></span> <span class='ocrx_word' id='word_1_63' title='bbox 661 1272 745 1380; x_wconf 81' lang='lat' dir='ltr'>fine</span> <span class='ocrx_word' id='word_1_64' title='bbox 760 1275 799 1350; x_wconf 82' lang='lat' dir='ltr'>et</span> <span class='ocrx_word' id='word_1_65' title='bbox 815 1274 961 1356; x_wconf 75' lang='lat' dir='ltr'><strong>Drino.</strong></span> <span class='ocrx_word' id='word_1_66' title='bbox 987 1276 1030 1375; x_wconf 79' lang='grc' dir='ltr'>ΙΕ</span> <span class='ocrx_word' id='word_1_67' title='bbox 1046 1275 1098 1354; x_wconf 90' lang='lat' dir='ltr'>de</span> <span class='ocrx_word' id='word_1_68' title='bbox 1113 1301 1241 1356; x_wconf 80' lang='lat' dir='ltr'>sovra</span> 
     </span>
     <span class='ocr_line' id='line_1_8' title="bbox 147 1393 1243 1498; baseline 0.002 -26"><span class='ocrx_word' id='word_1_69' title='bbox 147 1393 329 1484; x_wconf 73' lang='lat' dir='ltr'>Scutari,</span> <span class='ocrx_word' id='word_1_70' title='bbox 354 1395 644 1476; x_wconf 83' lang='lat' dir='ltr'>comenzando</span> <span class='ocrx_word' id='word_1_71' title='bbox 673 1419 697 1472; x_wconf 81' lang='lat' dir='ltr'>a</span> <span class='ocrx_word' id='word_1_72' title='bbox 722 1419 874 1498; x_wconf 81' lang='lat' dir='ltr'>presse</span> <span class='ocrx_word' id='word_1_73' title='bbox 904 1397 944 1476; x_wconf 90' lang='lat' dir='ltr'>el</span> <span class='ocrx_word' id='word_1_74' title='bbox 974 1397 1070 1496; x_wconf 81' lang='lat' dir='ltr'>lego</span> <span class='ocrx_word' id='word_1_75' title='bbox 1096 1397 1182 1477; x_wconf 84' lang='lat' dir='ltr'>flno</span> <span class='ocrx_word' id='word_1_76' title='bbox 1204 1397 1243 1476; x_wconf 80' lang='lat' dir='ltr'>el</span> 
     </span>
     <span class='ocr_line' id='line_1_9' title="bbox 147 1511 1243 1619; baseline 0.002 -27"><span class='ocrx_word' id='word_1_77' title='bbox 147 1513 272 1596; x_wconf 87' lang='lat' dir='ltr'>flume</span> <span class='ocrx_word' id='word_1_78' title='bbox 300 1511 492 1597; x_wconf 73' lang='lat' dir='ltr'>elemado</span> <span class='ocrx_word' id='word_1_79' title='bbox 524 1512 685 1602; x_wconf 78' lang='lat' dir='ltr'>Rivole‚</span> <span class='ocrx_word' id='word_1_80' title='bbox 713 1537 738 1590; x_wconf 86' lang='lat' dir='ltr'>e</span> <span class='ocrx_word' id='word_1_81' title='bbox 765 1539 875 1594; x_wconf 79' lang='lat' dir='ltr'>sexo</span> <span class='ocrx_word' id='word_1_82' title='bbox 918 1540 997 1619; x_wconf 83' lang='lat' dir='ltr'>per</span> <span class='ocrx_word' id='word_1_83' title='bbox 1038 1517 1079 1595; x_wconf 80' lang='lat' dir='ltr'>lo</span> <span class='ocrx_word' id='word_1_84' title='bbox 1115 1515 1243 1594; x_wconf 87' lang='lat' dir='ltr'>fiume</span> 
     </span>
     <span class='ocr_line' id='line_1_10' title="bbox 148 1633 1242 1728; baseline 0 -12"><span class='ocrx_word' id='word_1_85' title='bbox 148 1638 202 1716; x_wconf 85' lang='lat' dir='ltr'>de</span> <span class='ocrx_word' id='word_1_86' title='bbox 230 1637 267 1715; x_wconf 76' lang='lat' dir='ltr'>le</span> <span class='ocrx_word' id='word_1_87' title='bbox 283 1635 433 1718; x_wconf 78' lang='lat' dir='ltr'>Rivole</span> <span class='ocrx_word' id='word_1_88' title='bbox 460 1633 624 1721; x_wconf 80' lang='lat' dir='ltr'>confine</span> <span class='ocrx_word' id='word_1_89' title='bbox 641 1661 736 1719; x_wconf 84' lang='lat' dir='ltr'>eum</span> <span class='ocrx_word' id='word_1_90' title='bbox 752 1643 895 1717; x_wconf 76' lang='lat' dir='ltr'>terren</span> <span class='ocrx_word' id='word_1_91' title='bbox 924 1639 978 1716; x_wconf 92' lang='lat' dir='ltr'>de</span> <span class='ocrx_word' id='word_1_92' title='bbox 1004 1637 1038 1719; x_wconf 88' lang='lat' dir='ltr'><strong>B</strong></span> <span class='ocrx_word' id='word_1_93' title='bbox 1056 1662 1078 1714; x_wconf 80' lang='lat' dir='ltr'><strong>a</strong></span> <span class='ocrx_word' id='word_1_94' title='bbox 1095 1638 1185 1716; x_wconf 83' lang='lat' dir='ltr'>lez</span> <span class='ocrx_word' id='word_1_95' title='bbox 1202 1651 1242 1728; x_wconf 64' lang='lat' dir='ltr'>⁴o,</span> 
     </span>
     <span class='ocr_line' id='line_1_11' title="bbox 147 1755 1244 1848; baseline -0.003 -10"><span class='ocrx_word' id='word_1_96' title='bbox 147 1755 239 1838; x_wconf 88' lang='lat' dir='ltr'>ede</span> <span class='ocrx_word' id='word_1_97' title='bbox 254 1757 413 1836; x_wconf 82' lang='lat' dir='ltr'>Balezo</span> <span class='ocrx_word' id='word_1_98' title='bbox 443 1755 610 1839; x_wconf 78' lang='lat' dir='ltr'>confine</span> <span class='ocrx_word' id='word_1_99' title='bbox 638 1781 733 1838; x_wconf 84' lang='lat' dir='ltr'>oum</span> <span class='ocrx_word' id='word_1_100' title='bbox 762 1757 872 1834; x_wconf 81' lang='lat' dir='ltr'>San</span> <span class='ocrx_word' id='word_1_101' title='bbox 899 1757 1069 1848; x_wconf 71' lang='lat' dir='ltr'>zuen,</span> <span class='ocrx_word' id='word_1_102' title='bbox 1098 1784 1122 1836; x_wconf 89' lang='lat' dir='ltr'>e</span> <span class='ocrx_word' id='word_1_103' title='bbox 1149 1782 1244 1838; x_wconf 86' lang='lat' dir='ltr'>cum</span> 
     </span>
     <span class='ocr_line' id='line_1_12' title="bbox 148 1875 1245 1980; baseline -0.003 -24"><span class='ocrx_word' id='word_1_104' title='bbox 148 1881 392 1980; x_wconf 65' lang='lat' dir='ltr'>carpeneto,</span> <span class='ocrx_word' id='word_1_105' title='bbox 420 1901 444 1954; x_wconf 88' lang='lat' dir='ltr'>e</span> <span class='ocrx_word' id='word_1_106' title='bbox 471 1877 511 1957; x_wconf 89' lang='lat' dir='ltr'>in</span> <span class='ocrx_word' id='word_1_107' title='bbox 527 1875 636 1960; x_wconf 81' lang='lat' dir='ltr'>elme</span> <span class='ocrx_word' id='word_1_108' title='bbox 664 1899 686 1954; x_wconf 78' lang='lat' dir='ltr'>a</span> <span class='ocrx_word' id='word_1_109' title='bbox 715 1877 973 1970; x_wconf 79' lang='lat' dir='ltr'>castelletto,</span> <span class='ocrx_word' id='word_1_110' title='bbox 1001 1876 1155 1956; x_wconf 80' lang='lat' dir='ltr'>eeussi</span> <span class='ocrx_word' id='word_1_111' title='bbox 1181 1901 1245 1954; x_wconf 86' lang='lat' dir='ltr'>su·</span> 
     </span>
     <span class='ocr_line' id='line_1_13' title="bbox 148 1998 1247 2086; baseline -0.001 -12"><span class='ocrx_word' id='word_1_112' title='bbox 148 2021 205 2075; x_wconf 83' lang='lat' dir='ltr'>xo</span> <span class='ocrx_word' id='word_1_113' title='bbox 233 1999 277 2078; x_wconf 85' lang='lat' dir='ltr'>in</span> <span class='ocrx_word' id='word_1_114' title='bbox 304 1999 412 2076; x_wconf 79' lang='lat' dir='ltr'>eima</span> <span class='ocrx_word' id='word_1_115' title='bbox 439 1999 493 2078; x_wconf 91' lang='lat' dir='ltr'>de</span> <span class='ocrx_word' id='word_1_116' title='bbox 522 2019 706 2080; x_wconf 75' lang='lat' dir='ltr'><strong>murman</strong></span> <span class='ocrx_word' id='word_1_117' title='bbox 733 1999 857 2078; x_wconf 79' lang='lat' dir='ltr'>dreto</span> <span class='ocrx_word' id='word_1_118' title='bbox 873 2021 976 2078; x_wconf 82' lang='lat' dir='ltr'><strong>zuso</strong></span> <span class='ocrx_word' id='word_1_119' title='bbox 1003 1998 1247 2086; x_wconf 78' lang='lat' dir='ltr'>aVesehas,</span> 
     </span>
     <span class='ocr_line' id='line_1_14' title="bbox 150 2116 1245 2221; baseline -0.002 -23"><span class='ocrx_word' id='word_1_120' title='bbox 150 2117 319 2198; x_wconf 80' lang='lat' dir='ltr'>eeueei</span> <span class='ocrx_word' id='word_1_121' title='bbox 357 2141 436 2221; x_wconf 75' lang='lat' dir='ltr'>per</span> <span class='ocrx_word' id='word_1_122' title='bbox 476 2141 580 2196; x_wconf 79' lang='lat' dir='ltr'><strong>zuna</strong></span> <span class='ocrx_word' id='word_1_123' title='bbox 621 2116 674 2196; x_wconf 88' lang='lat' dir='ltr'>de</span> <span class='ocrx_word' id='word_1_124' title='bbox 717 2123 940 2219; x_wconf 71' lang='lat' dir='ltr'>montagna</span> <span class='ocrx_word' id='word_1_125' title='bbox 981 2121 1022 2198; x_wconf 88' lang='lat' dir='ltr'>in</span> <span class='ocrx_word' id='word_1_126' title='bbox 1058 2143 1164 2200; x_wconf 82' lang='lat' dir='ltr'>cavo</span> <span class='ocrx_word' id='word_1_127' title='bbox 1193 2117 1245 2198; x_wconf 88' lang='lat' dir='ltr'>de</span> 
     </span>
    </p>
   </div>
   <div class='ocr_carea' id='block_1_3' title="bbox 152 2239 1397 2344">
    <p class='ocr_par' dir='ltr' id='par_1_3' title="bbox 152 2239 1397 2344">
     <span class='ocr_line' id='line_1_15' title="bbox 152 2239 1397 2344; baseline -0.002 -24"><span class='ocrx_word' id='word_1_128' title='bbox 152 2263 296 2342; x_wconf 79' lang='lat' dir='ltr'><strong>parva.</strong></span> <span class='ocrx_word' id='word_1_129' title='bbox 349 2239 493 2321; x_wconf 82' lang='lat' dir='ltr'>Eehe</span> <span class='ocrx_word' id='word_1_130' title='bbox 536 2239 713 2324; x_wconf 75' lang='lat' dir='ltr'>Piero</span> <span class='ocrx_word' id='word_1_131' title='bbox 742 2240 894 2344; x_wconf 77' lang='lat' dir='ltr'>Spnn</span> <span class='ocrx_word' id='word_1_132' title='bbox 936 2241 1063 2322; x_wconf 77' lang='lat' dir='ltr'>habia</span> <span class='ocrx_word' id='word_1_133' title='bbox 1103 2239 1245 2343; x_wconf 84' lang='lat' dir='ltr'>quello</span> <span class='ocrx_word' id='word_1_134' title='bbox 1392 2265 1397 2274; x_wconf 93' lang='grc'><em>·</em></span> 
     </span>
    </p>
   </div>
   <div class='ocr_carea' id='block_1_4' title="bbox 148 2361 1248 3189">
    <p class='ocr_par' dir='ltr' id='par_1_4' title="bbox 148 2361 1248 3189">
     <span class='ocr_line' id='line_1_16' title="bbox 149 2361 1247 2465; baseline 0.008 -29"><span class='ocrx_word' id='word_1_135' title='bbox 149 2364 293 2440; x_wconf 80' lang='lat' dir='ltr'>terren</span> <span class='ocrx_word' id='word_1_136' title='bbox 322 2361 515 2444; x_wconf 77' lang='lat' dir='ltr'>elemado</span> <span class='ocrx_word' id='word_1_137' title='bbox 545 2368 683 2456; x_wconf 76' lang='lat' dir='ltr'>corte,</span> <span class='ocrx_word' id='word_1_138' title='bbox 711 2387 839 2446; x_wconf 83' lang='lat' dir='ltr'><strong>como</strong></span> <span class='ocrx_word' id='word_1_139' title='bbox 866 2385 1066 2465; x_wconf 76' lang='lat' dir='ltr'>compare</span> <span class='ocrx_word' id='word_1_140' title='bbox 1095 2385 1143 2439; x_wconf 87' lang='lat' dir='ltr'>so</span> <span class='ocrx_word' id='word_1_141' title='bbox 1160 2383 1247 2446; x_wconf 82' lang='lat' dir='ltr'>ave,</span> 
     </span>
     <span class='ocr_line' id='line_1_17' title="bbox 150 2481 1244 2584; baseline -0.001 -26"><span class='ocrx_word' id='word_1_142' title='bbox 150 2504 253 2559; x_wconf 88' lang='lat' dir='ltr'>eso</span> <span class='ocrx_word' id='word_1_143' title='bbox 282 2505 399 2584; x_wconf 76' lang='lat' dir='ltr'>pare,</span> <span class='ocrx_word' id='word_1_144' title='bbox 428 2482 468 2560; x_wconf 90' lang='lat' dir='ltr'>el</span> <span class='ocrx_word' id='word_1_145' title='bbox 497 2483 594 2584; x_wconf 80' lang='lat' dir='ltr'><strong>qual</strong></span> <span class='ocrx_word' id='word_1_146' title='bbox 623 2505 671 2562; x_wconf 77' lang='lat' dir='ltr'>se</span> <span class='ocrx_word' id='word_1_147' title='bbox 698 2482 741 2564; x_wconf 87' lang='lat' dir='ltr'>in</span> <span class='ocrx_word' id='word_1_148' title='bbox 770 2481 980 2562; x_wconf 83' lang='lat' dir='ltr'>lieonfini</span> <span class='ocrx_word' id='word_1_149' title='bbox 1008 2481 1061 2560; x_wconf 89' lang='lat' dir='ltr'>de</span> <span class='ocrx_word' id='word_1_150' title='bbox 1087 2481 1244 2562; x_wconf 83' lang='lat' dir='ltr'>Bale-</span> 
     </span>
     <span class='ocr_line' id='line_1_18' title="bbox 150 2599 1246 2696; baseline 0.004 -20"><span class='ocrx_word' id='word_1_151' title='bbox 150 2625 229 2680; x_wconf 87' lang='lat' dir='ltr'>zo.</span> <span class='ocrx_word' id='word_1_152' title='bbox 262 2599 297 2678; x_wconf 84' lang='lat' dir='ltr'>E</span> <span class='ocrx_word' id='word_1_153' title='bbox 325 2603 377 2682; x_wconf 83' lang='lat' dir='ltr'>da</span> <span class='ocrx_word' id='word_1_154' title='bbox 406 2601 542 2682; x_wconf 80' lang='lat' dir='ltr'>lettre</span> <span class='ocrx_word' id='word_1_155' title='bbox 571 2603 668 2696; x_wconf 78' lang='lat' dir='ltr'>ledi,</span> <span class='ocrx_word' id='word_1_156' title='bbox 694 2625 823 2684; x_wconf 78' lang='lat' dir='ltr'>verso</span> <span class='ocrx_word' id='word_1_157' title='bbox 853 2603 882 2680; x_wconf 91' lang='lat' dir='ltr'>li</span> <span class='ocrx_word' id='word_1_158' title='bbox 897 2601 975 2680; x_wconf 87' lang='lat' dir='ltr'>otti</span> <span class='ocrx_word' id='word_1_159' title='bbox 991 2599 1161 2696; x_wconf 81' lang='lat' dir='ltr'>confini,</span> <span class='ocrx_word' id='word_1_160' title='bbox 1178 2627 1246 2680; x_wconf 85' lang='lat' dir='ltr'>eo·</span> 
     </span>
     <span class='ocr_line' id='line_1_19' title="bbox 148 2721 1248 2826; baseline 0 -28"><span class='ocrx_word' id='word_1_161' title='bbox 148 2745 297 2803; x_wconf 83' lang='lat' dir='ltr'>menza</span> <span class='ocrx_word' id='word_1_162' title='bbox 325 2723 365 2800; x_wconf 88' lang='lat' dir='ltr'>in</span> <span class='ocrx_word' id='word_1_163' title='bbox 395 2722 433 2800; x_wconf 82' lang='lat' dir='ltr'>le</span> <span class='ocrx_word' id='word_1_164' title='bbox 461 2725 668 2804; x_wconf 72' lang='lat' dir='ltr'>contrade</span> <span class='ocrx_word' id='word_1_165' title='bbox 709 2725 762 2802; x_wconf 89' lang='lat' dir='ltr'>de</span> <span class='ocrx_word' id='word_1_166' title='bbox 798 2725 839 2800; x_wconf 84' lang='lat' dir='ltr'>la</span> <span class='ocrx_word' id='word_1_167' title='bbox 874 2723 1037 2826; x_wconf 78' lang='lat' dir='ltr'>prefate</span> <span class='ocrx_word' id='word_1_168' title='bbox 1064 2721 1248 2822; x_wconf 77' lang='lat' dir='ltr'>signoria</span> 
     </span>
     <span class='ocr_line' id='line_1_20' title="bbox 150 2842 1247 2948; baseline -0.004 -26"><span class='ocrx_word' id='word_1_169' title='bbox 150 2842 203 2922; x_wconf 86' lang='lat' dir='ltr'>de</span> <span class='ocrx_word' id='word_1_170' title='bbox 231 2844 453 2924; x_wconf 82' lang='lat' dir='ltr'>Veniexie.</span> <span class='ocrx_word' id='word_1_171' title='bbox 479 2843 668 2948; x_wconf 77' lang='lat' dir='ltr'>Eprime</span> <span class='ocrx_word' id='word_1_172' title='bbox 697 2843 750 2922; x_wconf 86' lang='lat' dir='ltr'>de</span> <span class='ocrx_word' id='word_1_173' title='bbox 766 2844 872 2924; x_wconf 79' lang='lat' dir='ltr'>zime</span> <span class='ocrx_word' id='word_1_174' title='bbox 901 2845 954 2924; x_wconf 90' lang='lat' dir='ltr'>de</span> <span class='ocrx_word' id='word_1_175' title='bbox 969 2845 1007 2922; x_wconf 80' lang='lat' dir='ltr'>la</span> <span class='ocrx_word' id='word_1_176' title='bbox 1021 2848 1247 2942; x_wconf 79' lang='lat' dir='ltr'>montagna</span> 
     </span>
     <span class='ocr_line' id='line_1_21' title="bbox 152 2963 1246 3052; baseline -0.002 -10"><span class='ocrx_word' id='word_1_177' title='bbox 152 2965 340 3043; x_wconf 81' lang='lat' dir='ltr'>clamada</span> <span class='ocrx_word' id='word_1_178' title='bbox 368 2965 713 3052; x_wconf 81' lang='lat' dir='ltr'>Vellezieh,</span> <span class='ocrx_word' id='word_1_179' title='bbox 741 2989 766 3044; x_wconf 90' lang='lat' dir='ltr'>e</span> <span class='ocrx_word' id='word_1_180' title='bbox 794 2963 959 3046; x_wconf 78' lang='lat' dir='ltr'>confine</span> <span class='ocrx_word' id='word_1_181' title='bbox 987 2989 1083 3048; x_wconf 82' lang='lat' dir='ltr'>cum</span> <span class='ocrx_word' id='word_1_182' title='bbox 1112 2965 1151 3044; x_wconf 84' lang='lat' dir='ltr'>la</span> <span class='ocrx_word' id='word_1_183' title='bbox 1176 2963 1246 3042; x_wconf 88' lang='lat' dir='ltr'>vil·</span> 
     </span>
     <span class='ocr_line' id='line_1_22' title="bbox 150 3085 1247 3189; baseline 0 -27"><span class='ocrx_word' id='word_1_184' title='bbox 150 3086 189 3162; x_wconf 83' lang='lat' dir='ltr'>le</span> <span class='ocrx_word' id='word_1_185' title='bbox 229 3085 281 3164; x_wconf 89' lang='lat' dir='ltr'>de</span> <span class='ocrx_word' id='word_1_186' title='bbox 323 3085 524 3180; x_wconf 78' lang='lat' dir='ltr'>Stare,</span> <span class='ocrx_word' id='word_1_187' title='bbox 565 3088 604 3166; x_wconf 80' lang='lat' dir='ltr'>la</span> <span class='ocrx_word' id='word_1_188' title='bbox 633 3087 730 3189; x_wconf 79' lang='lat' dir='ltr'>quel</span> <span class='ocrx_word' id='word_1_189' title='bbox 759 3111 806 3166; x_wconf 84' lang='lat' dir='ltr'>se</span> <span class='ocrx_word' id='word_1_190' title='bbox 836 3088 904 3168; x_wconf 85' lang='lat' dir='ltr'>del</span> <span class='ocrx_word' id='word_1_191' title='bbox 933 3086 1080 3187; x_wconf 71' lang='lat' dir='ltr'>signer</span> <span class='ocrx_word' id='word_1_192' title='bbox 1105 3085 1247 3165; x_wconf 81' lang='lat' dir='ltr'><strong>Zorzo</strong></span> 
     </span>
    </p>
   </div>
   <div class='ocr_carea' id='block_1_5' title="bbox 41 3205 1250 3300">
    <p class='ocr_par' dir='ltr' id='par_1_5' title="bbox 41 3205 1250 3300">
     <span class='ocr_line' id='line_1_23' title="bbox 41 3205 1250 3300; baseline -0.004 -13"><span class='ocrx_word' id='word_1_193' title='bbox 41 3287 48 3300; x_wconf 83' lang='grc'><strong>,</strong></span> <span class='ocrx_word' id='word_1_194' title='bbox 152 3231 248 3286; x_wconf 86' lang='lat' dir='ltr'>eum</span> <span class='ocrx_word' id='word_1_195' title='bbox 275 3207 353 3288; x_wconf 84' lang='lat' dir='ltr'>tuti</span> <span class='ocrx_word' id='word_1_196' title='bbox 379 3233 456 3288; x_wconf 82' lang='lat' dir='ltr'>suo</span> <span class='ocrx_word' id='word_1_197' title='bbox 485 3208 654 3300; x_wconf 82' lang='lat' dir='ltr'><strong>confini,</strong></span> <span class='ocrx_word' id='word_1_198' title='bbox 683 3205 848 3289; x_wconf 82' lang='lat' dir='ltr'><strong>confina</strong></span> <span class='ocrx_word' id='word_1_199' title='bbox 865 3231 960 3286; x_wconf 84' lang='lat' dir='ltr'>eum</span> <span class='ocrx_word' id='word_1_200' title='bbox 988 3205 1141 3288; x_wconf 75' lang='lat' dir='ltr'>lemite</span> <span class='ocrx_word' id='word_1_201' title='bbox 1169 3205 1250 3285; x_wconf 75' lang='lat' dir='ltr'>cla-</span> 
     </span>
    </p>
   </div>
   <div class='ocr_carea' id='block_1_6' title="bbox 151 3324 1332 3790">
    <p class='ocr_par' dir='ltr' id='par_1_6' title="bbox 151 3324 1332 3790">
     <span class='ocr_line' id='line_1_24' title="bbox 151 3324 1250 3432; baseline 0 -28"><span class='ocrx_word' id='word_1_202' title='bbox 151 3327 272 3404; x_wconf 76' lang='lat' dir='ltr'>mede</span> <span class='ocrx_word' id='word_1_203' title='bbox 299 3326 366 3404; x_wconf 73' lang='lat' dir='ltr'>dal</span> <span class='ocrx_word' id='word_1_204' title='bbox 396 3325 491 3420; x_wconf 86' lang='lat' dir='ltr'>Col,</span> <span class='ocrx_word' id='word_1_205' title='bbox 519 3329 558 3406; x_wconf 79' lang='lat' dir='ltr'>la</span> <span class='ocrx_word' id='word_1_206' title='bbox 580 3329 676 3430; x_wconf 82' lang='lat' dir='ltr'><strong>qual</strong></span> <span class='ocrx_word' id='word_1_207' title='bbox 707 3353 731 3406; x_wconf 91' lang='lat' dir='ltr'>e</span> <span class='ocrx_word' id='word_1_208' title='bbox 759 3328 812 3408; x_wconf 88' lang='lat' dir='ltr'>de</span> <span class='ocrx_word' id='word_1_209' title='bbox 828 3329 866 3409; x_wconf 78' lang='lat' dir='ltr'>le</span> <span class='ocrx_word' id='word_1_210' title='bbox 881 3327 1047 3432; x_wconf 77' lang='lat' dir='ltr'>pretate</span> <span class='ocrx_word' id='word_1_211' title='bbox 1061 3324 1250 3427; x_wconf 73' lang='lat' dir='ltr'>signoria</span> 
     </span>
     <span class='ocr_line' id='line_1_25' title="bbox 152 3444 1250 3538; baseline 0.004 -17"><span class='ocrx_word' id='word_1_212' title='bbox 152 3445 205 3522; x_wconf 90' lang='lat' dir='ltr'>de</span> <span class='ocrx_word' id='word_1_213' title='bbox 231 3447 440 3530; x_wconf 80' lang='lat' dir='ltr'>veniexia</span> <span class='ocrx_word' id='word_1_214' title='bbox 468 3473 563 3528; x_wconf 85' lang='lat' dir='ltr'>cum</span> <span class='ocrx_word' id='word_1_215' title='bbox 591 3449 620 3528; x_wconf 86' lang='lat' dir='ltr'>li</span> <span class='ocrx_word' id='word_1_216' title='bbox 648 3473 726 3528; x_wconf 81' lang='lat' dir='ltr'>suo</span> <span class='ocrx_word' id='word_1_217' title='bbox 754 3444 923 3538; x_wconf 75' lang='lat' dir='ltr'>eonfiat,</span> <span class='ocrx_word' id='word_1_218' title='bbox 951 3475 975 3528; x_wconf 92' lang='lat' dir='ltr'>e</span> <span class='ocrx_word' id='word_1_219' title='bbox 1003 3448 1114 3526; x_wconf 72' lang='lat' dir='ltr'>euasi</span> <span class='ocrx_word' id='word_1_220' title='bbox 1147 3468 1250 3525; x_wconf 78' lang='lat' dir='ltr'>zuso</span> 
     </span>
     <span class='ocr_line' id='line_1_26' title="bbox 158 3565 1249 3662; baseline -0.001 -19"><span class='ocrx_word' id='word_1_221' title='bbox 158 3568 197 3646; x_wconf 81' lang='lat' dir='ltr'>le</span> <span class='ocrx_word' id='word_1_222' title='bbox 225 3591 308 3646; x_wconf 88' lang='lat' dir='ltr'>ove</span> <span class='ocrx_word' id='word_1_223' title='bbox 335 3567 379 3646; x_wconf 83' lang='lat' dir='ltr'>fo</span> <span class='ocrx_word' id='word_1_224' title='bbox 409 3567 447 3644; x_wconf 77' lang='lat' dir='ltr'>le</span> <span class='ocrx_word' id='word_1_225' title='bbox 478 3591 583 3649; x_wconf 75' lang='lat' dir='ltr'>eaxa</span> <span class='ocrx_word' id='word_1_226' title='bbox 610 3569 663 3648; x_wconf 88' lang='lat' dir='ltr'>de</span> <span class='ocrx_word' id='word_1_227' title='bbox 690 3569 947 3662; x_wconf 87' lang='lat' dir='ltr'>Beneh0‚</span> <span class='ocrx_word' id='word_1_228' title='bbox 974 3569 1053 3648; x_wconf 85' lang='lat' dir='ltr'>otti</span> <span class='ocrx_word' id='word_1_229' title='bbox 1080 3591 1176 3646; x_wconf 87' lang='lat' dir='ltr'>eun</span> <span class='ocrx_word' id='word_1_230' title='bbox 1195 3565 1249 3642; x_wconf 86' lang='lat' dir='ltr'>lu·</span> 
     </span>
     <span class='ocr_line' id='line_1_27' title="bbox 158 3687 1332 3790; baseline -0.004 -22"><span class='ocrx_word' id='word_1_231' title='bbox 158 3709 246 3786; x_wconf 83' lang='lat' dir='ltr'>ogo</span> <span class='ocrx_word' id='word_1_232' title='bbox 275 3687 469 3769; x_wconf 82' lang='lat' dir='ltr'>elamado</span> <span class='ocrx_word' id='word_1_233' title='bbox 499 3689 539 3768; x_wconf 87' lang='lat' dir='ltr'>le</span> <span class='ocrx_word' id='word_1_234' title='bbox 566 3689 764 3778; x_wconf 72' lang='lat' dir='ltr'>moecho,</span> <span class='ocrx_word' id='word_1_235' title='bbox 791 3713 817 3768; x_wconf 91' lang='lat' dir='ltr'>e</span> <span class='ocrx_word' id='word_1_236' title='bbox 843 3688 958 3768; x_wconf 80' lang='lat' dir='ltr'>drito</span> <span class='ocrx_word' id='word_1_237' title='bbox 987 3689 1028 3766; x_wconf 83' lang='lat' dir='ltr'>tn</span> <span class='ocrx_word' id='word_1_238' title='bbox 1058 3690 1184 3790; x_wconf 76' lang='lat' dir='ltr'>lego,</span> <span class='ocrx_word' id='word_1_239' title='bbox 1212 3687 1251 3766; x_wconf 86' lang='lat' dir='ltr'>el</span> <span class='ocrx_word' id='word_1_240' title='bbox 1327 3715 1332 3724; x_wconf 92' lang='lat'>·</span> 
     </span>
    </p>
   </div>
   <div class='ocr_carea' id='block_1_7' title="bbox 156 3807 1369 3914">
    <p class='ocr_par' dir='ltr' id='par_1_7' title="bbox 156 3807 1369 3914">
     <span class='ocr_line' id='line_1_28' title="bbox 156 3807 1369 3914; baseline -0.002 -28"><span class='ocrx_word' id='word_1_241' title='bbox 156 3809 253 3910; x_wconf 80' lang='lat' dir='ltr'>quet</span> <span class='ocrx_word' id='word_1_242' title='bbox 282 3809 375 3910; x_wconf 76' lang='lat' dir='ltr'>tago</span> <span class='ocrx_word' id='word_1_243' title='bbox 406 3833 500 3891; x_wconf 85' lang='lat' dir='ltr'>eum</span> <span class='ocrx_word' id='word_1_244' title='bbox 530 3810 570 3888; x_wconf 85' lang='lat' dir='ltr'>le</span> <span class='ocrx_word' id='word_1_245' title='bbox 597 3810 718 3909; x_wconf 78' lang='lat' dir='ltr'>ysole</span> <span class='ocrx_word' id='word_1_246' title='bbox 746 3833 771 3887; x_wconf 91' lang='lat' dir='ltr'>e</span> <span class='ocrx_word' id='word_1_247' title='bbox 797 3808 849 3888; x_wconf 87' lang='lat' dir='ltr'>de</span> <span class='ocrx_word' id='word_1_248' title='bbox 878 3811 917 3890; x_wconf 82' lang='lat' dir='ltr'>la</span> <span class='ocrx_word' id='word_1_249' title='bbox 943 3809 1109 3914; x_wconf 81' lang='lat' dir='ltr'>prefate</span> <span class='ocrx_word' id='word_1_250' title='bbox 1130 3807 1252 3888; x_wconf 75' lang='lat' dir='ltr'>ducet</span> <span class='ocrx_word' id='word_1_251' title='bbox 1363 3843 1369 3868; x_wconf 90' lang='lat'><em>·</em></span> 
     </span>
    </p>
   </div>
   <div class='ocr_carea' id='block_1_8' title="bbox 153 3927 1253 4250">
    <p class='ocr_par' dir='ltr' id='par_1_8' title="bbox 153 3927 1253 4250">
     <span class='ocr_line' id='line_1_29' title="bbox 157 3927 1252 4032; baseline 0.004 -30"><span class='ocrx_word' id='word_1_252' title='bbox 157 3927 345 4027; x_wconf 79' lang='lat' dir='ltr'>signoria</span> <span class='ocrx_word' id='word_1_253' title='bbox 372 3928 424 4007; x_wconf 91' lang='lat' dir='ltr'>de</span> <span class='ocrx_word' id='word_1_254' title='bbox 451 3928 672 4021; x_wconf 64' lang='lat' dir='ltr'>Veniexie</span> <span class='ocrx_word' id='word_1_255' title='bbox 700 3953 841 4014; x_wconf 14' lang='lat' dir='ltr'><strong>como*</strong></span> <span class='ocrx_word' id='word_1_256' title='bbox 871 3929 915 4008; x_wconf 82' lang='lat' dir='ltr'>fo</span> <span class='ocrx_word' id='word_1_257' title='bbox 944 3930 983 4009; x_wconf 76' lang='lat' dir='ltr'>et</span> <span class='ocrx_word' id='word_1_258' title='bbox 1020 3937 1164 4032; x_wconf 84' lang='lat' dir='ltr'>tempo</span> <span class='ocrx_word' id='word_1_259' title='bbox 1199 3927 1252 4006; x_wconf 89' lang='lat' dir='ltr'>de</span> 
     </span>
     <span class='ocr_line' id='line_1_30' title="bbox 158 4047 1253 4140; baseline 0.002 -14"><span class='ocrx_word' id='word_1_260' title='bbox 158 4047 309 4126; x_wconf 71' lang='lat' dir='ltr'>misser</span> <span class='ocrx_word' id='word_1_261' title='bbox 348 4049 542 4128; x_wconf 78' lang='lat' dir='ltr'>Zorzo</span> <span class='ocrx_word' id='word_1_262' title='bbox 571 4049 906 4140; x_wconf 72' lang='lat' dir='ltr'>strezimir,</span> <span class='ocrx_word' id='word_1_263' title='bbox 948 4075 972 4130; x_wconf 90' lang='lat' dir='ltr'>e</span> <span class='ocrx_word' id='word_1_264' title='bbox 1013 4052 1067 4130; x_wconf 85' lang='lat' dir='ltr'>de</span> <span class='ocrx_word' id='word_1_265' title='bbox 1101 4051 1253 4130; x_wconf 72' lang='lat' dir='ltr'>misser</span> 
     </span>
     <span class='ocr_line' id='line_1_31' title="bbox 153 4167 570 4250; baseline 0 -4"><span class='ocrx_word' id='word_1_266' title='bbox 153 4167 335 4250; x_wconf 60' lang='lat' dir='ltr'>‘Balsa</span> <span class='ocrx_word' id='word_1_267' title='bbox 376 4193 427 4246; x_wconf 83' lang='lat' dir='ltr'>so</span> <span class='ocrx_word' id='word_1_268' title='bbox 455 4167 570 4248; x_wconf 83' lang='lat' dir='ltr'><strong>fiuol.</strong></span> 
     </span>
    </p>
   </div>
   <div class='ocr_carea' id='block_1_9' title="bbox 0 0 1632 5112">
    <p class='ocr_par' dir='ltr' id='par_1_9' title="bbox 0 0 1632 5112">
     <span class='ocr_line' id='line_1_32' title="bbox 0 0 1632 5112; baseline 0 0"><span class='ocrx_word' id='word_1_269' title='bbox 0 0 1632 5112; x_wconf 95' lang='lat' dir='ltr'> </span> 
     </span>
    </p>
   </div>
  </div>
 </body>
</html>
