3236 5108
296 699 298 702 ,
381 621 671 723 accipiendum
740 623 973 696 contrutum
1028 639 1143 695 strum
1197 617 1473 722 praedictum,

381 764 504 845 quum
519 763 597 844 pro
613 765 660 816 se
677 739 840 826 retinet,
858 738 967 840 quod
993 762 1071 816 nos
1086 737 1313 816 debeamus
1330 740 1474 816 iuvere

382 883 477 940 oum
506 861 700 958 gentibus
728 867 922 941 contrata
950 881 1075 960 quum
1102 857 1222 935 nobis
1252 862 1347 947 dat3
1376 882 1472 962 pro·

382 979 520 1058 curari
548 988 591 1058 et
617 979 699 1056 dlci
744 981 899 1058 debeat
940 979 1311 1058 ambassiatoribus
1353 1005 1475 1083 prae·

381 1099 517 1185 dictis,
545 1101 660 1201 quod
690 1107 832 1177 nostru
859 1099 1089 1181 dominatio
1116 1123 1322 1202 nunquum
1353 1101 1475 1178 solitu

382 1219 459 1298 tuit
487 1220 628 1297 lucere
657 1221 761 1298 tulus
788 1219 1113 1322 promissiones,
1141 1247 1221 1298 nec
1246 1221 1359 1324 ipsus
1388 1244 1476 1298 mo·

382 1340 605 1442 do‘oliquo
635 1339 816 1426 fuceret,
860 1339 957 1442 quia
997 1365 1082 1418 non
1110 1341 1249 1418 forent
1277 1363 1372 1417 eum
1401 1341 1477 1417 bo·

263 1555 266 1566 ἱ
382 1483 487 1539 nure
515 1470 681 1540 nostro.
735 1459 823 1540 Sed
850 1461 941 1565 ipse
969 1462 1165 1539 dominus
1205 1485 1306 1542 suus
1346 1462 1475 1540 debet

383 1605 479 1661 osse
509 1581 781 1674 certissimus,
809 1584 972 1685 quodsi
999 1584 1094 1662 locu
1123 1605 1230 1684 quae
1258 1583 1378 1660 nobis
1407 1585 1476 1659 du·

384 1728 432 1783 re
459 1699 559 1792 vult,
586 1711 712 1784 eruut
737 1702 777 1782 in
793 1703 985 1800 munibus
1012 1703 1183 1802 nostris,
1201 1701 1363 1783 Turchi
1392 1725 1477 1780 nou

373 1823 590 1904 'curabunt
616 1847 755 1926 neque
783 1824 1044 1904 intentubunt
1069 1826 1182 1902 velle
1208 1825 1383 1928 amplius
1410 1847 1478 1901 ve·

384 1947 476 2023 nire
505 1949 556 2024 ud
584 1943 884 2023 attendendum
911 1945 961 2022 ud
1002 1946 1149 2024 dumne
1185 1946 1365 2052 partium
1393 1932 1478 2024 illu·

384 2087 485 2144 rum.
541 2064 743 2168 Similiter
785 2069 909 2146 etium
939 2092 1085 2146 omnes
1115 2069 1375 2158 circavicini,
1418 2069 1476 2145 ob

384 2187 663 2266 reverentiam
693 2176 736 2266 et
754 2212 943 2266 amorem
972 2189 1107 2267 nostri
1135 2189 1325 2280 dominii,
1354 2195 1481 2266 erunt

385 2307 573 2390 contenti
600 2315 712 2388 stare
742 2309 905 2418 inpuce
923 2318 966 2388 et
993 2311 1100 2388 intra
1129 2309 1335 2389 terminos
1363 2333 1482 2386 sucu.

383 2425 436 2510 Et
462 2411 756 2508 nichilominus
793 2431 829 2508 si
858 2455 978 2510 cesus
1008 2432 1154 2516 deret,
1175 2417 1310 2536 ·q'uo,d
1351 2427 1480 2533 aliqui

385 2549 660 2628 molestarent
688 2557 1090 2638 contratem'suam,
1130 2576 1208 2630 nus
1236 2550 1350 2630 omni
1377 2554 1479 2628 tcm-

386 2694 513 2772 pore,
544 2676 635 2748 toto
665 2695 794 2776 posse
836 2669 1025 2748 dabimus
1053 2695 1229 2776 operum
1258 2677 1301 2751 et
1327 2694 1480 2778 procu·
1602 2770 1605 2788 Ι

386 2789 585 2888 nubimus,
615 2791 668 2868 de
696 2790 913 2870 tractando
954 2791 1102 2894 pucem
1132 2799 1175 2868 et
1202 2789 1482 2870 concordium

386 2909 496 2988 inter
536 2936 634 2998 eos,
675 2917 720 2989 ut
747 2913 886 3016 possit
921 2933 1074 3009 regere
1104 2921 1146 2990 et
1173 2913 1410 3012 gubernare
1438 2913 1483 2989 iu

386 3052 493 3134 poce
510 3037 552 3108 et
568 3031 677 3108 bonu
706 3031 923 3108 voluntate
952 3039 1183 3110 contrutum
1204 3033 1482 3136 praedictam,

386 3151 672 3254 procurando,
704 3151 818 3254 quod
833 3159 1076 3232 remaneant
1092 3151 1246 3232 deboc
1274 3149 1481 3232 contenti.

439 3341 440 3344 Ν
491 3374 1482 3482 Adquartumcapitulumperquod

387 3499 477 3603 lpse
507 3495 701 3576 dominus
734 3497 943 3596 Georgius
972 3499 1077 3600 petit
1105 3497 1157 3574 de
1185 3497 1428 3601 provisione
1459 3521 1484 3575 u

388 3625 536 3699 nostro
561 3619 749 3697 dominio
779 3619 1000 3697 ducatos
1030 3617 1177 3695 mille
1208 3619 1318 3696 uuri
1347 3617 1484 3694 omni

390 3762 536 3818 enno
566 3741 616 3818 ud
644 3743 779 3818 minus
805 3739 846 3816 in
874 3743 1141 3844 perpetuum,
1171 3763 1248 3842 pro
1285 3761 1360 3816 suu
1387 3739 1486 3817 sub·

390 3857 601 3958 ventione,
629 3884 708 3963 pru
737 3885 785 3939 se
807 3868 848 3938 et
875 3857 1103 3938 heredibus
1131 3861 1230 3948 suis
1258 3859 1487 3963 procurari

392 3978 547 4058 debeat
574 4007 654 4085 per
681 3981 839 4060 dictum
869 3981 1115 4082 collegium,
1152 4003 1246 4060 cum
1273 3975 1376 4083 ipsis
1404 4001 1488 4055 sm·

392 4101 692 4196 bussutoribus,
721 4100 773 4180 de
803 4099 939 4180 dando
967 4100 1047 4203 ipsi
1075 4101 1248 4179 domino
1278 4099 1487 4198 Georgio.

394 4229 439 4300 et
464 4223 550 4301 suis
577 4221 890 4320 heredibus‚'ex
919 4223 1106 4320 legitimo
1122 4219 1390 4300 matrimonio
1418 4217 1489 4296 de·

389 4339 706 4429 recendentibus,
747 4341 800 4418 de
840 4341 1079 4438 introitibus
1120 4339 1312 4440 Scutari,
1354 4361 1483 4442 quum
