3224 5110
457 565 649 682 ilt'clrca
679 603 834 681 lactum
865 601 964 680 ban
983 609 1105 680 otiis·
1123 603 1312 692 dicimus.
1340 607 1451 704 quod

222 787 225 792 a
356 745 527 826 semper
569 726 774 802 vellemus
815 725 906 799 eius
948 726 1166 804 seronitati
1206 737 1250 804 ut
1288 727 1450 828 optimo

354 845 473 922 tratri
503 852 544 923 ct
586 846 723 925 amico
767 849 911 922 nostro
951 846 1096 924 dicero
1139 857 1181 925 et.
1210 848 1452 930 consulare,

354 989 438 1044 non
468 967 590 1043 alitor
618 989 746 1068 quam,
771 965 982 1060 nobismet
1010 1021 1174 1045 .....
1202 967 1276 1045 sed
1306 991 1450 1044 suase·

354 1087 526 1172 recitas,
556 1105 636 1187 que
666 1087 793 1183 longe
822 1085 965 1162 melius
1000 1111 1123 1186 quam
1153 1111 1231 1164 nos
1267 1109 1335 1161 res
1361 1085 1453 1160 illas

353 1205 570 1304 iutelligit,
611 1205 852 1284 deliberare
892 1213 1035 1307 potest
1074 1217 1119 1285 ut
1151 1208 1189 1283 ei
1233 1208 1348 1290 libet,
1376 1207 1450 1280 sco

353 1345 478 1403 unum
521 1325 725 1422 dicimus,
772 1327 884 1426 quod
929 1329 1018 1404 eius
1058 1327 1281 1406 vicinantia
1325 1327 1451 1422 longe

352 1449 482 1544 magis
522 1445 642 1524 nobis
670 1457 786 1544 grata
821 1456 931 1524 esset
968 1473 1093 1549 quam
1122 1447 1257 1548 aliqua
1288 1446 1381 1534 alio,
1410 1457 1449 1524 et

351 1571 404 1647 alt
419 1591 701 1670 quaecunque
732 1567 845 1645 retu.
873 1567 934 1648 Au
953 1568 1106 1646 lactum
1126 1567 1449 1645 balistariorum

353 1685 424 1766 CC
431 1744 598 1767 .....
637 1687 812 1767 dicimus
842 1746 851 1766 .
882 1746 890 1763 .
921 1689 1108 1767 contenti
1150 1712 1291 1764 sumus
1335 1689 1449 1790 quod

351 1811 486 1912 possit
513 1809 600 1886 suis
629 1809 789 1887 habere
826 1813 1024 1912 expensis
1067 1809 1331 1886 ballistarios.
1365 1805 1449 1886 CC.

351 1928 402 2004 de
432 1929 556 2006 terris
586 1929 742 2006 nostris
773 1928 1020 2016 Dalmatiae,
1050 1953 1144 2008 nam
1175 1929 1265 2005 cius
1293 1927 1451 2005 screni-

352 2057 413 2126 tas
444 2045 640 2147 intelligit
680 2049 947 2144 gravissimos
990 2073 1200 2150 expensas
1245 2071 1349 2148 quas
1377 2071 1445 2148 pa·

350 2169 497 2253 timur,
540 2177 582 2245 et
609 2191 691 2244 non
722 2191 817 2244 esse
848 2168 1106 2244 conveniens
1134 2168 1172 2243 in
1203 2167 1343 2267 aliquo
1373 2187 1451 2242 nos

350 2307 540 2389 gravare.

454 2409 684 2488 Adiectum
712 2409 838 2486 salis
866 2408 1030 2488 dicatur
1057 2433 1204 2486 verum
1221 2409 1449 2508 essequod

351 2531 640 2608 concessimus
668 2525 874 2607 comiti
906 2530 1160 2612 stefano
1196 2539 1357 2609 certum
1388 2553 1448 2604 sa·

351 2651 431 2728 lam
458 2659 502 2727 ut
530 2652 672 2729 dicunt
699 2676 779 2754 per
808 2653 1056 2742 triennium,
1085 2656 1134 2729 ad
1166 2653 1451 2752 complemen-

349 2780 433 2849 tum
464 2772 581 2850 cuius
621 2773 786 2849 termini
824 2777 982 2850 restant
1010 2773 1140 2874 aliqui
1182 2795 1364 2858 menses,
1409 2779 1451 2846 el

348 2893 645 2990 cognoscimus
675 2891 785 2993 quod
815 2893 902 2971 hoc
931 2894 1006 2970 fuit
1034 2901 1075 2972 et
1109 2902 1172 2970 est
1214 2917 1310 2970 cum
1339 2893 1454 2970 dam·

349 3039 404 3090 no
434 3013 674 3090 introituum
717 3023 979 3102 nostrorum,
1019 3025 1060 3092 ct
1093 3015 1377 3092 deliberamus
1406 3013 1454 3090 il·

349 3125 432 3210 lum
461 3156 540 3209 nec
567 3135 661 3235 ipso
679 3134 824 3212 comiti
853 3135 1024 3238 expleto
1053 3134 1255 3222 termino,
1285 3159 1365 3210 nec
1393 3133 1450 3208 al·

347 3254 428 3330 teri
458 3251 637 3354 ampluis
665 3255 907 3330 consentire
939 3309 1096 3330 .....

450 3373 502 3451 lu
530 3397 606 3474 pro
636 3373 904 3478 expediendo
935 3376 1073 3455 dictos
1104 3379 1298 3451 oratores
1319 3371 1451 3450 scribi

347 3495 478 3597 possit
505 3515 584 3596 pro
614 3496 761 3572 lavore
791 3503 832 3572 et
855 3495 1103 3574 liberatione
1132 3497 1312 3572 duorum
1344 3493 1451 3570 tilio·

349 3634 437 3691 rum
456 3614 610 3692 domini
637 3615 768 3692 Nico
788 3619 857 3696 lai
885 3620 910 3694 d
929 3647 951 3696 c
981 3619 1052 3694 lla
1069 3616 1150 3693 rni
1165 3643 1198 3702 s,
1227 3620 1350 3693 unius
1368 3615 1453 3694 dic-

347 3741 485 3838 torum
516 3745 758 3829 oratorum,
787 3739 889 3815 civis
917 3740 1061 3828 nostri,
1090 3739 1160 3840 qui
1204 3737 1452 3813 detinentur

298 3878 424 3957 ¹por
453 3856 705 3933 comites
735 3857 966 3955 Segnia,
1003 3859 1042 3933 in
1073 3858 1140 3933 illa
1170 3856 1279 3933 bona
1309 3865 1449 3933 etva-

348 3972 425 4048 lida
455 3975 603 4059 forma,
633 3997 740 4078 quae
770 3976 950 4076 collegio
980 3976 1185 4054 videatur.

656 4147 761 4212 Scor.
784 4168 885 4212 cons.
910 4168 986 4233 rog.
1010 4145 1085 4210 Lib.
1108 4141 1232 4210 xvlll.
1258 4145 1314 4211 ch.
1344 4149 1395 4218 ,82
