3234 5116
192 613 194 623 ,
342 562 500 642 guerra
529 541 607 622 alia
635 544 730 636 loca
758 546 811 624 de
839 541 936 626 iude
964 544 1327 648 aquisivimus3'et
1353 573 1440 629 cre-

346 665 547 758 debamus
572 666 729 754 dictum
753 691 873 748 suum
887 668 1113 764 domiuum,
1141 669 1260 754 ouius
1280 677 1321 748 et
1345 695 1439 774 pro-

344 787 579 886 genitorum
607 809 782 864 suorum
812 787 968 894 inimus¹
992 799 1235 892 sernper'et
1258 813 1354 868 esse
1383 793 1437 868 in·

346 907 574 1018 tendimus,
597 907 698 988 boui
739 917 780 986 et
808 907 943 1002 intimi
983 909 1147 998 amici,
1165 908 1327 990 misisse
1355 912 1437 990 dic·

346 1035 432 1104 tum
461 1026 822 1118 ambassiatorem,
850 1029 900 1109 ad
931 1024 1190 1108 offerendum
1219 1037 1260 1106 et
1288 1029 1438 1110 iacien-

344 1149 441 1229 dum
481 1155 626 1228 nostro
656 1146 844 1240 dominio
890 1151 1201 1229 restitutionem
1243 1150 1436 1229 iocorum

346 1279 600 1356 nostrorum,
631 1267 753 1348 uobis
775 1270 1011 1351 ablatorum
1033 1271 1122 1350 eius
1139 1275 1320 1366 nomine,
1340 1259 1436 1354 cum
1511 1259 1521 1268 ³

346 1395 622 1496 eacusatione
651 1391 803 1471 detali
832 1394 1149 1472 intromissione
1178 1393 1301 1479 faeta,
1329 1402 1374 1472 et
1402 1421 1439 1472 a·

347 1513 412 1593 liis
440 1511 694 1594 novitatibus
719 1539 799 1618 per
828 1520 976 1613 gentes
1003 1539 1099 1594 suas
1127 1515 1268 1604 illatis,
1311 1526 1353 1594 et
1370 1523 1440 1594 at·

345 1636 517 1716 tentatie
543 1641 694 1716 contra
723 1643 948 1722 nostrates
977 1640 1268 1742 etpropterea
1295 1659 1437 1740 perso·

343 1762 540 1834 verantes
582 1755 622 1832 iu
653 1755 811 1856 optimo
848 1763 890 1834 et
917 1757 1126 1836 amicabili
1163 1757 1438 1861 dispositione

345 1885 502 1975 nostra,
532 1899 730 1976 rogamus
748 1883 791 1956 et
804 1877 1025 1958 hortamur
1051 1879 1187 1981 ipsum
1204 1878 1435 1964 dominum.

344 1998 395 2078 ad
414 1997 614 2078 ,standum
642 2007 688 2074 ut
714 1999 931 2102 perionius
961 2001 1130 2078 amicus.
1147 1998 1188 2076 in
1209 1997 1329 2078 ‚boun
1344 2000 1439 2078 ami·

345 2119 442 2198 citia
470 2141 563 2195 cum
594 2125 741 2196 nostro
770 2117 984 2211 dominio,
1026 2119 1285 2202 restituendo
1315 2120 1438 2200 uobis

345 2224 438 2317 ioca
467 2238 654 2318 dominio
686 2246 829 2323 nostro
860 2238 1007 2318 ablata.
1031 2237 1220 2333 Etcirca
1248 2239 1436 2342 praedic·

345 2367 390 2438 to
414 2357 595 2438 debeant
618 2359 841 2458 iustificari
871 2369 912 2440 et
941 2361 1203 2440 manuteneri
1239 2362 1338 2457 jura
1365 2384 1436 2438 no·

343 2480 421 2559 stri
449 2480 635 2575 dominii,
666 2493 761 2560 oum
791 2479 873 2558 iltis
904 2481 1041 2558 modis
1067 2491 1111 2561 'et
1128 2481 1436 2582 pertinentibus

345 2599 511 2691 verbis,
550 2587 659 2704 quae
694 2601 878 2702 collegio
922 2602 1038 2680 utilia
1078 2603 1354 2691 videbuntur3
1397 2606 1438 2675 et

345 2721 444 2826 quia
485 2729 550 2800 est
578 2720 859 2808 credendum,
903 2721 1018 2824 quod
1047 2719 1184 2808 dietus
1207 2721 1436 2801 ambassia·
1515 2815 1518 2818 Ι

344 2850 414 2922 tor
442 2842 633 2948 porriget
660 2843 737 2922 alia
764 2842 1017 2945 superinde,
1045 2869 1099 2923 cx
1126 2867 1236 2922 nuno
1263 2840 1317 2921 sit
1344 2867 1437 2944 cap·

344 2973 446 3058 tum,
475 2969 519 3042 et
534 2967 789 3044 auctoritate
818 2962 940 3041 huius
970 2963 1136 3042 consilii
1164 2963 1288 3041 detur
1316 2961 1435 3041 iiber·

344 3093 407 3167 tos
434 3084 643 3184 collegio,
670 3083 868 3185 possendi
894 3085 935 3165 iu
962 3082 1217 3186 praedictis,
1246 3105 1355 3185 quae
1385 3079 1437 3160 ob

344 3203 706 3286 considerationes
758 3204 915 3284 fiendas
957 3204 1177 3305 requirunt
1229 3209 1436 3307 praestata

345 3327 683 3432 expeditionem,
725 3325 938 3430 praticaro
968 3349 1062 3402 cum
1105 3323 1218 3441 dipto
1247 3323 1435 3403 ambaxa·

259 3447 265 3458 ’
343 3456 456 3545 tore,
485 3446 731 3554 sustinendo
773 3455 815 3526 et
838 3447 1110 3546 justificando
1147 3449 1245 3546 jura
1285 3451 1437 3532 nostra,

343 3573 388 3646 ut
437 3565 551 3645 dicto
595 3567 779 3667 collegio
819 3564 1064 3669 apparebit,
1104 3591 1192 3644 non
1219 3562 1435 3667 posseudo

345 3709 624 3790 quaecunque
665 3688 880 3766 definitive
923 3685 1067 3768 iacere
1104 3711 1184 3764 neo
1214 3683 1435 3766 conclude·

345 3832 415 3896 re,
453 3806 529 3887 scd
558 3832 653 3886 cum
692 3807 841 3886 habitis
869 3807 1022 3886 debeat
1048 3813 1196 3906 postea
1223 3803 1359 3882 veniri
1386 3805 1434 3883 ad

345 3917 453 4005 istud
482 3929 731 4024 consitium,
763 3931 835 4008 ubi
864 3928 1157 4022 terminabitur
1198 3936 1241 4004 et
1266 3923 1341 4004 iiet
1381 3925 1433 4034 id,

345 4049 458 4146 quod
500 4056 790 4147 cognoscetur
832 4073 928 4128 esse
956 4056 1000 4126 et
1025 4049 1244 4152 pertinere
1284 4045 1334 4127 ad
1363 4046 1432 4124 bo·

334 4191 441 4272 ,uum
470 4175 512 4244 et
540 4169 904 4250 conservationem
938 4176 1071 4249 status
1099 4167 1175 4247 sui.
1411 4273 1417 4282 .

681 4287 788 4353 Scor.
813 4307 913 4356 cons.
934 4306 1015 4378 rog.
1037 4287 1113 4354 bib.
1135 4281 1236 4352 viii.
1259 4286 1315 4351 cb.
1337 4289 1390 4352 48.
