3228 5108
342 617 442 672 suus
472 617 547 670 rex
585 591 846 696 deliberabat
885 593 994 670 velle
1023 593 1112 672 lieri
1142 595 1310 694 iacere,
1352 619 1431 700 pro

343 715 519 794 utilitate
548 721 589 791 et
618 712 914 792 commoditate
945 717 1065 814 regni
1094 717 1156 795 sui
1179 727 1221 796 et
1250 717 1434 795 subdito-

342 859 433 913 rum
464 857 655 922 suorum,
681 857 808 910 arnum
836 833 976 911 locum
1005 841 1049 912 et
1075 861 1241 914 unum
1271 835 1436 913 lorti-

344 955 523 1034 licium
553 955 608 1030 ad
637 955 886 1030 marinam
917 977 1010 1032 cum
1040 964 1180 1060 portu,
1207 965 1254 1036 ut
1280 979 1436 1036 merca-

311 1089 461 1154 'tores
501 1075 633 1152 nostri
663 1083 704 1152 'et
733 1073 800 1150 alii
842 1061 1046 1153 baberent
1087 1077 1433 1156 commoditatem

343 1193 539 1303 possendi
564 1195 643 1270 ‘ire
685 1192 735 1269 ad
764 1195 921 1272 dictum
964 1197 1130 1288 locum,
1172 1198 1365 1276 traiicere
1394 1206 1435 1275 et

344 1315 524 1394 mercari
554 1339 647 1394 cum
677 1315 774 1402 suis;
804 1321 844 1391 et
861 1317 956 1419 quia
972 1316 1156 1420 optabat,
1185 1318 1297 1420 quod
1326 1317 1433 1416 prin·

345 1435 536 1542 cipaliter
563 1441 694 1511 nostri
729 1431 938 1512 haberent
966 1436 1073 1512 istud
1117 1438 1436 1522 commercium,
1570 1489 1576 1494 -

296 1619 300 1627 .
345 1581 438 1634 cum
468 1558 571 1634 civis
600 1562 641 1632 et
667 1554 858 1630 Venetus
894 1565 1043 1632 noster
1070 1557 1206 1640 esset,
1246 1555 1437 1636 mittebat

345 1679 394 1755 ad
422 1675 673 1780 presentiam
711 1674 845 1752 nostri
874 1675 1071 1764 dominii,
1100 1701 1133 1753 a·
1152 1704 1235 1780 quo
1264 1680 1436 1757 volebat

344 1799 561 1877 consilium
593 1803 636 1874 et
663 1797 851 1873 favorem
880 1805 1088 1887 nostrum,
1119 1799 1168 1876 ad
1198 1799 1435 1878 laciendum

344 1921 500 1996 dictum
543 1919 682 1998 locum
718 1923 761 1993 et
801 1925 883 1996 cet.
938 1918 1057 2018 Quod
1086 1921 1193 1998 sicut
1219 1921 1435 1999 serenitati

345 2063 445 2117 auae
472 2037 684 2118 notorium
713 2063 806 2115 esse
833 2048 987 2142 potest,
1018 2065 1096 2119 nos
1122 2039 1289 2118 sincere
1330 2065 1435 2119 sem·

344 2185 422 2265 per
437 2158 660 2236 dileximus
676 2158 964 2236 serenissimos
985 2158 1318 2262 predecessores
1337 2185 1438 2238 suos

344 2305 483 2380 reges,
514 2287 554 2358 et
577 2279 784 2378 diligimus
815 2269 1060 2359 cordialiter
1087 2282 1345 2360 maiestatem
1373 2307 1437 2358 su·
1548 2323 1555 2336 ·

344 2415 430 2490 ani,
458 2405 501 2478 et
527 2401 780 2500 generaliter
809 2423 956 2479 omnes
984 2409 1246 2480 mercatores
1275 2410 1319 2482 et
1345 2403 1435 2480 sub·

345 2521 454 2600 ditos
484 2543 611 2611 suos;
639 2527 681 2600 et
708 2521 743 2599 si
772 2523 994 2622 cognoscit
1021 2525 1133 2624 quod
1174 2523 1436 2602 constructio

345 2639 447 2721 dicti
475 2640 558 2720 loci
585 2641 722 2745 possit
749 2665 845 2724 esse
873 2642 985 2721 utilis
1015 2651 1058 2720 et
1086 2645 1308 2722 commoda
1337 2644 1438 2747 ipsis

203 2767 207 2776 '
346 2761 522 2841 subditis
550 2769 592 2838 et
619 2784 753 2862 regno
782 2787 878 2854 suo,
906 2763 1023 2865 quod
1050 2772 1193 2866 potest
1220 2765 1367 2844 facere
1396 2773 1462 2843 et·

345 2881 582 2962 deliberare
611 2883 721 2960 sIcut
748 2884 953 2963 maiestati
975 2909 1075 2963 suae
1105 2885 1268 2964 videtur
1296 2885 1437 2987 etpia-

344 3011 424 3092 cet‚
452 3003 548 3105 quia
565 3003 700 3082 omnis
728 3002 979 3083 deliberatio
1000 3029 1076 3082 sua
1091 3005 1276 3109 placebit
1302 3003 1438 3096 nobis,

344 3147 429 3204 nou
458 3123 719 3210 dubitantes,
746 3126 861 3225 quod
887 3125 930 3204 in
959 3123 1061 3224 illo,
1090 3127 1126 3207 si
1157 3133 1439 3220 construetur,

345 3252 388 3323 et
413 3246 453 3321 in
483 3243 678 3322 omnibus
706 3245 796 3324 aliis
821 3245 919 3337 suis,
946 3247 1057 3326 sicut
1083 3273 1129 3327 se
1159 3249 1302 3342 offert,
1329 3270 1433 3328 sem·

345 3369 650 3470 pertractaret
677 3363 938 3445 mercatores
966 3375 1009 3445 et
1035 3368 1226 3449 subditos
1266 3380 1434 3450 nostros
1518 3357 1521 3368 ’

346 3485 634 3567 favorabiliter
661 3490 915 3589 etbenigne,
944 3489 1053 3568 etde
1081 3489 1166 3568 hoc
1193 3489 1270 3569 sibi
1298 3515 1435 3592 regra-

346 3609 518 3696 ciamur,
547 3617 747 3711 quantum
774 3633 1013 3714 possumus.
1038 3615 1197 3690 Verum
1213 3613 1307 3716 quia
1329 3615 1436 3718 petit

345 3719 467 3812 veilew
493 3731 655 3811 habere
697 3732 885 3810 favorem
912 3741 1114 3820 nostrum,
1142 3735 1183 3811 in
1211 3760 1308 3813 casu
1347 3760 1432 3837 quo

346 3853 475 3960 aliqui
501 3851 657 3930 vellent
685 3851 853 3931 obstare
881 3851 974 3938 sibi,
1005 3852 1216 3955 quodnon
1239 3841 1432 3934 ¹constru-

346 3981 438 4051 eret
465 3972 622 4051 dictum
650 3971 803 4066 locum,
819 3975 869 4053 ad
884 3971 992 4050 istud
1013 3972 1175 4054 dicatur
1202 3975 1294 4062 sibi,
1323 3975 1435 4079 quod

346 4094 387 4169 in
431 4093 536 4172 locis
576 4095 660 4171 suis
700 4095 836 4198 possit
875 4095 1018 4175 iacere
1059 4093 1110 4172 ad
1151 4095 1433 4199 benplacitum

345 4238 464 4290 suum
494 4219 536 4292 et
563 4215 775 4295 nescimus
805 4215 876 4318 qui
904 4217 1145 4306 obstarent,
1173 4223 1216 4295 et
1241 4213 1278 4292 si
1305 4217 1433 4316 aliqui

347 4332 576 4422 obstarent,
605 4343 779 4438 possent
815 4359 908 4414 esse
950 4357 1134 4440 persone
1162 4361 1258 4415 eum
1286 4337 1435 4440 quibus
