3192 5112
311 297 356 386 il

265 589 268 596 ,
311 509 374 596 vis
400 509 555 594 offensa
594 511 718 594 nobis
757 509 868 597 iaetu
904 515 1160 622 peripsum
1186 518 1400 620 comitem,

312 635 426 735 quod
457 635 650 732 existens
691 635 792 714 civis
834 646 1003 728 noster,
1041 649 1184 720 contra
1213 644 1400 727 debitum

309 752 519 836 fidelitatis
533 758 866 853 etjuramentum
894 783 1027 850 suum,
1042 765 1267 850 temerarie
1283 789 1400 874 prae·

308 876 480 978 sumpsit·
521 877 662 955 venire
691 885 733 956 et
760 876 970 960 hostiliter
1014 889 1160 971 eontra
1201 909 1303 971 nos,
1345 910 1399 966 ex

309 995 457 1094 quusi
484 995 730 1094 gravitatem
769 1005 810 1075 et
846 1001 1125 1081 turbationem
1166 978 1399 1114 contr-aip-

307 1141 400 1194 sum
417 1116 703 1220 concepimus,
734 1143 816 1196 non
831 1128 896 1202 est
910 1121 1098 1202 mirabile
1126 1125 1234 1228 apud
1259 1151 1398 1228 quem·

308 1262 442 1339 quam.
471 1236 546 1316 Set
573 1240 841 1318 attendentes
871 1243 986 1342 quod
1026 1244 1191 1344 quaerit
1232 1249 1396 1326 reniam

306 1357 357 1438 de
386 1356 593 1446 comissis,
622 1365 666 1436 et
693 1359 805 1459 quod
841 1361 990 1440 ducale
1032 1362 1260 1442 dominium
1296 1391 1395 1450 nun·

237 1483 242 1498 '
307 1461 429 1581 'cluam
454 1485 519 1556 est
532 1479 701 1558 solitum
730 1483 1030 1580 quaerentibus
1060 1485 1396 1593 misericordiam

304 1599 529 1700 denegare,
556 1599 592 1676 si
620 1597 870 1692 viduumne,
898 1599 1010 1704 quod
1037 1603 1129 1708 ipae
1158 1631 1305 1684 eomes
1333 1631 1395 1688 re·

303 1727 536 1821 eognoscat
552 1718 694 1798 iulium
722 1743 856 1810 suum,
873 1729 915 1800 et
931 1721 1044 1822 quod
1070 1746 1146 1800 sua
1173 1726 1394 1830 dispositio

302 1847 345 1924 et
371 1864 502 1942 opera
529 1839 702 1918 tendant
729 1837 779 1916 ad
807 1839 1018 1920 bonorem
1053 1853 1247 1925 nostrum
1284 1846 1394 1932 sieut

300 1963 532 2068 promittit,
570 1961 707 2066 ipsum
746 1961 893 2042 intuitu
923 1965 1101 2047 maxime
1129 1965 1286 2050 domini
1314 1971 1393 2050 ba·

300 2085 357 2162 ni
383 2081 657 2174 Besinum
694 2083 765 2184 qui
792 2083 846 2165 de
873 2083 958 2164 hoc
985 2111 1065 2163 nos
1094 2086 1297 2167 instanter
1322 2113 1391 2174 ro·

299 2201 433 2304 gavit,
474 2199 584 2306 apud
621 2209 809 2281 nostram
850 2204 1025 2304 gratiam
1066 2206 1320 2315 recipiemus
1349 2219 1392 2298 el
1475 2237 1479 2246 ’

297 2323 548 2404 habebimus
578 2323 889 2402 comendatum.

300 2472 305 2480 ¹
819 2449 923 2514 seer.
947 2449 1038 2538 llog.
1062 2447 1137 2513 Lib.
1160 2447 1188 2514 l.
1213 2449 1270 2516 ab.
1293 2451 1345 2518 m.

321 2667 492 2768 bxv.
523 2691 634 2766 asto.
662 2686 765 2765 ind.
804 2625 895 2766 ᾖεν.
921 2693 973 2764 ea
1005 2686 1360 2788 Septembris.

295 2881 500 2941 aaran-rano
527 2893 764 2953 nnepepnuarn
779 2881 902 2956 usually
916 2881 999 2938 daea
1012 2883 1233 2940 Boeaucanrs
1250 2899 1268 2937 ιι
1286 2899 1385 2940 asena

295 2987 462 3054 ilaapeua,
487 3001 504 3038 u
530 2999 701 3058 paaopura
725 3001 885 3058 rapinem
900 2999 971 3041 noro
996 3001 1095 3057 rpaprr
1120 2987 1384 3046 ltoaerauruun.

398 3169 552 3274 Capta:
595 3171 819 3272 quoniam,
846 3173 957 3250 sieut
983 3193 1062 3272 per
1090 3169 1248 3248 litteras
1278 3172 1383 3274 eapi-

295 3293 405 3370 tanei
431 3290 569 3370 nostri
598 3289 723 3368 maris
752 3291 887 3390 pridie
915 3289 1157 3376 habuimus.
1204 3294 1308 3370 ban
1324 3319 1383 3372 ue

291 3415 556 3514 Boseinae
585 3411 753 3490 ridetur
777 3412 1010 3490 exereitum
1040 3434 1302 3511 congregare
1332 3411 1382 3490 ad

292 3535 486 3612 damnum
522 3531 741 3610 comitis
770 3531 1070 3621 Maledini,
1100 3540 1143 3610 et
1170 3534 1383 3634 quaelibet

292 3654 504 3736 discordia
534 3661 577 3732 et
602 3654 766 3732 novitas
808 3652 919 3730 inter
959 3652 1075 3754 ipsos
1112 3655 1267 3732 debeat
1292 3677 1380 3755 gra·

291 3799 391 3856 vare
418 3783 608 3852 nostrum
637 3771 888 3858 dominium,
929 3777 1015 3850 tum
1052 3780 1233 3878 propter
1259 3798 1379 3853 suum

291 3919 494 3986 amorem,
521 3919 642 3996 quem
672 3896 857 3994 gerimus
874 3894 925 3971 ad
942 3891 1128 3996 ipsorum
1142 3900 1378 3998 utrumque,

291 4025 378 4094 tum
406 4017 529 4096 etiam
557 4015 652 4117 quia
680 4023 796 4092 esset
821 4012 1122 4118 praeiudiciale
1135 4013 1377 4094 multimode

291 4136 412 4223 laetis
440 4137 624 4228 nostris;
662 4137 773 4216 vadit
807 4161 931 4242 pars,
960 4132 1071 4238 quod
1099 4133 1284 4216 mittatur
1311 4137 1377 4221 ali·
