3234 5116
362 595 535 652 suorum
564 577 878 670 etnostrorum,
908 581 952 649 ut
966 573 1130 674 possint
1158 569 1323 649 insimul
1356 595 1449 649 con·

362 695 523 772 versari
550 717 703 773 secure
731 699 774 771 et
801 696 964 795 quiele;
995 693 1254 796 respondere
1284 693 1453 778 debeas,

364 817 475 915 qnod
505 839 580 892 sua
611 813 866 894 excellentia
893 821 958 891 est
984 815 1229 916 plenissime
1256 815 1451 892 informa·

365 941 403 1010 ta
432 934 485 1010 de
513 933 822 1014 conditionibus
850 934 1054 1011 dictarum
1074 937 1288 1036 paruum,
1327 940 1370 1012 et
1397 957 1456 1010 sa-

362 1053 623 1154 pientissime
659 1053 767 1132 sciet
794 1054 982 1133 remedia
1020 1057 1261 1134 necessaria
1288 1053 1456 1134 adhibe·

362 1195 423 1264 re,
450 1179 493 1250 et
519 1199 706 1278 procura
734 1177 847 1278 quod
890 1203 913 1254 a
941 1202 987 1255 se
1016 1178 1108 1277 ipso
1146 1184 1361 1280 proponat
1387 1177 1458 1252 illa

363 1296 515 1382 media,
542 1295 999 1398 quaesuaeserenitati
1028 1297 1274 1375 uiderentur
1303 1323 1459 1400 oppor-

364 1421 475 1492 tuna.
502 1415 614 1494 Etsi
643 1415 715 1494 tibi
743 1424 1009 1522 proponeret
1036 1418 1219 1496 remedia
1248 1442 1332 1496 non
1360 1443 1459 1494 con·

364 1533 517 1614 formio
546 1535 768 1614 intentioni
797 1543 968 1614 nostrae
998 1536 1303 1640 infrascriptae,
1332 1535 1456 1615 debe-

363 1681 408 1734 as
438 1680 534 1732 eum
562 1654 765 1734 inducere
793 1656 843 1733 ad
872 1657 1146 1734 intentionem
1185 1665 1373 1750 nostram
1404 1659 1456 1734 in·

365 1773 640 1876 trascriptam.
683 1773 729 1852 ¹Si
759 1799 862 1854 vero
890 1775 1021 1853 vellet
1048 1776 1101 1853 de
1130 1775 1362 1856 intentione
1386 1803 1456 1857 no·

364 1905 449 1975 stra
478 1903 521 1972 et
546 1895 599 1971 de
628 1895 827 1973 remediis
855 1897 1104 2000 opportunis
1135 1905 1178 1975 et
1206 1923 1315 2000 quae
1341 1898 1453 1976 vide·

364 2021 513 2098 rentur
540 2025 686 2096 nostro
716 2017 902 2096 dominio
938 2043 972 2096 a¹
991 2024 1032 2096 te
1061 2019 1285 2105 declarari,
1313 2019 1457 2097 dicere

366 2145 408 2216 et
443 2136 704 2240 respondere
745 2137 929 2215 debeas:
972 2137 1085 2239 quod
1126 2163 1323 2217 comes
1370 2135 1456 2214 Jo-

363 2262 585 2340 hanues
613 2259 678 2336 de
709 2255 941 2338 Citines
970 2267 1033 2336 est
1059 2259 1147 2353 ille,
1173 2259 1243 2360 qui
1282 2260 1457 2361 impedit

364 2377 689 2460 subditos'suos
717 2386 761 2458 et
785 2388 955 2459 nostros
997 2386 1040 2460 et
1067 2405 1143 2458 eos
1185 2381 1280 2484 capi
1321 2389 1363 2458 et
1389 2381 1457 2460 de·

363 2501 533 2604 predari
561 2502 695 2591 laeil,·
712 2507 755 2578 et
782 2502 895 2604 qnod
922 2501 1046 2583 nobis
1076 2501 1316 2595 videretur,
1343 2503 1457 2604 quod

262 2701 265 2716 ,
368 2630 517 2703 contra
558 2645 653 2701 eum
693 2621 869 2724 procedi
896 2621 1088 2701 deberet.
1140 2622 1193 2700 ut
1231 2625 1277 2700 ut
1303 2622 1460 2698 sereni·

366 2749 427 2820 tas
455 2766 529 2819 sua
555 2741 716 2830 videat,
752 2743 865 2844 quod
894 2742 982 2821 hoc
1010 2765 1095 2820 non
1123 2739 1300 2820 facimus
1330 2763 1460 2822 causa
1599 2753 1600 2756 ‘

363 2863 586 2966 aquirendi
613 2863 783 2964 aliquod
813 2861 1054 2950 dominium,
1082 2886 1222 2940 sumus
1251 2860 1456 2960 contenti,

365 2983 479 3084 quod
520 2985 655 3059 totum
696 2981 798 3057 illud
826 2984 942 3084 quod
986 2985 1253 3084 aquireretur
1291 2981 1461 3084 comitis

363 3099 569 3180 dohannis
595 3101 647 3178 sit
672 3127 773 3181 suae
800 3103 1052 3196 serenitatis,
1080 3105 1270 3207 exceptis
1297 3105 1459 3182 distrio

365 3223 477 3299 tibus
505 3227 715 3308 terrarum
743 3227 1008 3312 nostrarum,
1036 3226 1106 3326 qui
1133 3225 1236 3302 tenti
1265 3233 1307 3302 et
1335 3249 1461 3304 occu·

363 3343 450 3446 pati
477 3341 654 3421 fuissent
680 3365 757 3442 per
784 3341 943 3422 dictum
972 3343 1175 3421 comitem
1204 3339 1457 3441 dohannern,

364 3469 550 3564 excepto
580 3459 1047 3542 castroSolisie
1090 3462 1459 3542 etDulmisio

366 3579 1457 3684 etmontuneaPolizanorurn,quaelo·

366 3725 416 3782 ea
443 3701 606 3782 habere
647 3700 798 3781 debeat
834 3709 1024 3780 nostrum
1052 3701 1311 3794 dominium,
1351 3726 1459 3805 quae

365 3822 503 3900 solum
529 3825 740 3922 volumus,
783 3825 879 3926 quio
906 3833 1002 3904 sunt
1038 3825 1235 3925 contigua
1263 3825 1389 3903 terris
1418 3829 1460 3902 et

364 3944 472 4022 loeis
501 3947 671 4036 nostris,
699 3971 779 4050 pro
807 3947 1035 4026 securitate
1062 3945 1329 4026 subditorum
1357 3955 1401 4023 et
1420 3941 1459 4019 li·

366 4063 522 4142 delium
563 4071 803 4146 nostrorum
847 4068 1050 4147 dictarum
1091 4069 1287 4170 partium.
1343 4067 1395 4146 Et
1421 4065 1457 4142 si

365 4184 503 4264 dictus
537 4185 735 4266 'dominus
771 4211 875 4278 rex,
913 4188 1040 4268 vellet
1079 4215 1102 4267 a
1146 4197 1189 4267 te
1231 4186 1454 4286 declarari,
