3186 5112
338 387 504 467 (Μ’

338 605 449 706 quod
479 603 559 681 sibi
589 598 852 678 mandabitur
879 619 956 699 per
986 595 1210 694 collegium
1251 593 1432 672 antedic-
1493 653 1497 660 .

338 731 446 807 tum.
476 733 518 798 et
545 721 683 824 possit
720 711 963 821 expendere
991 716 1169 793 ducatos
1196 715 1316 794 duos·
1333 735 1428 791 eum

336 841 509 922 dimidio
540 841 579 919 in
609 841 690 930 die,
718 837 914 916 ducendo
942 835 1054 914 illam
1081 835 1291 923 familiam,
1320 855 1430 935 quae

333 961 411 1040 sibi
438 962 652 1040 videbitur
678 959 928 1037 necessaria.

603 1099 707 1166 Secr.
732 1105 840 1162 cons.
867 1095 995 1183 Rogat.
1020 1093 1128 1159 Libro
1152 1097 1207 1156 lli.
1230 1091 1285 1156 oh.
1311 1093 1384 1157 13&

373 1303 796 1407 Comum-1408.
827 1319 919 1398 die
950 1317 1378 1400 tzfflebruarit.

331 1487 548 1544 dasaroueuo:
572 1504 608 1558 aa
634 1501 789 1568 nyssaenus
812 1499 938 1540 canera
961 1497 1051 1540 utone
1076 1497 1221 1555 erynnru
1246 1497 1265 1554 y
1288 1494 1424 1551 eorona-

332 1591 414 1662 past
438 1605 473 1644 oa
498 1603 627 1645 ueratro
649 1603 802 1658 annena,
826 1601 884 1643 nos
907 1585 1127 1642 Maerentem
1151 1599 1233 1657 syna
1257 1593 1426 1656 nomaso

394 1707 571 1770 castoreo,
594 1709 631 1764 ιιι
655 1707 735 1765 uory
756 1705 922 1765 sareptae
946 1691 1068 1767 Baamy
1090 1703 1127 1744 na
1151 1700 1360 1764 nonnosocrs

771 1815 789 1852 ιι
813 1811 850 1855 ιιι
873 1809 972 1868 upa.

436 1911 580 2017 Capta.
635 1912 737 2011 Quia
778 1911 890 1990 cedit
929 1909 980 1988 ad
1024 1907 1196 1994 dubium
1235 1907 1271 1984 si
1314 1907 1426 1991 facta
1584 1995 1585 2002 Ν

330 2035 584 2136 partium
640 2031 933 2110 Albaniae
974 2032 1094 2131 sequi
1136 2027 1316 2108 debeant
1355 2027 1427 2108 tali

330 2151 484 2240 modo,
536 2153 649 2254 quod
691 2175 982 2232 remaneamus
1024 2153 1065 2228 in
1109 2147 1340 2228 concordio
1383 2157 1426 2227 et

331 2271 472 2372 quiete
501 2298 614 2350 cum
641 2271 812 2364 Balsa,
841 2297 889 2349 an
920 2272 961 2350 in
984 2295 1153 2374 guerra,
1183 2279 1226 2348 et
1252 2293 1422 2374 presen-

330 2389 486 2469 tialiter
513 2393 757 2494 pervenerit
797 2391 847 2472 ad
889 2415 1033 2469 mantas
1074 2390 1210 2470 nostri
1250 2387 1424 2468 dominii

331 2519 472 2590 certus
499 2513 676 2614 partitus
705 2521 748 2590 et
762 2517 904 2590 certus
932 2511 1081 2592 modus
1110 2511 1219 2589 utilis
1247 2507 1424 2590 remedii

185 2675 187 2684 ‚
329 2635 371 2709 et
397 2633 666 2735 provisionis,
695 2635 746 2711 ad
775 2635 944 2737 quaesi
973 2631 1224 2712 attendimus
1242 2639 1285 2708 et
1311 2627 1423 2730 vigil·

329 2753 485 2846 lamus,
515 2755 685 2860 ¹poterit
712 2781 807 2834 esse
836 2755 889 2833 de
919 2755 1002 2834 levi
1032 2779 1157 2834 causa
1199 2751 1423 2852 inducendi
1565 2816 1572 2845 ,

328 2873 494 2952 Bolsam
523 2882 565 2956 et
595 2878 882 2982 compellendi
902 2869 1056 2982 'ipsum
1100 2876 1152 2955 ad
1180 2874 1422 2956 faciendum

327 2993 380 3071 de
408 2996 556 3086 rebus,
584 3021 693 3100 quae
724 2998 957 3077 redundant
984 2999 1033 3078 ad
1065 2999 1220 3077 bonum
1248 2995 1350 3075 utile
1380 3003 1446 3070 etv

328 3115 553 3192 comodum
581 3124 825 3196 nostrorum
854 3119 1048 3197 locorum
1064 3117 1104 3194 in
1127 3116 1319 3222 partibus
1346 3114 1421 3193 ΑΙ·

326 3233 549 3327 baniae,
589 3259 682 3312 nam
711 3237 832 3314 aliter
860 3241 1146 3336 cognosceret
1185 3235 1341 3316 cadere
1370 3235 1421 3312 ad

326 3356 661 3435 destructionem
689 3381 819 3440 suam,
848 3357 923 3435 sed
951 3357 1041 3460 ipsa
1068 3378 1273 3458 persona,
1310 3379 1424 3458 quae

323 3497 404 3577 pro
446 3483 566 3577 parte
603 3475 874 3555 dominorum
903 3499 1077 3554 snorum
1114 3477 1236 3556 nobis
1263 3497 1420 3578 propo·

323 3593 405 3668 suit
433 3593 517 3674 hoc
544 3595 725 3685 factum,
771 3601 930 3674 tantum
956 3593 1106 3674 stricte
1132 3617 1210 3672 nos
1237 3595 1418 3694 rogarit,

249 3801 254 3817 ,
324 3723 369 3790 ut
384 3711 611 3794 habeamus
639 3718 773 3821 ipsam
790 3725 1014 3808 secretam,
1044 3725 1242 3820 quantum
1268 3715 1421 3820 poluit.

321 3831 559 3912 Etbonum
588 3835 752 3915 sitnon
796 3837 1096 3941 derelinquere
1133 3837 1289 3916 lactum
1325 3859 1420 3940 pre·

322 3952 506 4041 dictum.
553 3958 826 4036 considerato
868 3963 983 4038 bono
1003 3986 1006 3994 ·
1028 3959 1168 4038 fructu
1198 3959 1269 4060 qui
1296 3958 1420 4060 sequi

321 4076 480 4178 poterit
494 4077 575 4154 deo
603 4079 743 4170 dante;
769 4081 883 4160 vadit
908 4103 1019 4186 pars:
1048 4083 1160 4186 quod
1190 4078 1418 4182 collegium

320 4194 492 4288 domini,
520 4201 750 4279 consiliarii
779 4204 964 4305 capitum
994 4203 1413 4306 etsapientumutri·

319 4341 455 4419 usque
482 4337 652 4412 manus,
680 4317 862 4400 habeant
889 4323 1129 4403 libertatem
1156 4321 1417 4427 practicandi
