3186 5112
1210 392 1273 470 mi
1403 505 1405 510 .

24 598 29 656 t
179 589 252 688 bis
285 613 485 720 expedite
528 617 572 690 et
599 609 690 688 sine
717 609 802 689 nlla
844 612 1181 708 contradictione
1209 611 1275 688 vel

179 734 396 821 molestie,
425 733 560 810 libere
589 755 685 813 cum
716 733 911 814 omnibus
939 759 1089 811 eorum
1111 731 1276 832 juribus

26 866 31 959 Νι
180 851 440 932 districtibus
475 853 739 957 pertinentiis
768 858 810 931 et
839 853 1031 932 conllnlis
1059 854 1101 930 in
1128 877 1277 957 perpe·

27 1053 28 1056 ,
159 980 295 1050 tuum
324 995 560 1068 remanere3
589 973 821 1076 damusque
836 973 1108 1074 magnitudini
1137 977 1278 1051 vestre

28 1122 29 1172 z
180 1103 331 1172 tenore
358 1095 620 1196 presentium
650 1093 886 1172 libertatem
915 1093 1144 1198 plenariam
1161 1103 1280 1171 etar-

28 1227 29 1296 ἷ
180 1213 365 1322 bitrium,
393 1213 644 1317 disponendi
673 1223 715 1295 et
743 1213 923 1291 faciendi
939 1213 991 1289 de
1006 1213 1207 1315 predictis
1222 1214 1279 1292 lo·

28 1409 29 1419 a
181 1332 240 1411 cis
266 1332 462 1434 Dulcigni
477 1343 520 1412 et
534 1333 682 1411 Budua
707 1357 756 1412 ac
771 1334 1037 1438 pertinentiis
1052 1335 1151 1419 suis,
1168 1342 1210 1412 et
1226 1333 1278 1410 de

28 1516 29 1520 a
180 1453 471 1556 promissione
486 1454 600 1532 milla
616 1458 865 1534 ducatorum
882 1455 1281 1559 suprascriptorum,

28 1575 29 1606 ³
181 1599 277 1651 cum
307 1577 552 1674 supradicto
585 1576 759 1655 domino
788 1577 934 1666 Balsa,
975 1585 1103 1679 prout
1142 1575 1279 1653 eidem

181 1695 456 1792 magnitudini
483 1704 628 1774 vestre
645 1696 858 1774 videbitur
883 1683 927 1773 et
954 1697 1151 1797 placebit.
1180 1695 1280 1773 Nam

180 1815 494 1918 suprascriptus
522 1819 715 1895 dominus
739 1817 973 1893 Grubacius
1002 1816 1281 1894 ambasciator

176 1941 350 2020 vester,
393 1937 543 2038 vigore
585 1939 787 2017 libertatis
822 1962 901 2041 per
938 1943 1099 2016 vestras
1139 1936 1283 2014 literas

180 2053 265 2132 sibi
305 2057 466 2134 tradite
497 2082 576 2162 per
602 2067 796 2162 patentes
837 2059 980 2138 literas
998 2057 1117 2135 'bulla
1144 2062 1282 2134 vestra

183 2177 377 2262 bullatas,
397 2179 567 2255 nomine
595 2178 891 2278 magnitudinis
916 2185 1058 2255 vestre
1086 2179 1291 2282 promisit

181 2305 334 2376 nostro
364 2299 574 2386 dominio,
604 2301 726 2401 -quod
756 2303 904 2379 eadem
932 2310 1071 2379 vestra
1099 2297 1280 2398 magnili-

182 2419 321 2496 centia
350 2419 478 2498 laciet
505 2445 600 2500 cum
617 2423 784 2514 ellectu,
814 2422 927 2524 quod
944 2422 1054 2500 idem
1085 2421 1281 2500 dominus

25 2579 26 2582 κ
181 2539 307 2620 Balsa
333 2531 467 2620 literis
482 2543 569 2620 suis
591 2545 839 2646 patentibus
860 2545 1028 2622 bullatis
1057 2543 1169 2621 bulla
1196 2565 1284 2634 suo,

40 2741 42 2746 ,
183 2673 226 2740 et
267 2661 389 2739 lactis
444 2663 695 2742 solemniter
749 2667 1080 2769 suprascriptam
1130 2689 1282 2766 pacem

182 2781 432 2868 ratificobit,
476 2784 738 2884 omologabit
764 2792 808 2862 et
835 2781 1107 2888 approbabit,
1148 2809 1198 2862 ac
1227 2785 1283 2861 in·

182 2899 438 2979 violabiliter
454 2899 806 2990 observabit-nec
821 2927 914 2981 eam
930 2903 1126 3003 infringet
1141 2903 1280 3005 aliqua
1418 2983 1419 2988 t

185 3044 315 3100 causa
340 3023 409 3098 vel
439 3031 606 3102 eventu.
659 3025 766 3104 ltem
808 3024 924 3128 quod
960 3047 1107 3102 omnes
1134 3030 1284 3122 gentes

186 3167 284 3219 suas
324 3142 556 3243 armigeras
598 3147 743 3224 subito
772 3143 1014 3223 removebit
1041 3143 1091 3218 ab
1119 3143 1283 3250 infesta·
1358 3151 1361 3158 “

188 3263 305 3340 tione
343 3273 387 3342 et
426 3263 765 3344 damnificatione
807 3267 1002 3362 locorum
1032 3270 1075 3341 et
1102 3263 1285 3341 subdito-

187 3380 280 3460 rum
307 3391 565 3476 nostrornm,
594 3393 637 3462 et
664 3383 802 3487 aliqua
831 3386 928 3464 loca
956 3389 1101 3462 nostra
1120 3389 1164 3461 et
1189 3381 1284 3458 sub·

189 3502 305 3581 ditos
333 3525 416 3579 non
433 3505 684 3593 molestabit,
711 3529 792 3584 nec
820 3505 1034 3582 molestari
1062 3505 1188 3583 faciet
1216 3509 1284 3579 aut

188 3623 405 3726 permittet
431 3649 510 3726 per
525 3651 625 3702 suos
652 3625 845 3703 subditos
867 3625 1109 3713 autlidcles‚
1138 3624 1282 3724 aliquo

187 3745 358 3844 ingenio
389 3747 775 3832 causavelcolore,
805 3771 943 3848 neque
972 3743 1024 3824 de
1054 3743 1163 3822 locis
1191 3767 1284 3822 nos·

190 3866 268 3943 tris
306 3871 376 3944 aut
401 3869 589 3970 ipsorum
632 3868 772 3968 aliquo
803 3891 851 3944 se
878 3863 1131 3944 intromittet
1156 3863 1197 3939 in
1226 3862 1283 3939 lu·

89 4032 94 4044 ·
191 3997 330 4066 turum
360 3989 425 4066 vel
442 3989 644 4092 impediet
670 3989 758 4066 ullo
788 3988 1059 4068 modo.1tem
1087 3987 1200 4087 quod
1229 3985 1284 4064 ci·

189 4135 264 4188 ves
291 4115 334 4188 et
360 4108 554 4188 subditos
583 4108 873 4210 predictorum
902 4105 1284 4207 locorumssulcig·

191 4235 233 4311 ni
262 4239 304 4311 et
329 4231 490 4315 Budue,
517 4255 569 4309 ac
597 4253 743 4305 eorum
772 4227 1056 4308 districtuales
1083 4227 1284 4308 tractabit
1381 4308 1385 4312 .

193 4353 431 4430 humaniter
473 4357 515 4428 et
544 4350 749 4449 benigne,
791 4373 871 4428 nec
912 4350 1052 4454 aliqua
1091 4371 1170 4452 per
1209 4371 1283 4425 eos
