3154 5102
419 553 750 639 damnificatione
793 556 984 632 iocorum
1025 557 1300 637 comitum
1346 557 1509 636 Budi·

418 675 1022 777 solarietGregorii,
1057 678 1335 760 comitum
1377 677 1510 758 Cor·

418 797 651 886 baviae,
701 797 963 898 aliorumque
1021 797 1511 910 comitumsscla·

419 945 444 996 v
459 941 484 994 ο
500 941 524 992 u
540 919 590 994 ia
606 943 650 1005 e,
690 916 767 994 nisi
802 917 992 994 viderent
1028 916 1155 1016 quod.
1171 917 1358 999 faverent
1384 921 1513 1000 inimi·

419 1037 491 1130 cis,
518 1037 585 1114 vei
613 1043 893 1138 procurarent
922 1043 1070 1114 contra
1084 1047 1274 1118 nostrum
1288 1039 1512 1131 honorem,

420 1165 462 1242 et
491 1158 586 1260 quia
615 1159 836 1250 credimus,
865 1156 980 1259 quod
1009 1165 1120 1236 esset
1148 1160 1304 1238 bonurn
1333 1169 1375 1242 et
1405 1161 1513 1242 isce-

419 1286 488 1358 ret·
514 1303 593 1382 pro
623 1276 758 1368 nobis,
783 1279 818 1356 si
847 1276 947 1356 dicti
976 1277 1154 1356 comites
1197 1291 1368 1383 possent
1402 1283 1513 1362 uniri

420 1397 654 1486 nobiscum,
683 1405 725 1476 et
752 1396 803 1474 ad
829 1395 1101 1476 intentionem
1130 1405 1316 1484 nostram
1345 1401 1512 1485 confor-

421 1517 537 1608 mari,
566 1525 607 1596 et
634 1516 714 1627 ipsi
754 1517 999 1618 scripserint
1034 1517 1180 1606 nobis,
1221 1519 1334 1620 quod
1376 1520 1513 1600 dictus

422 1663 617 1718 comes
644 1635 980 1738 Gregorius
1012 1636 1062 1714 sd
1090 1635 1173 1714 hoc
1200 1637 1420 1718 videbatur
1457 1640 1515 1720 in·

424 1760 619 1848 tendere;
654 1760 845 1836 volumus
872 1761 917 1834 ut
943 1757 1044 1834 dare
1073 1755 1254 1836 debeant
1281 1759 1419 1838 eidem
1447 1787 1515 1840 co·

424 1881 512 1958 miti
540 1879 745 1979 Gregorio
787 1900 953 1956 omnem
990 1877 1140 1956 bonurn
1167 1903 1285 1982 spem
1313 1887 1356 1958 et
1383 1881 1515 1960 inten-

424 2001 582 2078 tionem
610 2023 731 2101 quarn
759 2006 948 2104 possunt,
978 2023 1072 2076 curn
1096 1997 1172 2076 inis
1188 1999 1343 2102 pulcris
1371 1999 1515 2080 verbis

423 2130 465 2199 et
492 2120 652 2220 modis,
696 2121 769 2224 qui
810 2120 891 2198 sibi
931 2117 1184 2198 videbuntur
1224 2145 1304 2225 pro
1346 2121 1515 2202 honore

423 2249 582 2328 nostro,
611 2240 827 2318 trahentes
856 2237 905 2316 ab
936 2263 1017 2328 eo,
1048 2248 1242 2342 quantum
1280 2241 1372 2345 pius
1398 2251 1515 2345 pote·

425 2368 531 2446 runt,
560 2359 612 2438 de
641 2359 872 2438 intentione
899 2385 995 2449 suu,
1023 2367 1065 2438 et
1092 2359 1370 2460 significantes
1396 2360 1517 2442 uobis

423 2481 624 2586 quidquid
666 2482 843 2562 iecerint
880 2491 922 2560 et
957 2482 1180 2562 habuerint
1208 2483 1246 2560 in
1275 2483 1518 2586 praedictis,

423 2603 700 2702 intelligendo,
730 2605 844 2705 quod
872 2604 1126 2705 parinrnenta
1155 2627 1261 2706 quac
1287 2611 1517 2708 propterea

423 2725 572 2804 fierent
614 2751 707 2803 cum
736 2725 858 2804 dictis
902 2725 1151 2817 comitibus,
1180 2723 1275 2802 finnt
1304 2732 1423 2804 extra
1453 2725 1517 2804 ha·

424 2845 524 2924 stins
551 2851 730 2930 nostras,
759 2845 867 2922 sicut
895 2843 995 2921 alias
1026 2845 1160 2922 extitit
1190 2843 1440 2928 ordinatum.

526 2965 669 3068 Capta:
697 2965 808 3067 quod
837 2963 1149 3070 sapientes
1178 2962 1517 3045 sclavoniae

424 3085 662 3164 examinent
704 3084 962 3164 ambaxatam
1004 3085 1235 3188 expositam
1275 3085 1397 3172 nobis
1438 3109 1516 3190 per

424 3205 732 3286 amhaxatorem
774 3206 998 3283 domini
1047 3206 1209 3304 regis
1250 3204 1515 3293 Serviae,

424 3351 552 3432 super
592 3350 672 3428 qua
701 3324 800 3405 dent
828 3325 951 3405 nobis
993 3347 1111 3402 suum
1146 3324 1390 3416 consilium,
1419 3347 1515 3404 curn

425 3471 508 3551 qua
536 3448 690 3526 erimus
718 3446 788 3526 hic
817 3455 859 3525 et
884 3445 956 3523 fiet
983 3445 1092 3522 sicut
1118 3444 1339 3532 videbitur,
1362 3451 1403 3522 et
1430 3443 1513 3546 qui·

426 3563 525 3646 tibet
552 3569 683 3669 possit
710 3591 870 3670 ponere
897 3577 1073 3671 purtem.

793 3703 901 3770 Secr.
925 3704 1016 3792 hog.
1039 3701 1114 3768 Lib.
1141 3703 1165 3766 1.
1189 3723 1255 3768 seu
1278 3705 1313 3770 A.
1341 3705 1397 3770 ch.
1420 3701 1471 3766 32

707 3859 775 3956 b.
806 3879 917 3958 raon.
951 3879 975 3954 a
1009 3877 1232 3956 unroh.

449 4036 629 4112 Oarosopn
654 4053 693 4092 na
718 4049 925 4112 operuerant
955 4045 1146 4091 uocuauna
1170 4047 1277 4106 spara
1303 4031 1493 4106 Cpticron.
1555 4099 1556 4122 ἶ

533 4173 675 4278 Capta:
705 4166 1348 4297 examinutanmbaxatauomini
1378 4167 1516 4266 regis
1553 4229 1555 4272 3
