3228 5108
339 451 404 531 iffi

342 653 393 733 ad
420 653 705 744 habitandum,
733 654 801 732 vei
830 654 881 732 nd
911 651 1088 754 aliquam
1117 653 1237 736 eiiam
1264 676 1320 734 ex
1349 662 1431 738 ter·
1549 717 1556 724 .

342 777 400 855 ris
425 779 608 862 nostris,
650 772 762 876 quod
800 775 989 876 promitti
1028 773 1192 878 possint
1228 773 1431 878 predictis

340 919 474 1000 nsque
502 896 552 974 ad
581 894 854 998 quantitatem
883 891 1128 976 ducatorum
1160 893 1286 974 ·ΜΜ·
1315 896 1431 978 omni

339 1013 536 1098 semestri
562 1015 848 1102 medietatem,
875 1015 1099 1098 habitando
1129 1015 1200 1093 ubi
1222 1014 1433 1098 voluerint

311 1206 312 1209 a
340 1143 459 1222 extra
486 1135 700 1217 territoria
744 1143 916 1230 nostra,
958 1137 1186 1238 providere
1213 1135 1353 1216 taliter
1379 1133 1434 1214 de

340 1260 424 1338 vite
460 1279 609 1336 eorum
638 1266 681 1334 et
707 1281 807 1340 suaa
844 1255 1059 1348 familiae.
1093 1257 1211 1360 quod
1250 1255 1434 1338 honeste

340 1386 541 1484 poterunt
580 1379 738 1476 ducere
774 1379 896 1460 vitam
936 1403 1080 1473 suam,
1107 1387 1150 1458 et
1176 1379 1291 1481 quod
1317 1385 1432 1484 pote·

340 1509 437 1580 runt
465 1499 574 1580 bene
603 1508 647 1580 et
672 1502 983 1582 rationabiliter
1019 1499 1286 1588 contentari.
1328 1505 1371 1584 et
1397 1501 1435 1580 si

340 1623 394 1702 de
422 1621 499 1699 ista
528 1627 669 1700 nostre
711 1623 991 1726 responsione
1036 1621 1310 1702 remanebunt
1337 1643 1433 1700 oon·

340 1742 444 1821 tenti
481 1743 591 1821 bene
633 1742 827 1846 quidem,
866 1743 977 1823 etin
1005 1743 1090 1824 isto
1117 1767 1216 1822 oasu
1243 1741 1338 1822 fleri
1365 1743 1434 1822 de·-

342 1864 438 1956 best
464 1869 509 1943 ut
535 1863 728 1968 superius
757 1862 913 1956 dietum
942 1871 1006 1943 est
1034 1871 1077 1942 et
1102 1865 1370 1967 promissum,
1397 1862 1433 1945 ni

341 1989 479 2060 autem
505 1983 594 2060 non'
617 1982 760 2061 forent
787 1983 998 2081 contenti,
1036 1988 1136 2065 tuno
1164 1983 1249 2065 dici
1276 1981 1336 2064 eia
1362 1981 1433 2059 de·

342 2105 452 2190 beat,
481 2104 594 2206 quod
623 2102 745 2180 aliam
774 2103 1097 2208 responsionem
1121 2101 1434 2191 sibidnreoum

340 2221 509 2302 honore
538 2230 683 2306 nostro
711 2247 795 2306 non
824 2223 1060 2326 possimus,
1087 2221 1163 2304 aed
1190 2227 1307 2300 uerte
1327 2219 1434 2320 judi·
1562 2261 1572 2290 t

341 2341 409 2418 cio
438 2347 586 2422 nostro
602 2366 684 2448 pro
716 2340 837 2428 dietis
866 2340 1046 2424 dominis
1073 2340 1239 2422 faceret
1264 2344 1435 2420 eontan-

340 2457 419 2542 tari
447 2460 500 2538 de
527 2461 604 2544 ista
637 2468 781 2543 nostra
822 2463 1106 2566 responsione
1133 2467 1176 2538 et
1203 2457 1434 2542 oblatione.

607 2615 711 2682 eece.
737 2613 850 2682 Cous.
875 2615 1052 2704 nogarae.
1075 2612 1151 2682 Lib.
1173 2609 1236 2682 lli.
1259 2613 1316 2680 oin
1337 2615 1390 2678 tt.

260 2943 275 2985 .·
368 2831 714 2934 ccxxxiv.
758 2857 869 2935 um
905 2837 1442 2936 moraturum!

785 2978 984 3058 nuarii

340 3131 537 3229 3anuroueuo
560 3185 728 3247 npuornrs
752 3187 790 3228 na
803 3187 854 3239 ro,
878 3188 916 3243 aa
937 3173 1251 3242 spannuooaaum,
1266 3171 1434 3234 nuruum

341 3283 445 3343 orare
469 3289 510 3344 po
533 3289 636 3330 onore
659 3289 853 3348 rocnopapa,
876 3291 915 3347 pa
938 3289 980 3348 ry
1001 3291 1176 3350 npepsornu
1200 3289 1238 3330 as
1262 3271 1434 3353 opoopent

442 3375 576 3452 ymonis
598 3391 779 3452 nonsperur,
802 3395 841 3436 sa
864 3391 925 3436 sou
945 3377 1126 3437 itinerariis
1150 3393 1317 3452 npsoraro.

351 3637 355 3646 ‚
443 3544 546 3644 Quia
573 3545 837 3628 demandato
864 3547 1048 3634 dominii,
1075 3546 1156 3628 viri
1172 3544 1337 3628 nobiles
1364 3567 1436 3622 ser

341 3665 706 3744 Franciseus
743 3667 1171 3773 Cornarooaput
1199 3667 1364 3749 consilii
1392 3673 1437 3746 et

310 3839 312 3844 -
340 3812 412 3886 aer
437 3785 655 3872 iohannes
685 3789 887 3894 capello,
929 3793 998 3894 qui
1026 3797 1312 3874 tractaverunt
1338 3811 1435 3869 oum

341 3906 853 4000 ambasiatoribus
880 3909 954 3986 Bo
974 3911 1090 3990 isne
1117 3907 1437 4010 Strapamiri

342 4027 676 4118 etdominae
704 4031 946 4110 Helenae
975 4032 1064 4113 eius
1092 4029 1247 4117 matris,
1275 4052 1325 4110 aa
1351 4051 1435 4132 pro.

342 4145 491 4248 quibus
516 4159 724 4232 venerunt
751 4153 802 4230 ad
830 4151 1085 4255 presentiam
1126 4159 1339 4236 nostram,
1378 4147 1435 4229 di·

341 4277 495 4351 xerunt
522 4270 583 4348 eis
611 4269 676 4350 iila
706 4295 813 4372 quae
843 4281 965 4376 oapta
996 4271 1166 4354 fuerunt
1191 4271 1233 4352 in
1262 4269 1436 4372 rogatia3

342 4391 414 4493 qu
458 4387 539 4479 trus
590 4389 740 4472 auarus
779 4387 958 4482 nasute·
997 4391 1143 4476 diesne
1182 4371 1436 4500 annueret.
