3186 5112
327 394 407 464 »Μ’

350 491 355 508 Ι

333 597 456 678 nibus
485 601 628 674 vestre
656 593 964 694 magnitudinis,
979 596 1044 675 cui
1064 583 1430 701 optamus'aoere

335 718 514 820 aliquam
556 715 789 794 notabilem
817 722 860 792 et
888 717 1103 814 egregiam
1131 719 1429 820 complacenti-

334 865 411 926 am,
442 843 483 915 et
509 838 704 918 volentes
731 835 875 914 ioboc
902 839 1149 937 specialiter
1176 840 1430 921 eidemres·

334 969 399 1037 tre
440 955 748 1058 magnificentie
792 957 1091 1058 complacere,
1137 959 1323 1039 contenti
1367 985 1429 1036 su·

334 1105 425 1156 mus
452 1103 502 1156 ac
529 1077 669 1180 placet
695 1075 831 1165 nobis,
866 1101 959 1158 cum
983 1103 1109 1182 supra
1137 1079 1251 1162 dicto
1279 1080 1429 1178 magni·

334 1199 417 1278 lico
448 1197 625 1274 domino
649 1195 785 1280 belsa,
813 1220 961 1299 puram
993 1198 1358 1278 veramsineersm
1388 1205 1432 1276 et

333 1318 499 1396 favente
514 1317 614 1408 deo,
628 1323 835 1418 perpetuo
851 1318 1095 1398 duraturam
1124 1341 1273 1418 pacem
1302 1325 1430 1421 atque

334 1437 610 1520 concordiam
639 1437 816 1518 introire
847 1443 973 1540 atque
1002 1439 1263 1518 concludere
1286 1461 1335 1518 ac
1363 1439 1429 1518 lir-

295 1638 298 1645 ,
334 1583 475 1646 mare,
502 1556 689 1634 remissis
717 1555 854 1637 eidem
885 1559 1080 1652 omnibus
1108 1558 1270 1656 injuriis
1299 1553 1429 1638 elien·

331 1676 520 1758 sionibus
548 1675 709 1759 damnis
727 1684 854 1778 atque
883 1678 1103 1769 molestiis,
1118 1678 1305 1758 dominio
1333 1705 1428 1758 nos·

334 1811 401 1880 tro
427 1822 505 1902 per
532 1823 628 1876 eum
657 1797 789 1876 lactis.
817 1797 870 1876 m
897 1823 950 1877 ex
978 1802 1164 1888 nunc‚ad
1193 1801 1428 1878 instantiam

334 1926 389 1998 et·
414 1917 723 2020 requietionem
764 1918 1057 2018 magnitudinis
1085 1928 1255 2014 vestre,
1296 1919 1428 2024 ipsam

334 2063 483 2142 pacem
524 2045 566 2116 et
588 2039 882 2116 concordiam
934 2063 1030 2116 eum
1084 2042 1198 2119 dioto
1253 2038 1428 2118 domino

333 2160 459 2240 Balsa
496 2159 717 2236 introimus
759 2165 886 2259 atque
915 2159 1155 2257 firmamus,
1198 2185 1293 2254 eum
1335 2159 1427 2240 istis

334 2287 471 2358 tamen
501 2275 811 2358 conditionibus
839 2285 967 2378 atque
996 2279 1153 2364 modis,
1183 2279 1322 2381 quiin
1351 2278 1429 2357 dis·

332 2401 544 2504 positione
560 2395 869 2498 magnificentie
884 2405 1029 2477 vestre
1045 2398 1297 2492 dimittimus,
1313 2397 1425 2502 quod

332 2547 412 2624 pro
457 2521 737 2603 stabilimento
767 2524 810 2596 et
837 2519 1034 2597 firmitate
1075 2519 1269 2622 predicte
1307 2521 1425 2622 pacis

331 2643 504 2743 possitis
533 2640 702 2718 nomine
745 2647 892 2718 nostro
928 2662 979 2718 ae
1006 2663 1304 2718 streoessorum
1331 2662 1425 2716 nos·

333 2769 510 2852 trorum,
538 2763 638 2840 dare
655 2758 736 2863 ipsi
764 2759 934 2838 domino
963 2759 1088 2836 Balse
1115 2781 1195 2861 pro
1225 2783 1271 2836 se
1287 2764 1331 2838 et
1356 2757 1427 2838 be·

333 2880 505 2960 redibus
521 2884 625 2980 ejus,
652 2879 973 2979 Dulcignum
1001 2887 1044 2958 et
1071 2878 1302 2958 Buduam
1329 2903 1423 2956 cum

332 3003 528 3082 omnibus
543 3001 774 3100 etsingulis
801 3023 949 3079 eorum
968 2998 1132 3098 juribus
1159 2999 1422 3103 pertinentiis

331 3122 591 3204 districtibus
621 3127 665 3200 et
692 3121 898 3201 confiniis.
924 3121 978 3200 ut
1003 3121 1179 3223 insuper
1204 3120 1420 3222 promitte·

331 3270 394 3334 re,
409 3244 579 3324 nomine
606 3251 754 3323 nostro
775 3251 818 3320 et
833 3265 1132 3322 suceessorum
1160 3249 1419 3340 nostrorum,

331 3368 447 3448 mille
476 3367 654 3446 ducatos
683 3365 773 3444 auri
786 3389 867 3468 pro
896 3365 989 3466 ipso
1020 3363 1194 3442 domino
1221 3363 1358 3454 Balsa,
1387 3370 1429 3442 et

330 3483 561 3565 heredibus
577 3485 683 3575 suis,
696 3485 924 3562 solvendos
940 3481 1101 3560 eisdem
1128 3483 1292 3582 singulo
1321 3507 1428 3562 anuo

330 3609 384 3688 de
411 3605 658 3685 introitibus
686 3607 879 3682 locorum
909 3613 1166 3693 nostrorum,
1195 3631 1277 3706 que
1304 3604 1428 3684 hebe-

330 3752 420 3804 mus
447 3725 489 3804 in
517 3725 600 3806 illis
627 3721 847 3825 partibus,
885 3748 979 3802 cum
1008 3722 1090 3801 illis
1125 3724 1261 3802 modis
1291 3724 1431 3802 condi·

330 3845 515 3935 tionibus
544 3850 587 3923 et
618 3845 806 3934 formis,·
834 3868 929 3920 oum
958 3840 1107 3944 quibus
1136 3865 1210 3919 eos
1239 3843 1428 3922 solveba-

308 3993 420 4077 mus
462 3969 563 4044 olim
607 3965 830 4064 magnifico
874 3965 1044 4044 domino
1094 3963 1279 4062 Georgio
1319 3961 1427 4066 patri

330 4115 423 4168 suo.
451 4085 508 4164 nt
534 4086 647 4187 quod
678 4085 816 4164 omnis
841 4085 1046 4182 clintona,
1064 4083 1340 4184 que-vendita
1369 4082 1426 4158 fu·

329 4213 477 4296 erunt,
517 4213 562 4287 et
588 4207 684 4284 dcta
713 4207 899 4284 dominio
938 4214 1086 4284 nostro
1123 4226 1203 4305 per
1230 4204 1426 4280 eumdem

330 4331 542 4411 dominum
570 4326 804 4426 Georgium
832 4331 923 4426 ejus
938 4332 1120 4429 patrem,
1147 4319 1328 4404 debeant
1353 4348 1425 4424 no·
