3226 5112
344 615 406 668 ru
423 613 464 666 m
490 586 752 692 perveniant,
780 611 876 665 eum
904 611 988 665 non
1015 589 1069 668 sit
1095 596 1249 692 potens
1278 615 1326 670 eu
1354 617 1436 671 sus·

289 693 294 702 ’
348 712 500 798 tinere,
526 713 784 810 procuretur
811 707 1051 808 intelligere
1088 736 1111 786 a
1147 710 1270 790 dictis
1298 723 1434 793 orato·

347 831 477 915 ribus,
506 829 786 907 intentionem
814 827 914 906 dicti
942 830 1110 931 despoti
1148 832 1201 912 de
1229 833 1334 912 iocis
1375 859 1435 911 su·

347 947 612 1052 proscriptis,
639 954 674 1026 si
701 972 751 1026 ea
776 953 923 1027 tenere
951 971 1036 1026 non
1065 957 1222 1053 posset,
1238 977 1331 1030 eum
1356 955 1434 1032 iltis

346 1070 499 1160 verbis,
527 1095 636 1173 quae
665 1069 852 1168 collegio
883 1069 1146 1150 videbuntur.

636 1260 637 1266 ,
727 1207 836 1274 Secr.
861 1227 962 1274 cuns.
985 1227 1067 1296 rog.
1090 1209 1163 1274 nib.
1187 1211 1260 1276 XV.
1287 1213 1340 1277 ch.
1364 1217 1394 1278 7.

466 1375 798 1480 ccccviii.
836 1399 950 1474 ineo.
989 1403 1048 1496 15,
1076 1399 1323 1500 Aprilis.

349 1555 532 1630 Oaronopn
566 1571 807 1625 nocuannnnua
838 1571 937 1612 uaeas
960 1557 1114 1616 Craoaua
1145 1573 1296 1632 onnonnu
1319 1561 1434 1633 Cauas-

528 1675 671 1739 aonorn,
696 1677 759 1718 non
783 1677 952 1720 aanreaaro
976 1679 1079 1738 φεμ
1103 1665 1259 1738 Korope.

451 1796 569 1894 Quod
623 1794 978 1872 oratoribus
1034 1795 1277 1875 comitis
1317 1797 1437 1878 Ste-

347 1916 552 2020 phani,
598 1914 844 2017 nepotis
886 1915 1129 1994 condam
1171 1915 1437 2010 Sandaii,

348 2037 418 2139 qui
445 2044 650 2115 venerunt
677 2036 726 2116 ad
744 2045 933 2114 nostram
962 2038 1259 2138 praesentiam,
1281 2046 1438 2140 etpost

348 2159 481 2236 verba
519 2158 757 2257 generalia,
812 2161 959 2258 petunt
1000 2158 1211 2236 civitatem
1250 2167 1437 2238 nostram

351 2279 581 2368 Catari,
610 2301 733 2380 quam
762 2279 911 2356 asserit
939 2276 1069 2356 fuisse
1098 2277 1307 2379 quondam
1335 2280 1437 2358 dicti

349 2401 620 2494 sandali,
661 2401 797 2501 patrui
825 2401 910 2488 sui,
938 2411 980 2479 et
1008 2402 1107 2480 loeo
1137 2395 1270 2505 ipsius
1305 2427 1352 2479 se
1380 2403 1436 2481 ot·

349 2525 434 2601 tert
460 2522 582 2602 nobis
609 2525 709 2601 dare
745 2523 815 2602 Na
832 2545 852 2598 r
868 2548 891 2600 e
906 2547 931 2598 n
947 2528 1000 2601 ta
1017 2547 1076 2612 m;
1117 2524 1435 2625 respondeatur,

350 2642 464 2745 quod
491 2641 696 2724 habemus
725 2645 860 2747 ipsum
891 2643 1093 2721 comitem
1110 2641 1367 2745 Stephanum
1395 2643 1434 2720 in

349 2762 506 2841 bonum
554 2762 729 2842 fratrem
770 2771 813 2841 et
853 2765 1030 2840 amioum
1074 2763 1354 2860 singularem,
1394 2768 1438 2842 et

348 2906 520 2986 semper
535 2883 738 2960 vellemus
766 2907 815 2959 ea
844 2883 987 2961 faeere
1016 2908 1156 2987 posse,
1183 2905 1291 2984 quae
1319 2892 1437 2982 grata

349 3011 392 3082 et
427 3009 604 3106 accepta
645 3004 684 3080 ei
726 3004 888 3092 torent;
929 3003 1001 3083 sed
1042 3003 1304 3082 declaramus
1345 3005 1436 3082 eius

349 3125 703 3225 magnificentiae,
746 3127 857 3227 quod
889 3123 1182 3203 Catarinenses
1210 3131 1361 3225 sponte
1389 3149 1436 3202 se

349 3247 636 3324 submiserunt
651 3253 799 3324 nostro
817 3246 1004 3323 dominio
1030 3271 1124 3324 oum
1140 3247 1438 3347 promissione,

349 3367 462 3470 quod
492 3366 587 3444 ilios
613 3367 690 3444 sub
707 3371 852 3445 nostro
869 3367 1056 3445 dominio
1074 3384 1438 3458 conservaremus,

298 3569 307 3580 ,
349 3512 477 3590 quare
505 3487 739 3587 intelligere
768 3495 929 3590 potest,
961 3490 1075 3590 quod
1103 3512 1191 3587 nou⁸
1215 3512 1436 3592 possemus

349 3610 503 3687 dietam
532 3607 745 3687 civitaten
761 3609 842 3687 sibi.
863 3609 1043 3699 tradere,
1059 3611 1147 3687 sine
1162 3609 1437 3687 diminutione

348 3730 524 3808 honoris
539 3735 581 3806 et
596 3727 693 3806 fidei
711 3736 891 3818 nostrae,
919 3741 961 3809 et
976 3733 1081 3808 certi
1097 3731 1310 3809 reddimur
1325 3731 1435 3832 quod

349 3850 441 3929 eius
471 3838 775 3949 magnificentia
812 3851 918 3928 nolit.
944 3849 1023 3928 nisi
1061 3873 1133 3942 ea,
1173 3875 1281 3953 quae
1324 3851 1434 3927 salva

348 3973 571 4050 honestate
600 3971 743 4049 faeere
772 3973 999 4073 possimus,
1046 3973 1156 4049 sieut
1195 3995 1272 4049 nos
1302 3973 1353 4048 ab
1380 3994 1434 4048 eo

351 4094 474 4170 etiam
502 4095 696 4170 nolemus
724 4117 804 4170 nec
833 4093 1163 4194 requireremus.
1193 4092 1245 4170 Et
1267 4096 1435 4194 propte·

351 4236 423 4291 rea
451 4214 491 4293 ei
519 4212 647 4292 libeat
672 4238 752 4292 nos
778 4213 935 4292 habere
951 4219 1189 4300 excusatos,
1216 4235 1309 4290 nam
1327 4233 1436 4288 nuno
