3220 5118
1251 402 1284 468 v¹

183 635 269 689 nun
299 609 412 691 dubit
438 611 689 699 Turonis,
724 641 803 694 nee
832 611 1037 716 aliquibus
1066 615 1158 694 uiiis
1186 635 1281 712 geu·
1342 601 1347 616 ’

184 733 322 820 tibus,
362 733 603 811 volentibus
643 737 706 813 ire
734 734 784 811 sd
824 735 973 814 dumnu
1012 735 1113 813 dicti
1152 733 1281 832 regis,

185 849 402 930 transitum
443 855 674 934 subsidium
704 879 783 934 neo
811 857 1014 937 favorem.
1058 853 1217 940 Verum
1245 853 1281 929 si

183 973 293 1050 nitra
321 971 536 1072 praedicta
564 973 699 1052 dietus
728 999 805 1050 rex
830 976 910 1052 otis
933 979 1114 1079 peteret,
1142 971 1280 1050 eidem

183 1093 447 1196 respondere
474 1093 639 1182 debent,
667 1095 780 1196 quod
798 1094 836 1171 si
864 1095 978 1174 dicto
1008 1094 1100 1194 regi
1126 1091 1279 1196 placet,

183 1220 328 1318 potest
353 1237 473 1296 suum
499 1216 793 1296 ambassiatsm
823 1213 991 1294 mittere
1020 1217 1070 1292 ud
1088 1235 1279 1316 praesen·
1338 1221 1343 1238 “

183 1331 282 1412 tiam
310 1343 523 1424 nostrum,
552 1337 650 1439 quis
677 1347 821 1416 nostru
850 1335 1081 1414 dominatio
1110 1355 1201 1412 eum
1228 1333 1280 1408 vi·

27 1526 31 1560 =
183 1449 299 1531 debit
325 1455 527 1533 alacriter
551 1463 594 1533 et
621 1456 814 1543 libenter,

412 1601 414 1606 '
507 1591 611 1658 seer.
635 1591 749 1659 Cous.
770 1592 862 1680 ἧος.
887 1589 958 1654 no.
982 1563 1061 1654 vu.
1084 1589 1131 1652 eh
1166 1589 1238 1652 196.

265 1775 500 1880 cccvi.
529 1801 642 1880 uzo.
671 1734 840 1878 mute
855 1805 884 1878 t.
912 1797 1024 1878 xul.
1051 1801 1091 1874 ε.
1118 1795 1204 1875 se-

490 1917 729 1998 bruurii.
761 1920 978 2000 Catari.

184 2089 375 2166 ilynosoiie
398 2111 432 2151 ss
457 2091 599 2152 Aurouis
623 2093 775 2169 Hysnis,
798 2109 921 2169 noraps
945 2109 1042 2169 rpssu
1066 2089 1219 2168 Korope,
1242 2109 1281 2164 μ

289 2213 379 2254 sone
403 2195 486 2256 ossii
509 2215 613 2272 rusus
635 2213 745 2274 unere
770 2199 996 2258 Maesessum
1019 2211 1168 2269 sunnon

627 2315 829 2376 raerynars.

183 2468 511 2548 instrumentum
538 2469 584 2546 si
601 2495 627 2548 n
644 2471 669 2548 d
685 2471 697 2547 i
715 2498 776 2564 eu
793 2481 808 2550 t
824 2497 849 2548 u
866 2495 885 2547 s
914 2469 1010 2550 iacti
1038 2494 1117 2576 per
1143 2495 1280 2550 uomu-

221 2587 393 2668 nitate‘m
424 2587 631 2670 Cnturi
661 2591 702 2667 in
729 2615 958 2695 personum
986 2617 1056 2670 ser
1083 2586 1256 2672 Antonii

647 2709 805 2814 Puetij.

194 2927 197 2932 ·
284 2881 333 2960 in
361 2881 521 2962 Christi
548 2883 719 2964 nomine
747 2885 894 2964 Amen.
924 2885 1012 2964 Sub
1035 2884 1152 2964 nnnis
1179 2889 1282 2983 ejus·

183 3005 279 3082 dom
308 3003 543 3086 nativitatis
578 3005 619 3083 in
647 3008 896 3086 millessimo
925 3009 1281 3111 quadringentesi-

186 3147 257 3200 mo
282 3122 514 3224 vigesimo,
554 3125 786 3206 indictione
813 3125 916 3208 Xlil
957 3135 999 3206 et
1036 3127 1102 3206 die
1137 3151 1282 3204 seoun·

187 3245 250 3321 do
284 3241 533 3345 Februarii,
576 3245 778 3327 Catari
813 3253 868 3329 in
906 3249 1282 3329 esnestlsris

182 3361 349 3442 diet-e
377 3364 650 3460 civitatis,
672 3372 795 3468 juxta
824 3370 977 3471 tugiam
1008 3377 1050 3450 et
1077 3372 1184 3450 viam
1211 3395 1282 3471 pu·

181 3481 334 3560 blicam
365 3483 555 3585 predicte
583 3486 761 3567 civitatis
798 3499 843 3569 et
870 3491 976 3569 aiios
1013 3487 1117 3567 fines
1148 3487 1282 3566 uerio-

181 3627 265 3694 res,
293 3605 557 3708 presentibus
585 3609 766 3688 dominis
793 3609 854 3692 Ni
871 3635 894 3689 o
910 3637 936 3691 o
953 3611 1038 3687 tuo
1051 3689 1056 3706 ,
1068 3610 1130 3686 de
1158 3609 1233 3688 Bo
1251 3611 1279 3686 1·

184 3725 314 3812 iizu,
341 3725 588 3808 iohanne
614 3754 687 3808 ser
717 3731 945 3836 'Priphonis
972 3735 1034 3810 de
1062 3731 1280 3814 Buehim

185 3845 335 3924 iuratis
357 3845 589 3938 indutibus,
625 3857 668 3927 et
694 3875 766 3928 ser
799 3849 932 3929 Psuio
960 3853 1029 3928 do
1055 3851 1280 3932 Buohiu

177 3969 321 4065 jurato
351 3967 559 4048 Ceteri
595 3969 907 4058 auditore,
945 3981 989 4051 et
1014 3993 1082 4050 me
1110 3975 1277 4053 notario

182 4087 461 4190 inirasmipto.
514 4089 665 4192 ibique
706 4094 757 4170 ad
784 4115 934 4171 sonum
976 4116 1181 4196 eampune
1220 4095 1276 4173 ui·

187 4209 323 4288 uersis
350 4207 499 4288 diebus
527 4217 569 4288 et
597 4212 697 4298 oris,
723 4211 808 4293 Nos
836 4215 1067 4294 comunitss
1085 4211 1277 4304 Cotoneu-
