3212 5116
333 372 406 454 ,18ss

341 584 382 660 at
409 583 451 653 et
478 580 627 654 utatur.
683 574 999 677 Idemquoqne
1041 574 1163 654 nobis
1203 601 1281 679 per
1319 575 1431 654 nobi·

343 698 426 774 iem
454 696 588 772 virum
627 693 799 772 Panium
827 695 1016 795 Quirino,
1056 695 1349 776 honorabilem
1378 696 1430 798 oi·

339 840 434 894 vem
461 822 650 892 nostrum
682 821 1014 918 [procuratorem
1042 819 1146 914 eins,
1184 816 1434 896 solemniter

340 937 391 1014 ad
418 943 560 1014 sancta
589 935 665 1014 Dei
694 938 906 1036 evangelia
934 937 1118 1039 prestitit
1143 937 1353 1018 fidelitatis
1368 937 1434 1014 de·

341 1055 469 1134 bitum
490 1058 785 1153 juramentum.
812 1054 1058 1157 inquorum
1087 1057 1270 1134 omnium
1305 1057 1433 1136 iidem

340 1183 383 1254 et
411 1175 661 1260 evidentiam
690 1177 926 1279 pleniorem
952 1201 1129 1279 presens
1170 1175 1432 1278 privilegium

340 1293 431 1374 fleri
452 1295 679 1393 jussimus,
707 1295 902 1398 bullaque
945 1304 1090 1376 nostra
1129 1297 1339 1400 pendente
1368 1317 1432 1372 an·

341 1440 415 1496 rea
441 1415 665 1496 eomn'niri.
1394 1444 1396 1453 =

439 1537 588 1615 Datum
629 1537 670 1614 in
703 1545 851 1616 nostro
892 1536 1046 1617 dnoaii·
1087 1537 1270 1640 palatio,
1325 1559 1432 1612 anno

342 1656 553 1738 dominice
594 1657 890 1736 incarnationis
926 1655 1149 1736 millesimo
1193 1653 1435 1734 tercentesi-

248 1867 253 1890 ι
341 1801 409 1854 mo
437 1777 698 1874 sexagesimo
728 1777 929 1868 secundo,
957 1775 1188 1855 indictione
1204 1774 1345 1877 quinta
1367 1773 1433 1850 de·

341 1898 460 1988 eima,
487 1897 555 1974 die
584 1898 710 1976 tertio
739 1897 892 1974 mensis
910 1895 1026 1976 tulii.

440 2095 505 2173 Eo
534 2095 602 2174 die
631 2097 784 2176 taetram
812 2097 890 2174 fuit
925 2096 1061 2176 simile
1101 2095 1365 2200 privilegium
1394 2097 1434 2174 in

341 2239 544 2320 personas
581 2219 849 2320 egregiorum
878 2219 1064 2298 virorum
1094 2216 1124 2292 S
1139 2226 1153 2296 t
1168 2219 1288 2296 razi
1305 2218 1408 2294 mir
1425 2218 1435 2292 i

341 2339 588 2438 Georgii
617 2339 1149 2429 etBaise·fratrnm,
1178 2337 1434 2438 magnifi-

342 2458 851 2538 eorumbaronum
892 2459 1180 2538 maritime
1223 2459 1436 2538 Sclave-

342 2605 367 2672 n
382 2581 395 2656 i
411 2605 446 2666 e,
475 2587 518 2657 et
540 2581 739 2658 bullatum
761 2579 870 2657 bulla
885 2581 1097 2685 pendente
1114 2587 1326 2679 argentea,
1342 2604 1436 2683 pre·

345 2702 440 2779 stito
461 2705 702 2802 juramento
731 2700 940 2780 fidelitatis
967 2725 1047 2804 pro
1077 2701 1203 2803 ipsis,
1244 2709 1287 2779 et
1325 2699 1437 2804 ipso-

233 2837 238 2848 “
342 2847 432 2900 rum
455 2823 624 2901 nomine
639 2847 716 2928 per
736 2821 922 2902 nobilem
946 2823 1080 2898 virum
1100 2823 1312 2904 Andream
1328 2823 1437 2899 Bon·

341 2947 378 3022 zi
407 2947 541 3026 civem
568 2945 841 3022 Venetiarum
869 2954 1196 3050 procuratorem
1233 2945 1438 3047 ipsorum.

884 3065 1132 3133 commemor.
1155 3065 1215 3130 vl.
1240 3065 1296 3132 cis
1321 3063 1393 3129 139.

523 3223 747 3322 Cxxll.
786 3247 898 3322 nea.
926 3245 988 3320 aa.
1016 3239 1256 3341 Api-ins.

342 3385 461 3444 ssaeno
498 3399 609 3442 ronna,
645 3395 684 3439 oe
719 3385 854 3439 flanona
888 3379 1095 3440 wenaaiasa
1133 3397 1261 3456 nnesya
1296 3393 1438 3437 annorn-

343 3504 435 3548 non
459 3483 543 3560 spiro
568 3483 682 3554 raaia,
706 3500 769 3544 soa
793 3487 874 3560 isay
912 3487 974 3543 nia
1000 3501 1044 3542 no
1069 3487 1173 3560 iepay
1209 3487 1299 3558 ,nysa
1332 3486 1436 3557 apae·

419 3609 514 3658 nora.
538 3606 611 3646 soro
634 3606 739 3666 yanna
763 3607 800 3647 aa
825 3605 913 3666 neay
938 3593 1074 3650 iiasaen
1098 3607 1139 3662 ne
1161 3605 1200 3646 aa
1224 3589 1363 3646 maara.

441 3707 527 3786 Nos
580 3707 936 3785 Laurentius
991 3704 1252 3785 Celsidei
1304 3702 1439 3804 gratie

346 3831 429 3908 dux
455 3831 730 3908 Veneriorum
772 3836 854 3908 etc.
895 3827 1155 3908 Comittimns
1190 3825 1265 3904 tibi
1309 3823 1438 3902 nobili

344 3951 435 4028 viro
469 3950 641 4030 Nieoiao
683 3951 912 4030 Iustiniano
954 3950 1109 4028 diiecto
1148 3948 1229 4026 oivi
1256 3954 1299 4024 et
1326 3943 1437 4022 fideli

346 4079 507 4159 nostro,
536 4072 650 4175 quod
677 4073 731 4150 de
759 4079 904 4150 nostro
934 4071 1129 4150 mandato
1156 4067 1280 4147 vadas
1313 4074 1355 4144 et
1381 4067 1439 4144 sis

344 4193 587 4302 capitaneus
623 4191 794 4271 istarum
822 4190 946 4272 trium
975 4191 1187 4294 galearum
1228 4212 1329 4294 quas
1356 4211 1438 4270 mu·
