3228 5108
196 661 236 740 ei
271 661 409 762 nuqua
449 655 637 762 provisio
679 658 788 737 siout
820 651 1036 750 habebam
1077 665 1120 736 et
1161 662 1287 740 etiam

195 781 484 869 considerato,
525 777 638 883 quod
669 779 804 858 dictus
845 781 1040 858 dominus
1081 781 1287 881 Georgius
1427 819 1430 825 ¹

195 902 311 981 dedit
351 901 486 1005 p'rimo
515 901 630 977 dicto
661 895 849 1000 Sayno
878 899 1115 979 'Purcho
1146 903 1288 984 locum

196 1023 390 1110 Scutari,
432 1031 474 1100 et
499 1027 651 1125 postea
687 1021 803 1098 iilum
841 1021 978 1096 eidem
1019 1023 1290 1126 surripuit-et

194 1151 341 1250 postea
382 1143 495 1220 iilum
537 1141 651 1219 dedit
679 1147 826 1218 nostro
871 1139 1082 1232 dominio,
1123 1143 1174 1220 de
1203 1169 1287 1246 quo

195 1267 329 1344 dietus
359 1265 569 1366 laynus
598 1287 683 1341 non
712 1261 820 1341 bene
851 1267 1072 1341 contentus
1099 1275 1290 1366 praeten-

194 1385 296 1463 dens
322 1385 386 1462 ius
401 1383 559 1461 habere
575 1383 616 1459 iu
632 1383 793 1476 eodem
815 1383 929 1470 loco,
958 1407 1168 1486 nunquam
1197 1410 1283 1464 ces·

194 1505 301 1584 sabit
314 1503 472 1581 inferre
500 1501 717 1581 molestias
732 1512 773 1581 et
796 1503 1022 1602 gravitates
1051 1511 1289 1582 eontraere‘

194 1627 274 1706 nisi
301 1627 410 1703 aliud
439 1623 670 1701 remedium
699 1629 948 1726 apponatur.
975 1621 1028 1702 Et
1048 1649 1133 1704 non
1163 1627 1287 1706 iaciat

193 1771 272 1852 pro
300 1750 449 1824 nostro
487 1743 687 1829 dominio,
717 1744 832 1844 quod
860 1743 993 1820 dictus
1023 1745 1145 1824 locus
1172 1747 1282 1825 veni·

195 1877 234 1944 at
249 1867 289 1944 in
306 1891 450 1967 manus
477 1863 604 1964 Sayni
629 1864 779 1941 Turni.
809 1863 934 1942 Va'dit
960 1889 1074 1967 pars:
1104 1891 1183 1970 pro
1214 1871 1284 1944 ho·

192 2011 298 2064 nore
339 1973 473 2065 nostri
515 1984 688 2063 dominii
717 1993 760 2064 et
787 1984 1017 2086 refrigerio
1062 1994 1104 2066 et
1126 1987 1288 2090 soniste

192 2107 454 2187 subditorum
482 2111 725 2183 nostrorum
753 2105 917 2182 illarum
945 2108 1144 2209 partium:
1168 2103 1286 2210 'quod

194 2229 428 2328 collegium.
459 2225 641 2315 domini,
682 2225 1047 2318 consiliariorum,
1089 2229 1284 2333 capitum,

192 2349 426 2452 sapientum
456 2337 620 2426 consilii
649 2353 690 2424 et
719 2345 923 2437 ordinum,
952 2349 1135 2430 habeant
1162 2349 1283 2429 liber·

191 2477 318 2549 tatem
348 2467 553 2554 tractandi
569 2473 612 2544 et
628 2466 906 2546 conveniendi
927 2495 1021 2547 cum
1045 2469 1158 2550 dicto
1190 2469 1286 2574 Say-

191 2620 262 2678 no‚
290 2589 496 2696 perillum
525 2593 737 2668 secretum
764 2577 974 2667 etbonum
1002 2594 1187 2682 modum,
1215 2593 1286 2695 qui

192 2711 413 2819 praedicto
444 2709 630 2808 collegio
658 2709 724 2786 vei
750 2711 900 2788 maiori
928 2711 1036 2812 parti
1062 2710 1286 2802 videbitur,

193 2833 381 2913 etiamsi
411 2855 516 2933 opus
546 2833 627 2922 erit
654 2817 799 2910 iacere
845 2831 1023 2936 aliquam
1054 2857 1285 2936 expensam
1396 2847 1400 2852 ’

192 2978 272 3060 pro
300 2951 554 3057 praedictis,
597 2975 704 3054 quae
745 2953 882 3054 possit
908 2951 998 3038 iieri
1035 2961 1078 3031 et
1105 2955 1284 3056 expendi

191 3076 302 3155 siout
340 3072 575 3157 videbitur,
605 3073 701 3174 quia
729 3075 867 3151 omnia
893 3071 995 3152 fient
1024 3100 1118 3154 oum
1161 3099 1283 3177 quam

193 3193 344 3272 maiori
383 3193 551 3271 honore
582 3197 624 3270 et
651 3192 805 3272 minori
842 3193 1043 3292 gravitate
1085 3193 1177 3272 iieri
1213 3219 1285 3298 po·

191 3315 291 3392 terit
317 3335 396 3414 pro
424 3321 572 3389 nostro
603 3311 827 3389 communi.
1157 3403 1160 3412 .

556 3435 557 3446 ¹
608 3447 703 3513 Misti
727 3447 785 3514 dei
808 3447 948 3516 Senato
976 3447 1082 3514 XLV.
1108 3453 1164 3516 eh.
1187 3453 1239 3516 61.

375 3617 590 3776 CCXV.
619 3641 730 3718 1401.
759 3639 1092 3740 anagasti.

60 3823 63 3833 ‘
191 3817 369 3892 Oaronopn
392 3833 575 3891 nooaaunsy
597 3817 826 3874 Koncrauruna
850 3834 1032 3893 roonopapa
1057 3817 1201 3893 deorrsr'
1225 3839 1275 3880 ae-

189 3925 287 3990 uus,
312 3917 474 3994 cyoisprint’v
493 3923 618 3995 Apa-ry,
643 3939 661 3977 n
685 3922 808 3979 uisroae
833 3939 974 3998 cynpyre
999 3921 1131 3993 (irenes
1157 3941 1280 4001 oeerpe

189 4026 296 4100 hophia
321 4027 464 4094 Bruma,
500 4028 711 4084 aaxrenarohn
735 4041 811 4084 trena
836 4029 1059 4099 uacrnpe‘rsa,
1094 4033 1278 4089 ocrasadsa

207 4145 274 4200 opo
295 4143 461 4203 peneuorn
484 4129 592 4213 poppa
614 4131 736 4187 Basore
759 4128 843 4186 oroi
866 4128 980 4188 onoioi
1004 4149 1126 4208 ceorpu
1150 4133 1267 4192 Gaenu.

293 4262 396 4342 Cum
425 4263 503 4342 iam
519 4255 723 4366 pluribus,
738 4265 886 4343 diebus
915 4267 1201 4369 comparuerit
1227 4270 1278 4345 ad

191 4389 378 4464 nostram
433 4381 710 4485 praesentiam
774 4385 939 4487 quidam
1002 4385 1280 4464 ambassiator
