3236 5108
1169 401 1242 480 m
1390 396 1394 405 .

147 631 288 722 terro,
318 625 488 702 etiooo
518 623 610 720 ejus
639 619 884 696 elevare
922 617 1240 696 vexilluet

147 745 410 843 insignio
438 742 633 821 saneti
663 741 860 824 Marci,
894 751 939 818 nt
965 760 1044 844 per
1071 741 1140 818 itta
1171 764 1240 819 oo·

117 869 372 964 gnoscntur
409 885 507 940 esse
534 859 707 956 nubitis,
751 867 793 936 et
821 859 922 937 eivis
950 859 1241 938 Venetierun'r.

146 986 306 1070 item,
344 983 457 1086 quod
485 983 519 1060 si
547 982 695 1084 aliquis
725 1005 777 1058 ex
814 979 989 1060 subditis
1017 991 1059 1060 et
1087 978 1239 1059 habite·
1330 1027 1335 1037 ·

150 1105 319 1184 toribus
349 1101 762 1206 eontrateprediete‚
789 1125 914 1203 quam
932 1103 1024 1204 ipse
1047 1101 1241 1179 dontinus

148 1225 357 1324 Georgius
398 1223 689 1320 resuervevit‚-
726 1230 770 1300 et
808 1241 887 1326 per
927 1247 975 1300 se
1017 1225 1242 1310 ressetvut,

150 1345 371 1444 aufugeret
385 1351 429 1423 et
444 1347 525 1421 iret
539 1344 588 1421 ed
614 1343 882 1422 habitandum
897 1333 1034 1423 terras
1048 1345 1115 1421 vet
1134 1345 1241 1439 toea,

124 1493 233 1568 ,que
261 1465 352 1566 ipse
381 1465 450 1544 dat
477 1465 614 1544 ducati
642 1467 854 1557 dominio,
895 1467 1011 1567 quod
1049 1460 1110 1543 itti
1139 1464 1243 1541 tates
1336 1455 1339 1462 ’

148 1584 229 1664 sibi
256 1587 422 1664 restitui
450 1584 643 1674 debeant,
668 1593 713 1662 et
743 1585 939 1686 assignari
962 1609 1040 1689 per
1053 1593 1245 1663 rectores

149 1715 192 1786 et
221 1707 431 1786 officiales
459 1709 530 1810 qui
557 1707 615 1785 ibi
644 1707 800 1785 tuerint
831 1731 910 1808 per
937 1705 1084 1785 dueete
1118 1706 1245 1782 dorni·

150 1829 278 1916 nium,
293 1835 337 1906 et
350 1852 474 1905 verso
500 1829 609 1915 viee,
633 1830 669 1905 si
686 1829 835 1930 uliquis
863 1851 915 1905 ex
943 1825 1121 1905 subditis
1149 1853 1245 1905 oon-

152 1955 260 2028 trote
289 1973 411 2050 quum
440 1948 531 2052 ipse
572 1949 642 2026 dot
671 1947 807 2027 ducati
836 1947 1045 2037 dominio,
1076 1947 1244 2046 notinge-

153 2079 219 2148 ret
247 2079 290 2148 et
317 2071 399 2149 iret
428 2069 478 2146 ad
497 2067 771 2173 *habitandum
800 2073 935 2146 terras
971 2071 1039 2146 vei
1066 2069 1160 2147 toea
1188 2069 1244 2170 ip·

9 2249 10 2292 3
151 2193 236 2270 sius
263 2190 423 2269 domini
451 2191 651 2290 Georgii,
680 2214 783 2293 quos
826 2198 976 2292 etque
1004 2212 1155 2296 perse
1184 2213 1246 2266 re·

9 2299 11 2376 i
155 2310 280 2406 tinet,
325 2311 438 2412 quod
466 2311 526 2388 itti
555 2312 661 2389 tates
690 2311 853 2389 restitui
881 2318 924 2388 et
951 2311 1152 2409 assignari
1181 2308 1246 2386 de-

9 2521 10 2536 :
155 2429 284 2506 beant
324 2429 577 2510 otiioiolibns
606 2438 650 2507 et
690 2429 928 2508 rectoribus
971 2425 1128 2508 domiui
1170 2428 1239 2504 du·

10 2561 11 2566 '
154 2553 241 2640 eie,
271 2557 314 2628 et
341 2553 535 2630 comunis
560 2549 850 2636 venetiorum,
877 2553 996 2629 solvo
1024 2549 1059 2627 si
1087 2551 1138 2627 eb
1166 2571 1248 2626 unu

11 2681 13 2701 '
41 2697 46 2712 ·
153 2679 275 2774 porte
303 2673 370 2748 vel
400 2672 450 2746 ob
478 2673 610 2750 attera
638 2671 889 2770 aufugerent
916 2671 1042 2774 aliqui
1069 2695 1150 2774 pro
1180 2670 1248 2748 de·

14 2885 16 2910 Ι
155 2793 257 2874 licto
276 2791 496 2880 criminati,
509 2819 590 2897 per
610 2793 725 2896 quod
740 2793 941 2895 puniendi
967 2793 1250 2897 personaliter

15 2935 16 2940 ‘
154 2914 309 3002 forent,
335 2937 466 3016 quare
494 2915 534 2990 in
561 2914 641 2992 isto
673 2939 773 2993 casu
810 2917 992 3016 predicti
1010 2938 1098 3018 ‘per
1126 2937 1247 2991 unam

16 3049 17 3054 ‘
154 3039 334 3137 portem,
360 3057 498 3137 neque
526 3058 606 3135 per
634 3035 804 3112 atterum
830 3033 1011 3112 debeant
1037 3037 1248 3135 assignari,

19 3259 20 3268 Ν
154 3153 229 3233 sed
258 3152 352 3245 sint,
380 3163 422 3232 et
438 3163 680 3233 remaneant
702 3158 743 3234 in
760 3157 872 3242 loeo,
901 3157 951 3233 ad
980 3179 1106 3258 quern
1135 3156 1247 3254 fuge·

154 3282 263 3382 rent,
294 3274 429 3367 liberi,
445 3281 487 3354 et
500 3277 655 3356 securi.
683 3277 834 3376 Item,
865 3279 977 3381 quod
1004 3279 1096 3380 ipse
1123 3275 1251 3355 domi·

21 3405 23 3468 ς
153 3419 230 3474 nus
260 3397 479 3496 Georgius,
509 3403 552 3472 et
573 3397 639 3475 sui
654 3397 838 3476 heredes
868 3423 922 3475 ex
952 3399 1139 3496 legitimo
1168 3409 1245 3472 tnu-
1330 3485 1334 3491 ¹

23 3569 25 3616 ρ
154 3515 357 3594 trimonio
381 3515 703 3614 descendentes,
720 3517 879 3595 hebere
895 3518 1077 3596 debeant
1091 3517 1142 3594 ob
1157 3517 1250 3616 ipso
1326 3545 1345 3570 ·¹

24 3627 26 3663 ¹
158 3633 335 3714 domino
365 3631 488 3724 duee,
517 3641 560 3712 et
587 3639 759 3715 comuni
784 3637 1068 3726 Venetiorum,
1095 3635 1148 3712 de
1174 3635 1252 3736 pri-

27 3823 28 3856 ρ
156 3755 234 3832 mie
270 3752 524 3853 introitibuS,
555 3757 626 3857 qui
653 3757 923 3836 habebuntur
949 3757 1002 3833 de
1030 3753 1135 3833 locis
1162 3775 1240 3857 pre

28 3933 30 3960 i
156 3873 940 3960 dictis,omniannodueetos
981 3875 1250 3979 mittepro

157 4019 231 4072 soa
259 3993 552 4076 subventione.
608 3995 655 4074 Si
681 4020 784 4075 vere
811 3999 911 4075 dieti
948 3981 1142 4075 introitus
1169 4020 1250 4072 non
1381 4055 1385 4072 .

31 4141 33 4214 3
157 4117 413 4214 attingerent
427 4097 634 4196 eommum
650 4107 1152 4222 predictom'dueatorum
1167 4117 1252 4194 mit·

159 4237 196 4312 ie
225 4237 267 4314 in
296 4252 432 4323 anuo,'
457 4236 559 4318 tuno
589 4239 726 4318 dietus
752 4241 946 4317 dominus
975 4240 1183 4339 Georgius
1212 4243 1254 4312 et

157 4357 219 4433 sui
249 4356 447 4452 heredes,
476 4385 530 4437 ox
560 4361 827 4440 matrimonio
858 4361 1044 4460 tegItimo
1082 4362 1251 4457 descen·

861 4499 865 4508 ·
1003 4483 1043 4544 21
