3220 5118
300 579 396 664 fini,
424 587 467 658 et
494 582 662 661 eolave
689 583 742 660 tle
771 581 865 660 tutti
893 581 907 658 i
934 581 1277 672 nostri'terreni,
1314 605 1391 686 per

294 701 381 780 ohe
409 726 457 780 se
483 705 523 778 in
551 727 644 782 man
673 702 725 782 de
755 703 849 780 altri
877 703 1081 802 riguisse,
1121 707 1203 784 mai
1230 707 1268 783 el
1296 729 1390 782 noa-

300 837 365 901 tro
396 823 600 902 contrado
629 850 715 904 non
743 823 881 902 averia
910 847 1101 926 reposto.
1142 825 1332 930 Respo
1349 851 1392 904 n·

300 940 517 1021 demus:
559 947 671 1046 quod
697 966 840 1022 somus
869 947 1055 1026 contenti
1082 947 1293 1050 etplaoet
1318 971 1389 1024 no⁴

300 1061 375 1152 bis,
403 1064 515 1165 quod
545 1079 639 1143 aas
656 1072 747 1142 tro
763 1089 802 1142 m
829 1063 1040 1142 Budroe
1070 1089 1165 1145 oum
1180 1067 1389 1170 pertinen·

299 1179 365 1262 tiis
393 1193 435 1264 et
464 1183 697 1264 confinibus
725 1185 830 1270 suis.
858 1191 1073 1264 remaneat
1098 1187 1175 1264 sub
1203 1185 1386 1265 comuni·

298 1311 383 1382 tate
412 1313 554 1384 nostra
598 1305 827 1396 Catari,
868 1330 976 1407 quae
1018 1309 1245 1387 comanitas
1289 1307 1389 1384 illud

299 1422 453 1500 debeat
481 1426 697 1504 custodire
721 1424 854 1502 etsub
871 1429 981 1504 bona
1008 1427 1199 1505 custodia
1225 1435 1388 1506 tenere.

398 1544 461 1623 Ad
491 1570 511 1620 s
526 1571 551 1624 e
567 1572 593 1647 p
611 1555 625 1623 t
641 1546 709 1624 im
725 1572 751 1622 u
766 1565 805 1622 m
845 1547 1089 1626 continens:
1115 1545 1388 1651 Suplielremo

298 1662 377 1740 ohe
407 1665 444 1742 la
473 1674 615 1744 vostra
643 1667 766 1766 ‹logal
794 1665 995 1767 signoria,
1023 1692 1046 1745 a
1073 1669 1285 1770 proreder
1310 1691 1389 1770 per

297 1776 310 1852 ἰ
336 1785 471 1863 nostri
499 1784 811 1872 zentilhomeni,
839 1786 969 1888 iqual
998 1811 1105 1866 sono
1134 1787 1387 1890 inprixonati

297 1929 320 1983 a
359 1903 610 1984 vaivoda
652 1903 923 1996 Sandali,
962 1915 1005 1985 et
1031 1907 1210 1986 inferadi
1237 1933 1318 2009 per
1345 1909 1385 1986 le

295 2045 415 2102 mane
444 2051 468 2102 e
495 2049 573 2128 per
600 2027 613 2100 i
640 2025 778 2130 piedi‚
807 2050 885 2128 per
913 2026 950 2104 si
978 2027 1061 2106 lato
1092 2026 1275 2114 mnodo,
1302 2027 1383 2108 ohe

296 2147 324 2222 li
351 2147 545 2250 povereti
586 2146 889 2240 siano‘liberh
931 2149 974 2226 lo
1016 2151 1128 2228 meio
1169 2149 1251 2228 ohe
1288 2173 1312 2226 a
1348 2151 1386 2226 la

295 2269 434 2344 vostra
462 2267 649 2366 signoria
675 2291 765 2371 par,
792 2293 873 2372 per
898 2268 978 2346 ohe
1003 2293 1051 2346 ee
1077 2293 1157 2373 per
1182 2269 1252 2349 dio
1268 2293 1292 2346 e
1309 2288 1388 2374 per

295 2387 333 2468 la
361 2391 504 2466 rostra
532 2389 663 2486 gretia
692 2413 777 2468 non
805 2413 957 2468 sarano
987 2388 1123 2479 liberi,
1149 2391 1206 2467 eli
1234 2391 1322 2468 lara
1348 2391 1386 2466 la

294 2507 360 2585 lor
387 2508 440 2586 lin
471 2509 524 2588 la.
579 2508 1049 2610 Respondemus,
1094 2511 1205 2611 quod
1245 2535 1387 2590 sumus

294 2628 483 2706 contenti
509 2627 699 2706 scribere
729 2629 843 2706 dioto
887 2629 1109 2706 Sandali
1136 2631 1176 2708 in
1207 2631 1317 2709 bona
1345 2639 1388 2710 et

294 2747 521 2828 sufficienti
550 2747 710 2846 torma,
764 2771 844 2852 pro
887 2750 1137 2828 liberatione
1178 2750 1385 2830 dictorum

292 2891 465 2946 suorum
499 2871 664 2957 civium,
691 2876 734 2946 et
760 2893 840 2972 pro
871 2892 1020 2948 eorum
1050 2869 1298 2950 liberatione
1328 2873 1383 2950 lo·

294 2988 378 3066 cuti
418 2987 568 3064 fuimus
608 3011 704 3064 oum
733 2987 1101 3066 ambassiatoribus
1142 2986 1384 3066 Sandali

293 3118 336 3184 et
375 3129 470 3185 oum
511 3107 885 3186 ambassiatoribns
948 3107 1169 3186 domini
1221 3108 1385 3207 regis

293 3226 571 3312 Bossinae,
612 3227 679 3327 qui
708 3227 878 3305 fuerunt
907 3227 955 3305 ad
984 3227 1263 3330 praesentiam
1292 3249 1383 3304 nos·

293 3361 413 3440 tram,
441 3373 517 3426 eos
545 3351 747 3428 instanter
774 3361 996 3448 rogantes.
1024 3357 1069 3428 ot
1094 3373 1228 3452 penes
1257 3347 1382 3426 domi·

292 3493 372 3548 nos
410 3495 509 3546 snos
550 3477 829 3572 procurarent
856 3476 901 3548 et
927 3469 1205 3549 sollicitarent
1241 3466 1385 3546 libara-

138 3640 141 3648 -
292 3589 450 3668 tionem
480 3589 690 3668 dictorum
720 3590 886 3670 civium.

394 3709 458 3788 Ad
488 3735 513 3786 o
532 3717 757 3789 atavum
788 3709 1020 3789 continens:
1049 3707 1324 3812 Supliolremo
1346 3709 1384 3786 la

171 3863 177 3878 ·
292 3837 434 3910 rostra
462 3830 622 3931 gratia,
663 3853 742 3934 per
770 3831 917 3910 cheir
946 3840 1092 3932 questa
1119 3821 1249 3934 parte
1268 3852 1316 3906 ae
1343 3829 1383 3928 fa

292 3949 378 4054 plui
404 3974 560 4050 guerra
590 3951 697 4030 elnon
726 3951 870 4030 denari
903 3951 1066 4060 apollon
1107 3951 1261 4054 panni,
1303 3949 1383 4028 ohe

294 4093 375 4151 con
402 4080 538 4170 rente,
568 4097 592 4146 e
619 4097 695 4178 per
725 4073 763 4154 lo
793 4099 845 4151 ve
872 4075 990 4175 piaza
1017 4074 1193 4196 mandor
1220 4072 1261 4149 in
1289 4091 1381 4148 man

293 4196 346 4272 de
373 4192 500 4274 miser
528 4191 732 4290 locante,
759 4193 1037 4295 aloqueoento
1064 4189 1384 4295 dueatidepaa·
