3228 5108
336 361 400 432 m

337 559 521 648 batione.
574 567 627 646 nt
662 566 826 670 quidam
868 573 1015 644 noster
1056 563 1215 646 baiulus
1252 567 1427 662 scribat,

338 688 449 790 quod
489 687 626 768 dictae
668 688 861 766 dominae
903 685 1090 767 Helenae
1135 700 1178 766 et
1217 689 1308 765 viro
1337 713 1427 768 ‘sno

339 807 614 886 Constantino
640 806 754 885 dedit
782 805 923 885 omnia
939 831 1046 908 quae
1062 807 1324 886 dimittuntur
1349 833 1429 912 per

338 909 493 1031 dictum
535 929 826 1006 testamentum
857 937 900 1004 et
926 925 1027 1006 lecit
1046 931 1117 1024 ,lus
1147 929 1234 1014 eis:
1264 951 1350 1006 non
1375 929 1430 1005 vi·

337 1046 484 1124 demus
512 1050 625 1148 quod
654 1069 748 1124 cum
777 1049 945 1125 honore
986 1053 1134 1126 nostro
1164 1058 1206 1126 et
1235 1046 1429 1126 observa·

335 1168 450 1246 tione
470 1166 578 1265 juris
607 1175 648 1245 et
667 1168 852 1268 Justittae
880 1167 1089 1270 possimus
1119 1166 1227 1245 aliud
1255 1191 1429 1272 respon·

337 1284 439 1362 dere
469 1287 508 1362 ei
537 1282 801 1389 superdicta
843 1293 962 1388 parte
975 1346 993 1392 ‚t
1029 1286 1103 1366 nisi
1133 1288 1245 1389 quod
1273 1281 1427 1363 scribe·

337 1429 428 1481 mus
457 1405 647 1505 regimini
673 1415 821 1484 nostro
851 1393 1051 1485 Duraobii
1079 1407 1337 1512 peticionem
1365 1429 1428 1480 su-

338 1550 416 1619 am,
445 1535 486 1604 et
513 1526 797 1604 mandabimus
826 1529 864 1604 ei
882 1551 1112 1630 expresse,
1136 1525 1249 1630 quod
1278 1525 1428 1602 exami·

338 1653 409 1724 net
435 1643 661 1746 diligenter
688 1656 730 1726 et
757 1655 919 1726 mature
941 1651 1037 1746 jura
1066 1647 1203 1727 dictae
1233 1643 1428 1724 dominae

338 1765 540 1853 Helenae,
557 1776 708 1846 etcum
739 1768 1013 1872 expeditione
1041 1767 1166 1845 faciat
1192 1766 1330 1844 dictae
1359 1765 1427 1842 do·

339 1887 474 1965 minae
502 1886 691 1965 Helenae
719 1888 807 1964 sive
835 1911 912 1966 suo
946 1884 1220 1988 procuratori
1251 1883 1358 1982 juris
1386 1890 1429 1962 et

330 2009 525 2110 justiciae
555 2011 922 2112 complementum,
940 2017 981 2086 et
995 2008 1036 2084 in
1052 2031 1150 2086 casu
1166 2030 1250 2108 quo
1273 2007 1428 2085 dictum

339 2141 530 2231 nostrum
572 2131 762 2230 regimen
820 2137 1053 2229 cognoscat
1092 2131 1145 2206 de
1180 2130 1278 2227 jure
1319 2127 1430 2205 dicta
1526 2173 1531 2180 -

339 2252 450 2330 bona
479 2251 615 2330 eidem
630 2251 823 2330 dominae
852 2252 1039 2330 Helenae
1068 2258 1275 2352 spectare,
1305 2245 1429 2325 debe·
1498 2335 1503 2345 ,

340 2381 381 2452 at
409 2373 546 2452 eidem
572 2373 661 2474 ipsa
688 2369 892 2473 assignari
919 2381 960 2450 et
989 2371 1075 2447 dari
1106 2371 1264 2449 lacere.
1299 2367 1429 2467 Quan-

339 2497 395 2572 do
420 2517 524 2571 vero
554 2495 769 2572 videretur
797 2494 919 2572 aliter
946 2493 1061 2570 dicto
1090 2498 1236 2569 nostro
1268 2489 1431 2590 regimi-
1529 2555 1532 2560 .

339 2615 393 2709 ni,
421 2615 541 2693 nobis
570 2615 729 2694 scribat
756 2616 1104 2692 examinationem
1143 2637 1264 2714 quam
1282 2611 1432 2688 lecerit

224 2781 227 2790 Δ
342 2747 384 2815 et
411 2757 561 2840 parere
589 2761 709 2814 suum
738 2737 778 2813 in
807 2735 923 2813 dicto
962 2735 1096 2826 lacto,
1126 2733 1238 2835 quod
1279 2738 1431 2832 postea

339 2857 655 2960 providebimus
694 2865 822 2960 prout
857 2854 979 2934 nobis
1016 2850 1236 2932 videbitur.
1290 2853 1344 2931 Et
1368 2853 1430 2933 sic

341 2976 549 3053 scribatur
577 2987 620 3054 et
645 2978 866 3054 mandetur
903 2975 1015 3055 dicto
1053 2983 1198 3052 nostro
1239 2973 1430 3073 regimini

340 3103 539 3200 utsupra
566 3097 720 3174 dictum
750 3105 824 3174 est.
864 3094 1125 3194 lncargaudo
1154 3093 1309 3172 dictum
1338 3093 1431 3172 nos·-
1474 3159 1477 3164 .

342 3225 452 3293 trum
480 3217 691 3322 regimen,
738 3218 850 3319 quod
881 3239 977 3294 crim
1008 3215 1119 3293 omui
1148 3213 1363 3314 diligentia
1390 3221 1432 3292 et

342 3341 502 3414 matura
531 3337 841 3415 examinatione
869 3336 1034 3415 studeat
1075 3333 1301 3438 inquirere,
1327 3335 1362 3409 si
1390 3333 1431 3411 id
1566 3431 1569 3439 Ι

343 3458 456 3559 quod
483 3459 588 3561 petit
628 3457 738 3535 dicta
781 3455 948 3536 domina
988 3454 1151 3533 Helena
1180 3463 1243 3534 est
1283 3449 1429 3530 verum

342 3585 385 3655 et
405 3578 571 3670 iustum,
599 3577 694 3681 quia
720 3600 909 3656 essemus
937 3577 1059 3654 valde
1088 3575 1288 3664 contenti,
1317 3575 1430 3675 quod

343 3696 522 3777 habente
550 3701 637 3802 ipsa
659 3703 729 3799 jus
756 3699 878 3778 lieret
907 3699 1071 3788 taliter,
1111 3696 1225 3800 qued
1254 3694 1431 3775 baberet
1516 3721 1518 3726 ·

343 3841 511 3896 causam
551 3817 721 3898 amicari
757 3817 879 3897 nobis
908 3826 950 3894 et
978 3821 1086 3896 bene
1114 3822 1297 3896 tractare
1336 3839 1430 3895 nos·

336 3946 434 4016 tros
461 3939 606 4018 fideles
640 3939 817 4026 deinde,
859 3938 1055 4016 avisando
1096 3946 1233 4016 tamen
1275 3937 1429 4015 dictum

343 4069 533 4140 nostrum
563 4063 776 4163 regimen·
798 4060 911 4164 quod
938 4061 1093 4139 habeat
1119 4059 1427 4139 bonamadver·

344 4184 527 4266 tentiam,
551 4183 669 4283 -quod
698 4183 896 4263 dictus
925 4179 1337 4260 Constantinus
1364 4177 1429 4255 vel

345 4304 452 4382 dicta
481 4303 690 4381 domina
718 4301 919 4381 Helena
947 4304 1012 4380 vel
1037 4309 1183 4402 gentes
1210 4325 1332 4392 suae·
1349 4299 1428 4377 sub
