3212 5116
9 739 10 742 p
144 646 383 726 remanebit
410 645 464 724 ob
492 645 703 727 deiectum
736 646 914 726 similem
941 647 1005 728 ire
1032 671 1125 728 non·
1143 671 1237 752 pos·

141 771 221 850 set,
250 766 354 844 alins
393 767 542 844 tertius
579 767 704 843 vadat
731 773 774 844 et
800 773 1037 869 exequatur
1075 768 1237 847 manda·

141 895 230 966 tum
257 895 448 967 nostrum
475 888 751 991 praedictum.

244 1061 482 1164 Approbati
522 1063 689 1142 fuerunt
735 1062 981 1168 provisores
1029 1062 1236 1168 praedicti

140 1183 193 1259 ad
209 1205 335 1260 unum
363 1179 423 1260 ad'
440 1209 579 1261 unum.
609 1183 663 1261 Sr
675 1182 862 1263 dacobus
879 1183 1089 1288 Delphino
1108 1191 1235 1280 imus,

140 1299 195 1380 Sr
220 1301 427 1381 Dominio.
455 1303 637 1433 Michaei
661 1303 779 1404 2dns,
809 1302 865 1381 Sr
893 1303 1099 1406 Mapheus
1126 1291 1234 1383 Con·

140 1431 289 1502 tareno
318 1423 418 1502 iius.

521 1525 617 1594 Misti
640 1525 699 1594 dei
722 1526 863 1594 senato
891 1525 1035 1594 xxvii.
1057 1525 1115 1592 ch.
1139 1527 1191 1595 39.

182 1731 303 1830 CX·
332 1753 442 1830 1355.
469 1749 670 1830 indict.
696 1749 766 1829 lx.
793 1753 828 1828 7.
857 1750 1196 1831 Decembris

140 1963 363 2022 iiacnaaaosn
398 1976 550 2020 nocaaro
572 1961 691 2036 tirosy
725 1963 884 2037 deeora!
921 1967 1117 2037 noceam!
1148 1975 1233 2034 nora

245 2083 350 2144 apaan
376 2065 569 2143 cpoorm,
591 2069 719 2143 caspie
743 2081 783 2126 ce
806 2083 955 2144 capraea
977 2067 1088 2146 liance
1111 2083 1130 2124 ι

599 2176 782 2248 cmmma

10 2413 11 2416 a
243 2340 387 2443 Capta:
414 2340 536 2440 Quod
562 2341 772 2421 scribatur
790 2337 856 2418 Sr.
883 2337 1095 2419 Jacobo
1123 2339 1233 2418 Dei·

9 2475 10 2550 ξ
137 2462 250 2539 tino
291 2459 505 2562 provisori
541 2467 584 2540 et
624 2460 885 2540 ambaxatori
929 2467 1076 2538 nostro
1116 2459 1230 2539 ituro

9 2581 10 2664 j
138 2585 188 2660 ad
229 2589 373 2687 partes
409 2581 609 2674 Rasciae,
649 2585 762 2686 quod
802 2583 1029 2662 inteiiectis
1067 2581 1232 2669 litteris,

9 2751 10 2790 ³
137 2702 276 2792 missis
304 2702 427 2781 nobis
455 2728 535 2807 per
562 2729 659 2782 oum
687 2710 731 2782 et
757 2703 928 2792 socios,
956 2701 1062 2781 datis
1089 2700 1231 2804 Spale-

9 2849 11 2926 ζ
138 2825 167 2901 ti
205 2821 274 2902 die
314 2821 444 2902 xvii.
484 2823 743 2914 Novembris,
783 2825 1039 2904 mentionem
1079 2821 1231 2924 agenti·
1332 2829 1335 2838 '

50 2937 56 2944 ’
138 2945 214 3023 bus
257 2943 609 3026 deamhaxatore
650 2947 872 3026 domini
911 2943 1077 3045 regis
1110 2943 1232 3019 iias·

138 3068 273 3148 ciae
314 3073 494 3146 venturo
535 3053 586 3144 ad
626 3090 704 3145 nos
731 3073 774 3146 et
802 3092 836 3145 c.
894 3065 1138 3146 Mandemus
1179 3065 1231 3152 ei,

141 3193 348 3290 quatenus
389 3187 424 3263 si
452 3187 637 3264 nondum
678 3185 926 3265 recessisset
958 3184 1011 3264 de
1040 3183 1230 3288 Spole·

140 3317 210 3396 to,
237 3328 415 3385 seu'non
442 3306 638 3386 transiset
651 3305 684 3382 R
699 3330 722 3384 a
738 3329 831 3406 gns
846 3306 858 3384 i
872 3331 898 3384 u
914 3329 954 3384 m
980 3329 1061 3410 pro
1091 3304 1230 3384 eundo

140 3431 189 3508 ad
203 3428 489 3532 praesentiam
504 3426 707 3531 regis,pro
724 3427 976 3529 exequendo
992 3427 1231 3506 mandatum
1280 3447 1283 3454 ’

139 3555 347 3641 nostrum,
371 3546 524 3627 debeat
549 3549 592 3628 in
608 3548 804 3652 Bagusio‚
818 3549 886 3626 vei
901 3546 972 3626 ubi
1000 3571 1046 3626 se
1061 3567 1232 3649 repere·

140 3669 193 3749 rit
231 3671 398 3771 quando
427 3669 605 3774 recipiet
643 3671 729 3752 hoc
765 3670 1001 3750 mandatum
1028 3674 1229 3761 nostrum,
1298 3763 1307 3780 ·

137 3790 400 3896 suspendere
425 3789 534 3870 riam
573 3817 701 3890 suam,
732 3802 774 3873 et
799 3815 883 3870 non
910 3791 974 3868 ire
1014 3788 1145 3890 magis
1172 3788 1229 3866 nl·

9 3923 10 3948 ¹
137 3923 216 4013 tra,
245 3911 383 3991 donec
410 3935 432 3987 a
459 3915 583 3992 nohis
610 3913 721 3992 atiud
756 3910 972 4016 receperit
997 3909 1039 3989 in
1066 3910 1228 3990 manda·

9 4081 11 4110 t
137 4035 201 4112 tis.
259 4032 307 4110 in
334 4057 433 4111 casu
460 4054 574 4114 vero'
595 4059 680 4135 quo
702 4036 788 4132 jam
817 4031 1035 4112 transisset
1061 4029 1228 4132 Ragusi·

9 4165 11 4208 t
139 4159 280 4232 umet
311 4153 549 4257 apiicnisset
590 4151 818 4233 incuriam
858 4152 969 4252 regis
1009 4151 1227 4255 praedicti,

9 4299 11 4404 ζ
142 4274 388 4352 sinendum
416 4296 465 4354 se
505 4275 757 4377 elargaverit
789 4281 832 4356 et
858 4297 942 4354 non
983 4270 1132 4352 fecerit
1158 4269 1224 4352 aii·
