3236 5108
1194 325 1198 338 s

1203 345 1269 416 m
1376 397 1380 408 1

15 509 17 520 ,
170 559 375 644 taremus,
390 561 530 634 tamen
548 550 743 634 omnihus
772 552 1068 650 consideratis,
1097 560 1268 657 etprae-

15 749 16 768 Ν
170 673 299 778 cipue
340 673 556 777 quomodo
598 679 808 774 partes
849 673 1082 754 Basaiti
1116 675 1267 754 moles·

169 805 316 876 tantur
344 797 625 898 adpraesens
653 797 705 872 ab
734 793 1268 896 imperatoreTar·

170 925 455 1006 tororum,
497 939 582 994 non
610 917 778 994 videtur
805 913 939 1012 nobis,
969 917 1084 1016 quod
1111 914 1267 994 sereni·

170 1047 237 1118 tas
265 1062 339 1116 sua
366 1035 518 1116 habeat
536 1034 685 1114 taliter
713 1035 921 1134 dubitare,
945 1037 1063 1138 quod
1089 1061 1170 1140 pro
1198 1037 1266 1118 ali·

169 1181 255 1260 qua
285 1155 701 1240 conditione‘mundi
729 1154 881 1234 debent
908 1155 1097 1256 cogitare
1124 1155 1176 1232 dc
1197 1181 1266 1235 vc·
1344 1229 1347 1240 .

171 1278 302 1356 lendo
331 1303 377 1356 se
407 1277 632 1356 absentare
661 1299 684 1350 a
711 1277 816 1356 sede
843 1300 941 1364 stra,
981 1297 1075 1352 nam
1103 1275 1270 1356 manife-

43 1425 47 1438 ·
169 1406 236 1476 ste
265 1399 576 1498 cognoscimus,
606 1400 719 1500 quod
748 1396 845 1477 talis
860 1421 934 1474 sua
949 1399 1184 1476 absentatio
1213 1399 1265 1476 ab

171 1519 353 1622 imperio
383 1529 425 1598 et
452 1519 553 1598 sede
588 1543 664 1597 sua
701 1525 813 1597 esset
855 1517 988 1596 finalis
1031 1517 1264 1598 destructio

170 1628 337 1742 imperit
351 1639 428 1732 sui,
445 1647 487 1718 ct
501 1639 612 1720 illius
628 1639 935 1720 famosissimae
951 1637 1143 1728 civitatis;
1169 1636 1264 1740 quia

170 1763 224 1840 de
253 1761 442 1861 presenti
470 1769 540 1838 aut
567 1763 905 1862 imperator
931 1759 1263 1839 Turchcrum

170 1879 463 1960 dominaretur
504 1880 641 1960 cidem
671 1891 713 1960 et
754 1891 853 1962 tunc
895 1883 1081 1960 ruuinari
1120 1904 1265 1960 muros

170 2002 356 2089 laceret,
386 2011 430 2080 et
456 2002 558 2080 alias
583 2001 855 2105 provisiones
883 2025 961 2107 per
989 2026 1091 2106 quas
1119 1999 1263 2080 civitas

170 2127 285 2200 esset
314 2145 367 2199 ex
396 2129 489 2200 toto
518 2121 705 2214 deserta,
734 2131 811 2200 aut·
831 2121 957 2200 alium
986 2121 1041 2199 ibi
1069 2127 1263 2226 poneret,

169 2266 248 2344 per
276 2241 449 2322 modum
478 2246 590 2344 quod
611 2269 698 2322 non
714 2251 827 2322 esset
853 2242 1119 2348 sperandum.
1147 2241 1262 2344 quod

167 2362 347 2466 amplius
383 2363 609 2467 imperium
651 2391 771 2444 suum
801 2363 963 2444 rediret
990 2363 1032 2442 in
1073 2359 1263 2442 manibus

167 2485 254 2564 suis
280 2509 362 2564 nco
387 2487 429 2564 in
458 2461 817 2574 Christianorum:
846 2493 889 2566 et
914 2494 1144 2592 propterea
1173 2508 1261 2564 sua·

167 2608 318 2686 demus
344 2607 551 2710 imperiali
580 2610 860 2718 excellentiae
890 2635 992 2687 suae
1022 2631 1120 2688 cum
1135 2605 1261 2685 maxi·

169 2751 236 2806 mn
277 2727 453 2808 carltate
479 2738 524 2808 et
550 2729 660 2817 lide,
702 2730 817 2834 quod
862 2731 1028 2837 penitus
1070 2725 1262 2807 extrahat

167 2851 255 2928 hoc
282 2847 335 2924 de
376 2855 517 2928 mente
558 2873 655 2936 sua,
684 2859 726 2929 et
767 2849 880 2953 quod
909 2875 956 2929 se
984 2849 1182 2952 disponat
1209 2846 1259 2962 ad

71 3013 77 3028 ·
169 2969 505 3056 conservandum
532 2993 579 3050 sc
599 2979 642 3048 et
655 2979 807 3050 statum
835 2995 954 3048 suum
983 2975 1025 3048 et
1052 2967 1102 3046 ad
1129 2987 1261 3045 rema·

98 3145 101 3151 -
168 3089 352 3168 nendum
406 3092 447 3170 in
485 3091 589 3169 sede
632 3115 730 3184 sua,
785 3094 996 3198 sperando
1039 3094 1078 3169 in
1120 3089 1259 3168 divina
1381 3085 1386 3098 '

168 3211 416 3310 clementia,
461 3213 575 3316 quod
627 3213 997 3292 illuminabit
1045 3211 1262 3290 taliter

168 3335 653 3413 mentesetcorda
697 3333 1259 3412 Cathcllcorumre·

167 3475 289 3551 gum
319 3461 373 3531 et
412 3453 773 3555 principum,
813 3445 1260 3555 quodunanimi·

168 3583 261 3651 ter
300 3583 356 3651 et
398 3581 686 3677 potenter
726 3599 786 3651 se
827 3575 1155 3677 disponent
1196 3566 1259 3644 ad

163 3696 607 3800 providendum
647 3697 962 3775 conservationi
991 3717 1093 3770 suae
1124 3700 1166 3768 et
1194 3689 1259 3766 sui

166 3817 334 3921 imperii
375 3841 425 3896 ac
463 3820 642 3897 nominis
682 3794 923 3906 Christiana
964 3825 1131 3894 etcum
1174 3809 1256 3890 hiis

166 3949 207 4018 et
236 3938 325 4016 aliis
362 3939 564 4020 similibus
601 3939 745 4018 verbis
786 3941 941 4017 debeat
980 3937 1071 4040 ipse
1112 3939 1278 4012 noster·

118 4143 125 4162 ,
166 4061 424 4140 vicebaiulus
452 4061 631 4140 suadere
664 4061 836 4138 domino
865 4055 1110 4164 imperatori
1137 4075 1253 4159 prac-

164 4182 299 4270 dictc‚
338 4181 450 4283 quod
478 4207 562 4262 non
603 4209 651 4260 se
679 4189 849 4286 separet
876 4182 927 4258 ab
957 4179 1135 4283 imperio
1164 4201 1257 4264 suo,

165 4301 241 4382 scd
270 4301 385 4404 quod
412 4311 628 4382 remaneat
651 4307 698 4382 et
727 4326 774 4380 se
804 4307 1054 4389 conservet,
1083 4306 1128 4377 ut
1156 4293 1257 4374 fecit
