3220 5118
1057 395 1063 422 ·
1186 387 1253 458 ιι

263 515 269 524 ⁵
326 565 718 678 cmxxxix·
743 595 851 674 mr.
872 599 915 686 a.
942 593 1090 676 uati.
1134 675 1137 684 ,

259 843 475 900 armauere
499 857 661 917 saueruy
683 841 795 916 aym
818 843 940 916 rcsyte
964 858 1003 900 ce
1026 844 1160 903 lisama.

601 939 816 1028 (Capsina.)

262 1185 382 1285 Quod
409 1183 480 1263 liat
502 1187 702 1264 comissio
731 1184 861 1265 nobili
888 1188 981 1266 viro
1009 1213 1081 1266 ser
1106 1186 1255 1266 Jaco-

162 1305 220 1382 bo
247 1303 390 1386 Triv
405 1307 418 1385 i
434 1333 454 1384 s
469 1329 491 1382 a
506 1333 532 1384 u
549 1329 589 1389 o.
618 1307 844 1408 capitaneo·
868 1305 1056 1408 generali
1086 1303 1254 1414 calphi,

29 1419 30 1472 ³
164 1433 208 1506 ut
231 1427 353 1507 iufra.
394 1427 478 1504 Nos
505 1422 693 1505 Thomas
721 1425 948 1530 Mocenigo
978 1435 1048 1508 etc
1052 1487 1253 1510 ......

28 1623 29 1662 ᾖ
160 1611 168 1626 .
198 1609 207 1627 .
236 1609 247 1628 .
275 1547 414 1630 Factis
445 1547 817 1628 deliberationibus
846 1549 1008 1629 etdatis
1036 1546 1254 1630 ordinibus

158 1671 469 1774 suprascriptis,
498 1671 696 1749 volumus
724 1671 839 1772 quod
867 1671 931 1748 ire
959 1669 1116 1749 debeas
1144 1671 1253 1752 Scu-

157 1795 341 1875 tarum.
369 1789 507 1868 eundo
534 1814 669 1892 usque
696 1795 963 1869 sanctum
993 1787 1252 1883 Serninus,

156 1933 236 2012 pro
278 1909 516 1988 visitatione
545 1908 741 1989 locorum
769 1915 812 1986 et
840 1909 1039 1988 conforto
1068 1903 1251 1991 subdito·

156 2053 248 2107 rum
277 2037 534 2120 nostrorum,
561 2027 824 2108 informando
855 2036 897 2108 te
921 2036 1129 2107 erectore
1157 2055 1250 2109 nos·
1286 2127 1291 2138 η

156 2159 224 2227 tro
255 2143 436 2239 Scutari,
460 2151 513 2228 de
541 2150 662 2228 novis
690 2149 885 2228 omnibus
913 2147 1248 2244 occurrentibus,

156 2277 200 2348 et
227 2273 340 2374 quod
382 2273 434 2352 sit
461 2267 648 2349 solicitus
689 2275 731 2349 et
756 2267 900 2371 vigilet
941 2271 993 2347 ad
1033 2268 1251 2351 utilitatem

157 2391 200 2470 el
226 2394 450 2473 comodum
480 2393 673 2472 locorum
702 2399 960 2486 nostrorum,
978 2417 1056 2493 pro
1084 2389 1252 2506 honore

157 2519 201 2590 et
228 2521 338 2593 statu
354 2513 489 2594 nostri
517 2513 704 2606 dominii;
721 2509 811 2594 etsi
828 2539 949 2595 casus
977 2514 1109 2602 daret,
1138 2517 1251 2617 quod

157 2634 341 2711 essendo
369 2635 408 2712 iu
451 2635 735 2717 ilumeris
776 2633 1035 2722 Scirtari,
1076 2629 1253 2716 Balsa

40 2747 45 2761 '
155 2751 320 2834 veniret
347 2757 397 2834 ad
420 2757 681 2861 colloquium
710 2765 865 2849 tecum,
892 2755 960 2835 vel
988 2755 1168 2860 aliquem
1197 2783 1252 2837 ex
1353 2773 1358 2782 '

20 2877 21 2899 ³
157 2877 243 2954 suis
270 2875 482 2968 mitteret,
518 2877 676 2958 debeas
706 2904 800 2957 cum
828 2878 920 2983 ipso
949 2879 1018 2957 vel
1047 2901 1143 2958 cum
1170 2879 1254 2960 suls

156 2996 217 3074 uti
245 2997 368 3076 bonis
407 3007 449 3078 et
476 2996 764 3078 amicabilibus
803 2993 969 3085 verbis,
1013 3024 1119 3102 quae
1157 3007 1253 3078 tuae

157 3115 385 3222 sapientiae
413 3117 691 3209 videbuntur,
733 3125 777 3198 ut
805 3117 941 3199 dictus
981 3115 1157 3197 Balsa
1184 3119 1252 3198 ba·

161 3232 256 3316 beat
284 3263 472 3336 causam,
502 3239 802 3342 perseverandi
830 3238 869 3316 iu
897 3235 1184 3318 benivolentia
1212 3247 1255 3320 et

159 3382 267 3462 pace
295 3355 544 3450 nobiscum3
585 3361 689 3439 etsi
717 3358 815 3462 quid
845 3363 959 3437 esset
984 3359 1051 3436 vel
1078 3383 1252 3439 occure·

18 3539 20 3598 ζ
161 3484 226 3555 ret
253 3479 380 3566 uovi,
407 3479 575 3558 studeas
602 3478 726 3557 uobis
754 3473 1018 3577 significare,
1047 3502 1133 3556 nou
1161 3503 1254 3581 pos·

18 3611 20 3704 [
161 3597 294 3679 sendo
323 3607 434 3680 stare
462 3601 504 3680 iu
535 3601 649 3681 dicto
680 3602 775 3682 loca
803 3602 915 3680 ultra
943 3609 1030 3680 tres
1057 3601 1162 3680 dies.

456 3791 562 3857 Seer.
585 3791 697 3860 Cons-
720 3793 851 3880 Rogat.
876 3789 952 3857 Lib.
973 3789 1035 3856 Vl.
1057 3791 1114 3856 ob.
1139 3791 1211 3856 loa.
1343 3895 1348 3906 υ
