3212 5116
337 595 482 674 lidcles
497 593 729 673 honoribus
750 595 987 698 prevenire,
1003 597 1278 702 ipsorumque
1293 597 1429 690 iidem,

339 726 381 796 et
420 718 691 796 devotionem
740 717 874 818 dignis
928 718 1275 800 retributionibus
1318 745 1429 801 com·

336 851 529 942 pensare,
557 863 607 919 ac
635 840 746 943 ipsas
775 839 983 918 dotalibus
1020 842 1234 921 favoribus
1263 844 1429 923 conval-

337 960 437 1052 lare,
466 963 507 1038 et
532 959 759 1061 petitiones
788 981 931 1036 earum
960 961 1172 1041 liberalius
1212 964 1429 1053 exaudire,

339 1087 493 1180 quanto
522 1076 704 1157 delectui
733 1085 876 1155 nostro
906 1077 1149 1160 devotiores
1179 1081 1258 1161 fide
1273 1092 1317 1162 et
1332 1109 1429 1188 ope·

340 1204 456 1282 ribus
482 1225 528 1278 se
571 1199 804 1277 ostendunt.
857 1202 1134 1283 Attendentes
1171 1204 1295 1306 igitur
1330 1205 1430 1282 mul·

339 1321 492 1438 tiplicis
522 1317 617 1397 fidei
654 1319 879 1422 puritatem
907 1328 949 1397 et
976 1320 1212 1402 devotionis
1253 1326 1430 1428 plenitu-

338 1441 477 1518 dinem
514 1463 637 1542 quam
679 1438 862 1515 illustres
890 1446 932 1515 et
958 1442 1167 1540 magnifici
1208 1442 1232 1519 d
1250 1443 1428 1522 omini

337 1559 603 1640 Tuertco
631 1559 724 1637 dei
752 1559 948 1658 gratia
988 1563 1429 1641 totiusBosinc

338 1683 528 1766 banus,
559 1703 757 1758 comes
788 1678 1100 1780 Wolfejus
1137 1683 1343 1781 irater,
1374 1691 1431 1760 ct

337 1803 563 1881 Helena
604 1797 1131 1881 comitissaeorum
1160 1800 1427 1902 genitrix,

337 1923 389 2000 ad
415 1929 561 2001 nostre
601 1918 889 2019 magnitudinis
931 1923 1226 2002 excellentiam
1268 1923 1429 1999 habore

335 2043 541 2149 promptis
570 2041 788 2120 affectibus
811 2066 858 2119 se
888 2043 1126 2130 ostendunt,
1154 2042 1279 2146 quiin
1308 2065 1429 2142 agen·
1505 2104 1523 2133 ,

336 2166 399 2244 dis
439 2189 514 2244 nos
544 2167 740 2242 ducatum
789 2171 978 2241 nostrum
1008 2171 1051 2241 ct
1077 2166 1308 2264 singulares
1338 2185 1428 2265 per·

335 2312 460 2366 sonas
475 2287 661 2364 Venetas
692 2281 966 2382 tangentibus,
994 2283 1173 2366 devotos
1189 2293 1231 2364 et
1258 2307 1427 2388 promp-

335 2417 403 2487 tos
429 2431 476 2484 sc
504 2407 766 2484 incessanter
793 2406 1055 2506 prebuerunt
1080 2403 1346 2484 laudabiliter
1373 2409 1428 2482 at-

336 2555 418 2632 que
446 2529 640 2633 prebent,
669 2549 819 2604 eorum
860 2526 1209 2628 suplicationibus
1237 2525 1426 2627 gratiosi-

335 2678 384 2730 us
428 2653 654 2732 abuentes,
707 2645 823 2750 ipsos
868 2652 910 2724 et
949 2648 1139 2750 ipsorum
1195 2645 1428 2750 quemlibet

336 2796 431 2852 cum
459 2769 544 2846 suis
572 2765 802 2844 heredibus
830 2772 1074 2844 nostrorum
1116 2767 1300 2844 omnium
1329 2788 1426 2843 con·

334 2892 552 2982 siliorum,
579 2895 621 2967 et
657 2887 1042 2966 ordinamentorum
1083 2887 1325 2968 necessaria
1364 2910 1428 2962 so·

336 3011 547 3091 lemnitate
587 3015 763 3094 servata,
790 3017 998 3112 perpetuo
1027 3008 1066 3086 in
1105 3013 1273 3086 nostros
1312 3007 1426 3086 cives

335 3141 379 3214 et
411 3133 599 3210 Venetos
639 3128 878 3232 recepimus
920 3135 1044 3232 atque
1087 3129 1339 3232 recipimus,
1384 3131 1428 3205 et

333 3257 522 3332 Venetos
550 3261 591 3330 ot
619 3251 732 3330 cives
759 3257 932 3330 nostros
967 3251 1139 3328 fecimus
1169 3257 1210 3327 et
1239 3250 1427 3338 facimus,

334 3383 378 3455 et
402 3399 482 3479 pro
509 3371 698 3463 Venetis,
727 3377 770 3448 et
797 3371 957 3449 civibus
985 3375 1140 3450 nostris
1167 3372 1208 3449 in
1236 3367 1426 3448 Venetiis

334 3503 378 3573 et
405 3499 550 3593 extra,
579 3490 649 3570 ubi
679 3491 795 3590 libet,
850 3491 1050 3594 deinceps
1090 3488 1236 3570 haberi
1263 3497 1306 3565 et
1331 3510 1425 3590 pro·

335 3615 474 3696 curari
515 3613 630 3694 omni
669 3611 821 3691 ellectu
851 3623 892 3690 et
931 3611 1189 3716 plenitudine
1229 3609 1422 3685 volumus

335 3743 378 3816 et
404 3736 588 3826 tractari,
617 3730 789 3811 eosdem
817 3730 985 3810 sincere
1013 3727 1305 3810 benevolentia
1333 3725 1422 3803 bra-

334 3857 764 3960 obiisamplectsnles
783 3850 1012 3932 etlirmiter
1039 3857 1280 3933 statuentes,
1308 3846 1423 3949 quod

332 3978 504 4080 singulis
533 3975 774 4060 beneficiis,
807 3971 1096 4056 libertatibus,
1125 3977 1167 4048 et
1193 3968 1424 4046 immunita·

333 4103 443 4182 tibus
470 4123 519 4178 ac
546 4097 778 4175 bonoribus
807 4093 1150 4196 quibuscumque,
1180 4089 1332 4193 quibus
1355 4087 1424 4165 alii

333 4221 465 4304 nostri
493 4219 607 4298 cives
632 4217 782 4298 Veneti
824 4215 1029 4316 gaudent,
1058 4219 1100 4292 et
1138 4210 1300 4316 perfrui
1341 4209 1426 4310 dig·
