3236 5108
182 595 251 650 rus
278 573 430 652 etioca
457 576 542 661 ruat
569 595 622 650 ne
648 571 896 676 perveniant
919 571 968 650 ad
993 593 1138 657 manua
1166 563 1271 648 'fur-

183 695 379 786 chorum,
407 694 553 796 quiesi
574 693 856 796 pervenerint,
887 701 1000 771 esset
1028 691 1271 771 tctaiiuder·

183 817 341 896 tructio
363 821 493 895 status
520 816 582 892 sui
598 823 641 893 et
667 837 839 890 suorum
867 815 1120 903 titiorunuct
1147 813 1271 891 etiam

22 953 24 984 ³
181 939 256 1014 ivit
283 933 334 1012 ad
360 933 639 1037 praesentiam
669 959 784 1014 suam
812 959 891 1037 pro
921 931 1138 1020 audiendo,
1173 931 1272 1035 quid

183 1055 264 1135 sibi
290 1055 392 1134 vetit
420 1055 578 1144 dicere,
604 1062 734 1158 prout
753 1080 850 1132 curn
866 1055 1025 1156 requiri
1055 1053 1168 1132 iecit.
1197 1053 1273 1132 Au·

183 1175 340 1252 diendo
368 1175 483 1278 prius
511 1175 649 1252 omnia
677 1199 785 1277 quac
812 1175 891 1279 ipsi
915 1175 1060 1253 dicere
1088 1173 1274 1261 relocet

22 1335 24 1366 t
182 1295 225 1371 in
252 1317 353 1374 casu
407 1321 491 1398 quo
528 1295 663 1374 dictus
704 1295 947 1400 capitaneus
986 1295 1274 1397 requireretur

181 1440 205 1494 a
233 1415 345 1495 dicta
372 1417 552 1505 domina,
581 1416 633 1493 de
647 1415 923 1495 subventione
938 1413 1273 1504 balistariorum,

22 1545 23 1554 '
181 1545 228 1615 et
252 1559 331 1640 per
361 1539 488 1613 verba
516 1535 652 1616 dictae
693 1537 887 1613 dominae
915 1543 957 1614 et
985 1533 1270 1615 conditionem

180 1655 346 1734 iliarum
373 1657 565 1759 partium,
593 1655 758 1735 videret
787 1659 900 1758 quod
922 1654 1031 1734 dicta
1060 1655 1153 1731 inca
1180 1653 1271 1732 sub·

172 1783 371 1879 jacerent
394 1778 453 1856 iiii
482 1777 670 1879 periculo
687 1779 800 1879 quod
828 1779 994 1862 dicitur,
1023 1773 1176 1854 debeat
1191 1773 1272 1852 dic·
1381 1879 1384 1898 Ι

182 1907 249 1978 tus
277 1900 522 2002 capitaneus
563 1899 827 1976 ostendendo
869 1901 1014 1977 dicere
1055 1921 1135 2001 pur
1163 1921 1185 1974 a
1212 1917 1272 1986 se,

22 2059 24 2070 ·
180 2020 317 2097 oti'ere
345 2025 388 2094 et
414 2015 525 2094 dare
543 2017 678 2095 dictae
707 2017 901 2096 dominae
929 2017 963 2095 si
991 2015 1185 2113 voluerit,
1214 2013 1271 2092 vi·

22 2173 24 2246 p
180 2137 291 2240 giuti
301 2163 435 2242 usque
464 2124 634 2236 triginta
649 2137 904 2218 baiiistarios
930 2149 1109 2224 nostros,
1138 2134 1187 2211 ad
1203 2157 1271 2213 ex·

22 2247 23 2278 ³
178 2283 334 2362 pensas
361 2257 501 2337 dictae
528 2258 735 2349 dominae,
764 2281 842 2361 pro
866 2259 1056 2338 custodia
1083 2258 1271 2336 iiliusvei

22 2411 23 2478 3
180 2381 354 2458 iliarum
379 2403 551 2457 suerum
581 2381 789 2468 iocorum,
819 2404 897 2484 pro
928 2407 1011 2483 quo
1028 2383 1094 2458 rei
1123 2377 1272 2482 quibus

22 2487 23 2548 ?
178 2501 295 2578 dicto
338 2499 558 2602 capitaneo
611 2499 823 2578 ridebitur
867 2501 982 2603 ipsos
1024 2499 1272 2579 hadistat-ios

22 2605 23 2626 ¹
179 2619 435 2720 iere'magis
463 2621 744 2700 necessarios,
786 2621 831 2699 Si
857 2644 963 2700 vero
1005 2621 1114 2700 dicta
1143 2618 1271 2696 domi·

22 2829 23 2850 ,
177 2765 235 2816 uu
257 2765 344 2818 uon
358 2744 598 2842 requireret
624 2741 884 2846 capitaneum
900 2743 953 2818 de
973 2741 1081 2820 dicta
1096 2743 1269 2819 subven-

22 2903 23 2954 3
178 2862 314 2950 tione,
341 2867 442 2941 tunc
471 2862 714 2966 capitaneus
729 2887 812 2942 non
830 2863 953 2942 iaciat
980 2865 1133 2940 dictam
1163 2857 1270 2937 obia-

22 2969 23 2978 Ν
179 2985 354 3060 tionem.
381 2979 465 3059 Sed
493 2983 533 3059 in
563 2983 678 3060 omni
707 3005 805 3061 casu
832 2983 1104 3062 informatae
1132 2981 1268 3084 piena·

179 3101 285 3191 riae,
312 3103 365 3180 dc
391 3101 624 3180 intentione
651 3109 694 3180 et
721 3105 936 3182 vuluntate
963 3105 1101 3182 dictae
1142 3099 1269 3178 domi·

178 3245 282 3307 nte,
305 3231 456 3300 etcum
485 3223 711 3324 praedictis
738 3226 881 3302 verbis
908 3229 949 3300 et
976 3223 1065 3300 aliis
1094 3223 1268 3300 oblatio·

178 3341 302 3421 nibus
329 3336 737 3446 generaiibuaquae
765 3343 879 3422 dicto
910 3345 1130 3449 capitaneo
1159 3335 1270 3420 vide·

178 3465 349 3556 buntur,
400 3471 609 3567 procurat
634 3472 680 3542 ut
706 3465 994 3568 supradictum
1023 3469 1100 3555 est,
1130 3465 1270 3543 taiiter

178 3585 343 3664 hortari
383 3586 537 3664 dictam
574 3587 807 3675 dominam,
852 3588 964 3688 quod
992 3585 1046 3664 sit
1074 3589 1270 3663 constans

179 3706 231 3784 ad
258 3705 580 3785 substinendunu
617 3733 666 3786 se
705 3716 749 3785 et
777 3711 873 3787 loca
900 3731 998 3796 sua,
1027 3729 1075 3782 ac
1116 3703 1269 3782 habeat

179 3835 222 3905 et
250 3827 389 3929 rapiat
417 3829 568 3905 bonam
597 3837 640 3908 et
665 3827 944 3908 confidentem
973 3849 1090 3930 spem
1119 3825 1269 3902 inncc-

179 3956 248 4027 trn
275 3950 479 4028 donduio.

437 4260 442 4268 .
599 4206 694 4273 tutu
719 4205 949 4284 dai'flcnatn,
970 4203 1151 4271 nuru-cu.
1173 4208 1267 4274 82.-
1403 4199 1405 4202 ’
