3224 5110
328 567 380 664 de
409 584 604 685 eligendo
649 590 865 666 oratorem
906 583 955 662 od
996 584 1422 684 dictumdespotum,

328 709 609 806 suspendatur
650 706 903 784 auctoritate
944 703 1069 781 huius
1119 705 1303 782 consilii.
1349 703 1423 802 (de

329 839 446 929 perte
474 831 556 928 51).

431 948 655 1048 Sapientes
672 949 863 1025 ordinum
892 948 1051 1036 volunt,
1079 947 1193 1048 quod
1219 945 1423 1024 liatelec·

330 1072 388 1147 tio
419 1071 602 1146 oratoris
629 1069 725 1148 ituri
756 1069 806 1146 ad
834 1069 1058 1172 despotum
1099 1066 1215 1143 iuxta
1243 1067 1424 1142 formem

329 1191 460 1294 portis
477 1190 569 1266 heri
586 1196 733 1289 ceptae
750 1191 789 1267 in
807 1191 886 1266 isto
903 1189 1097 1268 consilio.
1118 1189 1188 1288 (de
1203 1197 1325 1290 parte
1341 1191 1426 1286 38).

618 1329 989 1416 Secr.rons.1·ogat.
1017 1327 1086 1392 Lib·
1112 1323 1202 1390 XVl.
1229 1325 1284 1390 cb.
1311 1325 1381 1388 189.

567 1495 775 1596 cunii.
805 1522 917 1596 mus.
950 1525 997 1596 rs
1024 1517 1184 1596 sunit

331 1667 449 1746 llnouo
480 1677 583 1736 tynum
616 1663 838 1718 blseraunorn
871 1677 1019 1734 pernory
1053 1660 1262 1734 Cpt'iououn,
1285 1677 1304 1718 o
1330 1677 1427 1730 orro-

520 1784 605 1842 nopy
628 1782 757 1838 parone
783 1767 959 1822 unionum.
983 1781 1236 1836 nocseunuuue.

435 1897 594 1986 lllustri
622 1869 793 1975 domino
824 1896 1082 2001 desputo
1112 1898 1334 1976 liessie.

437 2017 753 2120 Respondeutes
781 2015 832 2092 ed
863 2017 1024 2096 litteras
1055 2018 1332 2096 excellentiae
1359 2041 1427 2094 ve·

333 2149 444 2216 strae
472 2139 589 2216 detes
616 2141 666 2214 30
692 2135 849 2236 Aprilis
878 2159 1013 2238 nuper
1027 2137 1210 2224 decursi,
1237 2139 1427 2222 dicimus,

336 2257 448 2359 quod
489 2259 523 2334 si
563 2280 656 2334 cum
685 2253 842 2332 eadem·
874 2255 1058 2334 fraterne
1102 2257 1233 2335 literis
1273 2255 1428 2335 nostris

336 2378 617 2477 congratulati
645 2375 797 2452 luimus
825 2377 878 2456 de
906 2377 1124 2479 prosperis
1160 2377 1430 2456 successibus

336 2521 479 2575 rerum
512 2504 757 2583 vestrarum,
786 2521 834 2574 ac
862 2496 915 2574 de
943 2498 1272 2597 reintegratione
1299 2497 1429 2574 vestri

336 2623 479 2706 status,
508 2619 682 2696 fecimus
711 2615 880 2717 quidem
909 2617 949 2694 id
978 2617 1123 2696 libenti
1150 2616 1287 2694 animo
1315 2627 1358 2695 et
1377 2641 1431 2692 ex

334 2738 484 2818 corde.
525 2738 630 2818 Cum
659 2738 767 2815 euim
797 2738 1002 2818 illustrem
1033 2744 1214 2816 vestram
1251 2737 1431 2816 domino·

339 2860 493 2938 tionem
522 2858 808 2939 sincerissime
836 2858 1078 2956 diligemus,
1109 2857 1333 2958 omniaque
1362 2883 1430 2936 ve·

338 2989 423 3060 stre
439 2982 674 3059 commoda
689 3003 773 3056 non
788 2979 911 3056 aliter
940 2981 1158 3081 quomodo
1172 2985 1321 3056 nostre
1334 3004 1432 3082 pro·

338 3099 428 3202 pria
457 3107 733 3202 exoptemus,
776 3099 900 3178 focile
935 3099 1034 3178 setis
1067 3097 1249 3197 judicari
1277 3107 1431 3199 potest,

337 3220 372 3296 si
401 3219 454 3298 de
482 3217 750 3312 restitutione
788 3225 916 3296 status
955 3217 1089 3294 vestri
1117 3222 1160 3294 et
1187 3217 1240 3294 oe
1269 3221 1432 3298 cunctis

338 3340 490 3418 vestris
532 3337 769 3418 commodis
797 3343 840 3414 et
866 3338 1100 3416 bonoribus
1143 3340 1431 3437 congaudere·

339 3483 444 3536 mus.
471 3485 629 3561 neque
653 3461 867 3586 immerito
909 3461 1156 3536 debeamus·
1192 3457 1316 3538 Circe
1343 3485 1433 3562 per·

338 3589 422 3658 tem
439 3588 592 3659 ¹nutem
620 3588 838 3660 oratorum
870 3577 1149 3660 excellentiae
1166 3585 1349 3670 vestroe,
1363 3581 1434 3682 qui

340 3702 389 3777 ad
418 3728 496 3780 nos
522 3709 742 3786 venerunt,
772 3701 1101 3803 respondemus,
1143 3699 1258 3800 quod
1294 3707 1436 3780 vestro

341 3822 489 3902 intuitu
518 3848 597 3902 eos
625 3823 803 3906 libenter
832 3823 1009 3904 vidimus
1038 3827 1080 3902 et
1107 3821 1354 3908 audivimus,
1386 3845 1436 3898 ec

343 3941 457 4020 circa
494 3967 645 4023 eorum
680 3943 905 4045 petitiones
947 3943 1123 4028 lecimus
1154 3943 1217 4020 eis
1243 3941 1334 4024 illas
1361 3941 1436 4018 ius-

345 4071 406 4137 tas
436 4070 477 4139 et
504 4063 704 4142 honestes
722 4055 1047 4162 responsiones,
1082 4086 1187 4163 ques
1214 4085 1299 4144 non
1328 4060 1436 4138 dubi-

344 4187 477 4264 lamus
505 4181 678 4264 eosdem
707 4185 902 4270 oratores
937 4180 1258 4286 prudentissime
1287 4181 1436 4260 relatu·
