3154 5102
32 529 34 602 7
152 601 352 700 absentes
384 605 556 678 nostras
595 617 695 700 quas
731 597 860 700 petit.
902 597 998 700 quin
1039 599 1229 700 punam

32 717 33 780 ἶ
150 721 273 826 primo
300 726 343 800 et
369 718 521 814 inerint
547 719 588 798 in
615 715 730 798 Arbo
760 715 828 796 titii
854 718 929 802 sui,
958 719 1024 798 vet
1040 719 1227 802 adruinus

152 867 249 926 unus·
271 863 443 925 eorum,
484 838 595 942 qrrod
635 837 815 918 debeant
840 839 907 918 vet
936 836 1088 918 debeat
1114 847 1227 922 storo

151 961 556 1064 intirbo,quousque
570 960 782 1040 duraverit
808 984 1000 1058 guerra
1021 961 1228 1054 Jadrte,
1263 1041 1267 1048 ,

150 1109 216 1184 pro
243 1081 439 1162 firmitate
474 1085 790 1186 promissorum.
841 1083 893 1162 ut
928 1082 1041 1163 tinita
1076 1107 1228 1184 guam

151 1205 290 1284 tadrae
318 1205 355 1282 si
382 1204 560 1283 voluerit
599 1193 825 1284 removere
865 1201 971 1282 iiiios
997 1206 1064 1285 vet
1100 1201 1229 1286 fitium

150 1350 254 1404 soum
281 1325 336 1404 de
364 1323 494 1413 Arbo,
523 1331 715 1404 teneatur
742 1325 958 1430 deponere
971 1327 1013 1404 io
1029 1323 1145 1408 Arbo
1161 1327 1227 1406 ret

32 1461 33 1536 ᾗ
149 1449 325 1526 Venetiis
343 1445 468 1525 libras
483 1445 562 1526 XX
576 1447 702 1537 mitte,
718 1471 801 1550 pro
819 1445 1118 1526 observatione
1132 1471 1226 1550 pro·

139 1569 388 1658 ‚missorum
432 1564 656 1658 obtinendo
695 1568 807 1670 quod
845 1568 1084 1672 promittant
1112 1575 1155 1648 at
1181 1593 1227 1644 se

32 1717 33 1736 1
150 1684 323 1788 obligent
350 1687 550 1788 inpactis,
577 1684 733 1762 habere
748 1685 987 1768 Jadratinos
1017 1694 1227 1786 eteorum

148 1805 243 1900 bona
286 1831 364 1910 pro
408 1809 493 1900 suis
522 1808 697 1898 inimicis
728 1815 768 1886 et
797 1807 857 1884 eis
885 1809 1061 1902 viriliter
1104 1809 1229 1888 offen·
1350 1850 1353 1859 ·

32 1933 33 1936 ‘
148 1927 237 2018 dere
267 1933 311 2008 et
338 1927 603 2022 damnificare
641 1953 717 2008 suo
745 1955 900 2032 posse,
937 1937 983 2020 *et
1020 1929 1230 2032 quoslibet

147 2049 239 2136 aiios
282 2048 558 2143 adhaerentes
600 2051 674 2126 eis'
702 2049 766 2140 vel
805 2055 1064 2154 praestantes
1101 2048 1228 2144 eisin

32 2259 33 2272 Ν
146 2171 273 2282 atiquo
312 2171 507 2248 araxitium
537 2173 603 2248 vel
633 2173 844 2262 favorem:
883 2178 925 2250 et
961 2173 1024 2252 sie
1058 2197 1228 2252 servare

32 2303 33 2324 ¹
89 2313 93 2324 ’
145 2288 315 2370 debeant
341 2293 383 2369 in
411 2293 602 2372 omnibus
630 2291 718 2371 aliis
745 2291 900 2370 nostris
921 2291 1108 2379 inimicis,
1124 2317 1228 2395 quos

32 2395 33 2404 ἵ
145 2413 434 2518 denotaremus
470 2409 573 2498 sibi;
611 2420 653 2490 et
688 2412 782 2516 quia
824 2412 1081 2518 seripserunt
1118 2414 1227 2518 quod

145 2557 333 2611 eomes
374 2532 704 2632 Gregorius
747 2533 952 2638 promittit
989 2537 1112 2614 etiam
1149 2521 1227 2640 pro

32 2679 34 2698 =
145 2653 264 2732 tratre
301 2675 380 2731 suo
421 2653 638 2732 comite
682 2652 1056 2734 Rudisetavo
1087 2661 1130 2734 et
1156 2681 1228 2736 sua

129 2752 376 2881 mog-nata,
401 2795 633 2878 procurare
663 2779 705 2851 et
730 2773 872 2853 iacere
901 2773 1011 2878 qood
1040 2780 1162 2851 erunt
1188 2775 1228 2854 in

143 2893 306 2981 unione,
328 2890 541 2972 scribatur
580 2883 735 2972 nostris
771 2891 1087 2998 provisoribus,
1116 2892 1229 2996 quo'd

143 3021 383 3118 procurent,
413 3017 525 3116 quod
562 3039 738 3092 comes
767 3013 1158 3126 Budisetavus
1188 3021 1229 3093 et

143 3133 206 3211 atii
233 3138 302 3238 qui
329 3135 450 3213 nobis
491 3135 754 3226 videbuntur,
781 3137 862 3214 sint
889 3137 928 3214 in
957 3137 1046 3240 ipso
1075 3137 1225 3214 unione

143 3265 182 3332 et
221 3255 412 3358 recipere
453 3254 503 3331 ab
545 3256 605 3334 eis
647 3257 753 3334 ittam
795 3256 1092 3352 securitatem,
1122 3277 1226 3357 quae

141 3378 198 3453 eis
226 3375 431 3457 videbitur
459 3385 501 3455 et
528 3377 686 3458 habere
726 3385 938 3483 poterunt,
968 3401 1044 3480 pro
1085 3373 1226 3453 obser·

141 3500 302 3578 ratione
330 3499 651 3600 promissorum.
946 3579 950 3590 ,

586 3618 670 3686 sec.
695 3621 782 3707 ang.
808 3619 881 3684 Lib.
909 3617 932 3680 Ι.
962 3618 999 3680 Α.
1024 3618 1080 3682 rh.
1103 3619 1133 3697 2,
1155 3617 1184 3680 3.

32 3829 34 3878 ι
189 3791 306 3887 XL.
337 3813 447 3886 rsus.
475 3809 573 3888 anu.
602 3807 778 3886 xmae
805 3805 1177 3912 septembris.

140 3971 293 4043 {inparue
327 3972 453 4044 asapha
488 3986 527 4028 oo
562 3987 641 4044 para
678 3985 835 4043 nporasn
875 3969 980 4042 {iupa
1014 3987 1031 4026 a
1062 3969 1229 4042 araneae.

32 4169 34 4194 ,
237 4103 381 4208 Capta:
412 4107 525 4207 quod
555 4105 797 4183 obmittatur
826 4103 1057 4206 capitaneis
1086 4111 1227 4182 terrae

32 4239 33 4260 ³
142 4225 342 4304 st'maris.
365 4233 407 4304 ot
435 4227 558 4304 etiarn
599 4224 980 4327 gubernatoribus,
1020 4224 1132 4328 quod
1172 4224 1226 4301 in·
