3220 5118
187 537 304 642 quod
344 558 517 641 semper
570 557 758 617 essemus
807 535 998 640 dispositi
1037 538 1078 616 in
1117 537 1282 620 eunetis

185 656 463 762 possibilibus
476 657 613 738 dictae
642 658 888 753 comunitati
904 660 1189 764 complacere,
1204 659 1280 738 sed

186 777 282 882 ‘quia
322 787 466 858 nostra
506 775 737 858 dominatio
774 801 859 855 non
888 769 952 857 est
980 783 1178 858 consueta
1208 777 1279 859 hu·

185 898 368 979 iusmodi
394 898 600 1002 plenarias
629 898 786 988 iacere,
816 906 858 978 et
882 897 1006 986 etiam
1036 901 1163 979 eertis
1191 899 1279 980 aliis

185 1021 308 1102 honis
339 1019 473 1102 eausis
488 1027 531 1100 et
547 1017 823 1120 respectibus,
851 1043 937 1099 non
965 1021 1157 1100 videmus
1184 1045 1279 1124 pos·

22 1097 24 1176 Ῐ
184 1165 231 1220 se
260 1140 396 1220 dietae
438 1138 683 1223 comunitati
726 1139 919 1220 dedicta
960 1141 1142 1242 plenaria
1171 1163 1281 1224 uom-

22 1339 24 1362 ‚
183 1263 371 1367 placere,
401 1269 444 1342 et
470 1285 671 1364 rogamus
700 1262 853 1344 dietam
884 1261 1205 1360 emunitatem,
1235 1273 1280 1341 ut
1438 1343 1443 1354 ,

186 1385 244 1464 ob
271 1383 358 1462 hoe
385 1382 560 1486 placeat,
588 1381 623 1460 si
648 1403 749 1460 suae
777 1380 1041 1485 requisitioni
1068 1405 1151 1460 non
1181 1405 1278 1463 eon·

42 1503 50 1527 “
170 1501 508 1596 descendimus,
547 1502 706 1584 habere
735 1510 923 1582 nostrum
952 1501 1181 1587 dominium
1210 1527 1279 1582 ex·

186 1632 387 1706 eusatum.

284 1761 338 1842 Et
366 1765 462 1865 quia
499 1763 635 1844 dietus
676 1763 954 1844 ambassiator
994 1764 1124 1854 dixit,
1165 1761 1280 1866 qued

183 1885 284 1964 alias
309 1885 421 1964 dicte
450 1887 685 1966 comanitas
716 1887 895 1976 obtulit,
921 1887 1030 1965 velie
1059 1886 1160 1966 dare
1188 1909 1281 1963 nos·

182 2015 250 2085 tro
291 2005 480 2085 dominio
524 2007 678 2088 dietam
720 2007 929 2088 civitatem
969 2005 1200 2094 Catari,
1238 2009 1280 2081 et

22 2213 23 2216 q
183 2125 296 2228 quod
324 2123 402 2202 sibi
429 2127 508 2207 tuit
535 2151 804 2232 responsum,
834 2127 946 2232 quod
975 2151 1061 2206 non
1090 2130 1181 2205 erat
1209 2125 1276 2203 ad·
1434 2203 1436 2214 ,

181 2247 267 2326 hue
295 2253 474 2352 tempus,
491 2257 533 2327 et
549 2250 661 2352 quod
689 2249 799 2329 istud
826 2257 991 2350 tempus
1019 2249 1100 2352 ipsi
1124 2269 1276 2350 expec-

22 2387 23 2470 ζ
180 2365 324 2446 tabant
364 2393 458 2447 eum
501 2367 571 2444 ilia
613 2367 833 2456 aviditate,
874 2393 954 2468 qua
999 2367 1280 2470 expectabant

182 2489 338 2590 antiqui
366 2493 509 2592 patres
536 2488 767 2568 existentes
796 2489 836 2566 in
864 2489 1028 2574 nimbo,
1057 2487 1279 2568 adventum

184 2605 341 2689 Christi
369 2615 412 2687 et
441 2618 521 2688 cet.
565 2607 887 2712 {despondeatur
914 2610 1028 2689 dieto
1059 2605 1278 2688 ambassia-

22 2759 24 2822 q
181 2730 287 2821 tori,
327 2731 441 2832 qued
467 2755 547 2835 pro
574 2729 715 2844 multis
744 2727 866 2809 bonis
897 2729 1164 2834 respectibus
1192 2752 1279 2803 non

91 2847 92 2850 '
181 2849 353 2928 videtur
376 2850 498 2930 nobis
527 2849 662 2930 adhue
691 2859 872 2952 tempus,
899 2847 1186 2956 respondendi
1212 2871 1276 2923 su·

181 2969 403 3072 perfeeto
433 2972 669 3074 aecipiendi
698 2979 855 3058 terram
885 2971 1127 3072 predictam.

506 3107 612 3173 Seer.
637 3105 774 3174 Consii.
798 3105 890 3195 fleg.
915 3105 991 3172 Lib.
1015 3105 1055 3170 V.
1082 3105 1139 3169 eh.
1163 3099 1234 3168 185.

327 3311 721 3416 cunxxxlv.
752 3337 863 3412 mss.
893 3337 956 3410 ιο.
985 3328 1134 3407 Mari.

237 3523 415 3600 0d1'020m·
438 3541 476 3582 aa
498 3541 716 3600 epea-tenena
738 3545 819 3603 qyne
842 3529 978 3600 Xepnos
1001 3523 1233 3595 caedrorum..
1255 3480 1260 3496 ι

532 3627 577 3711 (³⁷
601 3649 772 3708 sparsose
796 3627 946 3712 nasequ.)

288 3797 559 3878 Ambassator
587 3803 612 3879 d
629 3827 656 3878 u
673 3827 696 3880 c
713 3803 724 3882 i
741 3827 760 3878 s
799 3799 934 3880 Creu
947 3823 972 3877 o
985 3799 1033 3875 ie
1061 3793 1277 3900 proponit:

186 3915 446 3997 Groneia
496 3923 553 4020 1.)
596 3923 719 4002 offert
772 3943 995 4026 personam
1037 3921 1081 3992 et
1122 3920 1275 3992 statum

174 4040 305 4116 suum
333 4047 481 4119 nostro
510 4041 710 4133 dominio;
736 4046 794 4144 2.)
823 4047 989 4148 paratus
1007 4045 1072 4118 est
1092 4043 1274 4116 castrum
1358 4118 1362 4128 ,

187 4155 429 4244 Dalmisii
457 4185 619 4263 ponere
647 4163 687 4240 in
714 4161 901 4242 manibus
929 4159 1100 4245 nostris;
1126 4158 1180 4252 3.)
1210 4177 1272 4230 ro·

186 4283 256 4377 gat
285 4283 442 4358 eertum
471 4285 742 4385 quantitatem
770 4281 1015 4379 Sainitri,
1051 4283 1094 4356 et
1120 4277 1273 4354 irenes
1317 4281 1320 4289 '
1373 4274 1379 4290 '

1027 4399 1070 4464 33
