3224 5110
179 599 245 681 tis,
274 617 351 672 stro
379 593 520 693 sigillo
550 593 752 696 pendenti
781 591 1029 681 comunitis,
1057 617 1080 669 a
1109 617 1176 672 me
1203 615 1274 670 no·

179 714 284 792 tario
313 715 588 817 infrascripto
617 713 718 788 risis
745 719 788 790 et
815 712 960 802 lectu,
999 737 1080 814 pru
1122 713 1273 791 eodem

179 833 401 932 magnifico
444 832 616 910 domino
654 833 829 910 Stelauo
872 841 914 910 et
954 834 1275 910 successoribus

179 955 278 1042 suis,
316 954 429 1032 omni
468 951 663 1031 validiori
698 961 741 1030 et
768 953 999 1033 efficaciori
1038 953 1102 1029 via
1142 954 1272 1032 modo

181 1080 224 1151 et
252 1075 387 1152 lorma
415 1097 465 1154 ac
492 1073 615 1152 titulo
644 1071 794 1174 quibus
821 1079 1013 1176 possunt.
1039 1071 1154 1152 Nunc
1179 1097 1274 1152 eon·

110 1263 112 1268 .
181 1203 424 1280 traxerunt,
467 1194 794 1274 celebraverunt
833 1201 875 1274 et
916 1195 1188 1273 firmaverunt
1223 1221 1273 1274 ac
1351 1190 1355 1198 ’

180 1315 443 1404 contrahunt,
472 1317 692 1397 celebrant
721 1325 764 1396 et
790 1314 978 1404 firmant,
1021 1318 1173 1394 bonam
1201 1341 1270 1420 pu·

179 1459 265 1514 ram
293 1437 501 1518 sinceram
531 1445 575 1515 et
600 1433 888 1514 inviolabilem
916 1458 1065 1540 pacem
1092 1433 1200 1512 inter
1215 1437 1273 1538 ip·
1344 1435 1348 1444 '

178 1577 245 1630 sas
261 1563 417 1658 partes,
444 1555 525 1632 deo
542 1553 755 1660 propicio,
782 1560 991 1657 perpetuo
1017 1553 1274 1642 duraturam,

180 1697 275 1752 cum
302 1672 437 1776 pactis
466 1683 515 1770 et,
536 1675 731 1775 capitulis
759 1674 1048 1780 infrascriptis.

279 1791 372 1871 Pri
387 1817 425 1870 m
442 1816 482 1870 oz
510 1817 688 1896 namque
715 1797 854 1898 ipsum
869 1793 1191 1873 illustrissimum
1203 1795 1275 1872 du·

71 1993 72 1997 ι
179 1913 271 1992 cale
307 1915 540 1992 dominium
581 1917 735 2020 recipit
775 1916 968 1994 eumdem
1011 1913 1274 2016 magnificum

179 2033 394 2113 dominum
436 2035 680 2126 stefanum,
717 2043 761 2116 et
797 2042 889 2138 ejus
916 2058 1204 2126 successores,
1230 2037 1272 2116 in

178 2156 312 2236 bonos
341 2177 468 2234 veros
496 2165 538 2234 et
567 2158 805 2236 benevolos
834 2157 996 2234 amicos
1022 2181 1138 2256 suos,
1168 2183 1275 2261 quos

177 2279 239 2358 sic
266 2277 471 2381 promittit
498 2285 708 2380 perpetuo
738 2276 898 2354 habere
913 2279 1087 2358 tractari
1102 2283 1144 2355 et
1159 2283 1273 2359 tene·

178 2425 240 2489 τος
267 2407 310 2478 et
337 2397 488 2478 exinde
516 2396 578 2474 illi
603 2395 774 2475 domino
817 2397 990 2478 remittit
1030 2423 1177 2478 omncs
1216 2401 1274 2479 lo·

172 2521 309 2618 iuriae
336 2517 555 2596 molestias
584 2517 765 2596 offensas
783 2517 921 2598 etalio
950 2543 1143 2623 quaeque
1165 2545 1274 2601 com·

177 2641 303 2721 missa
332 2650 374 2719 et
399 2645 645 2744 perpetrata
673 2663 751 2744 per
777 2641 912 2742 ipsum
940 2641 1274 2731 domiuumsnb-

177 2763 290 2840 ditos
318 2759 549 2865 complices
576 2765 620 2838 et
644 2783 851 2861 sequaces
888 2783 1013 2849 suos,
1055 2773 1206 2842 contra
1231 2772 1274 2844 et

176 2879 378 2958 adversus
416 2881 550 2984 ipsum
591 2879 912 2958 illustrissimum
954 2883 1103 2959 ducale
1144 2884 1274 2960 domi·

177 3004 289 3079 nium
316 2999 604 3089 Venetiurum,
632 3008 792 3090 terras,
834 3002 986 3106 oppida
1016 3011 1059 3080 et
1086 3003 1272 3105 quelibet

178 3123 272 3200 loca
300 3121 556 3201 ilustrissimi
584 3121 745 3202 ducalis
784 3123 956 3201 dominii
983 3123 1271 3223 venetiarum,

177 3247 373 3343 tempore
410 3251 453 3319 et
490 3245 720 3320 occasione
748 3265 821 3320 seu
865 3265 990 3319 causa
1031 3265 1201 3342 guerre,
1231 3249 1274 3322 et

177 3363 406 3439 novitatum
422 3361 731 3464 preteritarum.
759 3363 807 3442 lt
822 3389 845 3442 e
860 3385 900 3440 m
928 3363 1065 3465 ipsum
1085 3344 1272 3442 illustris·

178 3482 325 3558 simum
355 3483 506 3561 ducale
535 3483 763 3561 dominium
791 3483 1063 3562 venetiarum
1102 3485 1270 3584 promit-

176 3603 353 3702 tit‚‘non
370 3603 528 3683 inferre
555 3627 750 3704 guerram
779 3605 902 3685 ullam
937 3603 1175 3684 molestiam
1203 3601 1271 3682 vel

175 3722 403 3801 novitatem
432 3731 581 3803 contra
608 3732 653 3804 et
678 3726 877 3804 adversus
905 3725 1042 3831 ipsum
1057 3725 1271 3803 dominum

177 3851 221 3922 et
245 3865 530 3924 successores
570 3871 696 3936 suos,
738 3849 832 3928 loca
860 3857 903 3926 et
929 3846 1117 3926 subditos
1154 3869 1271 3941 orror,

177 3966 322 4066 quavis
351 3966 498 4055 forma,
526 3967 653 4045 modo
682 3968 745 4045 rel
775 3969 958 4068 iugenio.
989 3967 1039 4045 {ct
1059 3987 1272 4046 econver-

178 4109 227 4164 so
255 4087 345 4186 ipse
372 4086 615 4185 magnificus
644 4085 1046 4166 dominusSteianus
1075 4075 1154 4190 pro
1170 4109 1216 4164 se
1232 4092 1275 4184 et

177 4239 229 4281 ·..
264 4206 589 4288 successoribus
627 4211 726 4297 suis,
753 4210 961 4312 promittit
1001 4232 1095 4288 esse
1138 4205 1272 4288 bonus
