<?xml version="1.0" encoding="UTF-8"?>
<!DOCTYPE html PUBLIC "-//W3C//DTD XHTML 1.0 Transitional//EN"
    "http://www.w3.org/TR/xhtml1/DTD/xhtml1-transitional.dtd">
<html xmlns="http://www.w3.org/1999/xhtml" xml:lang="en" lang="en">
 <head>
  <title>
</title>
<meta http-equiv="Content-Type" content="text/html;charset=utf-8" />
  <meta name='ocr-system' content='tesseract 3.04.00' />
  <meta name='ocr-capabilities' content='ocr_page ocr_carea ocr_par ocr_line ocrx_word'/>
</head>
<body>
  <div class='ocr_page' id='page_1' title='image "./actaarchivivene00sergoog_0751.png"; bbox 0 0 3206 5110; ppageno 0'>
   <div class='ocr_carea' id='block_1_1' title="bbox 1218 368 1282 458">
    <p class='ocr_par' dir='ltr' id='par_1_1' title="bbox 1218 368 1282 458">
     <span class='ocr_line' id='line_1_1' title="bbox 1218 368 1282 458; baseline -0.031 0"><span class='ocrx_word' id='word_1_1' title='bbox 1218 368 1282 458; x_wconf 72' lang='lat' dir='ltr'><strong>nn</strong></span> 
     </span>
    </p>
   </div>
   <div class='ocr_carea' id='block_1_2' title="bbox 183 595 1280 940">
    <p class='ocr_par' dir='ltr' id='par_1_2' title="bbox 183 573 1280 940">
     <span class='ocr_line' id='line_1_2' title="bbox 184 595 1278 698; baseline 0.003 -24"><span class='ocrx_word' id='word_1_2' title='bbox 184 595 435 698; x_wconf 82' lang='lat' dir='ltr'><strong>despnti</strong></span> <span class='ocrx_word' id='word_1_3' title='bbox 471 595 642 694; x_wconf 78' lang='lat' dir='ltr'><strong>cognati</strong></span> <span class='ocrx_word' id='word_1_4' title='bbox 678 597 767 681; x_wconf 82' lang='lat' dir='ltr'><strong>sui.</strong></span> <span class='ocrx_word' id='word_1_5' title='bbox 812 599 961 675; x_wconf 85' lang='lat' dir='ltr'><strong>eontra</strong></span> <span class='ocrx_word' id='word_1_6' title='bbox 990 603 1179 678; x_wconf 86' lang='lat' dir='ltr'><strong>nostrum</strong></span> <span class='ocrx_word' id='word_1_7' title='bbox 1209 595 1278 677; x_wconf 91' lang='lat' dir='ltr'><strong>do-</strong></span> 
     </span>
     <span class='ocr_line' id='line_1_3' title="bbox 186 713 1277 821; baseline 0.004 -28"><span class='ocrx_word' id='word_1_8' title='bbox 186 713 354 793; x_wconf 85' lang='lat' dir='ltr'><strong>minium</strong></span> <span class='ocrx_word' id='word_1_9' title='bbox 383 721 426 792; x_wconf 87' lang='lat' dir='ltr'><strong>et</strong></span> <span class='ocrx_word' id='word_1_10' title='bbox 454 721 587 794; x_wconf 86' lang='lat' dir='ltr'><strong>terras</strong></span> <span class='ocrx_word' id='word_1_11' title='bbox 611 725 781 794; x_wconf 86' lang='lat' dir='ltr'><strong>nostras</strong></span> <span class='ocrx_word' id='word_1_12' title='bbox 809 721 843 798; x_wconf 88' lang='grc' dir='ltr'><strong>Α</strong></span> <span class='ocrx_word' id='word_1_13' title='bbox 861 718 871 792; x_wconf 97' lang='grc' dir='ltr'>Ι</span> <span class='ocrx_word' id='word_1_14' title='bbox 888 715 913 792; x_wconf 95' lang='lat' dir='ltr'>b</span> <span class='ocrx_word' id='word_1_15' title='bbox 930 743 991 796; x_wconf 92' lang='lat' dir='ltr'><strong>an</strong></span> <span class='ocrx_word' id='word_1_16' title='bbox 1007 721 1020 796; x_wconf 92' lang='lat' dir='ltr'><strong>i</strong></span> <span class='ocrx_word' id='word_1_17' title='bbox 1037 743 1058 794; x_wconf 84' lang='lat' dir='ltr'><strong>a</strong></span> <span class='ocrx_word' id='word_1_18' title='bbox 1074 747 1097 798; x_wconf 98' lang='lat' dir='ltr'><strong>e</strong></span> <span class='ocrx_word' id='word_1_19' title='bbox 1115 779 1124 810; x_wconf 93' lang='lat'><strong>‚</strong></span> <span class='ocrx_word' id='word_1_20' title='bbox 1165 721 1277 821; x_wconf 86' lang='lat' dir='ltr'><strong>qnod</strong></span> 
     </span>
     <span class='ocr_line' id='line_1_4' title="bbox 183 835 1280 940; baseline -0.001 -26"><span class='ocrx_word' id='word_1_21' title='bbox 183 837 268 914; x_wconf 86' lang='lat' dir='ltr'><strong>hoe</strong></span> <span class='ocrx_word' id='word_1_22' title='bbox 285 835 428 915; x_wconf 77' lang='lat' dir='ltr'><strong>faeere</strong></span> <span class='ocrx_word' id='word_1_23' title='bbox 445 844 605 940; x_wconf 87' lang='lat' dir='ltr'><strong>posset,</strong></span> <span class='ocrx_word' id='word_1_24' title='bbox 634 847 878 916; x_wconf 77' lang='lat' dir='ltr'><strong>remanente</strong></span> <span class='ocrx_word' id='word_1_25' title='bbox 905 840 1073 916; x_wconf 84' lang='lat' dir='ltr'><strong>civitate</strong></span> <span class='ocrx_word' id='word_1_26' title='bbox 1104 836 1280 916; x_wconf 83' lang='lat' dir='ltr'><strong>Catari</strong></span> 
     </span>
    </p>
   </div>
   <div class='ocr_carea' id='block_1_3' title="bbox 184 955 1404 1060">
    <p class='ocr_par' dir='ltr' id='par_1_3' title="bbox 184 955 1404 1060">
     <span class='ocr_line' id='line_1_5' title="bbox 184 955 1404 1060; baseline 0 -28"><span class='ocrx_word' id='word_1_27' title='bbox 184 955 385 1058; x_wconf 83' lang='lat' dir='ltr'><strong>inpare,</strong></span> <span class='ocrx_word' id='word_1_28' title='bbox 430 958 658 1034; x_wconf 87' lang='lat' dir='ltr'><strong>seeundum</strong></span> <span class='ocrx_word' id='word_1_29' title='bbox 703 957 881 1036; x_wconf 82' lang='lat' dir='ltr'><strong>formam</strong></span> <span class='ocrx_word' id='word_1_30' title='bbox 913 957 1135 1043; x_wconf 85' lang='lat' dir='ltr'><strong>concordii</strong></span> <span class='ocrx_word' id='word_1_31' title='bbox 1164 957 1279 1060; x_wconf 90' lang='lat' dir='ltr'><strong>quod</strong></span> <span class='ocrx_word' id='word_1_32' title='bbox 1402 1017 1404 1020; x_wconf 89' lang='lat'>.</span> 
     </span>
    </p>
   </div>
   <div class='ocr_carea' id='block_1_4' title="bbox 184 1074 1282 1299">
    <p class='ocr_par' dir='ltr' id='par_1_4' title="bbox 184 1074 1282 1299">
     <span class='ocr_line' id='line_1_6' title="bbox 184 1074 1281 1180; baseline 0.004 -30"><span class='ocrx_word' id='word_1_33' title='bbox 184 1074 374 1166; x_wconf 64' lang='lat' dir='ltr'><strong>iecisset,</strong></span> <span class='ocrx_word' id='word_1_34' title='bbox 399 1083 442 1152; x_wconf 88' lang='lat' dir='ltr'><strong>et</strong></span> <span class='ocrx_word' id='word_1_35' title='bbox 469 1076 649 1156; x_wconf 77' lang='lat' dir='ltr'><strong>habente</strong></span> <span class='ocrx_word' id='word_1_36' title='bbox 678 1101 731 1156; x_wconf 88' lang='lat' dir='ltr'><strong>eo</strong></span> <span class='ocrx_word' id='word_1_37' title='bbox 762 1077 1047 1180; x_wconf 74' lang='lat' dir='ltr'><strong>provisionem</strong></span> <span class='ocrx_word' id='word_1_38' title='bbox 1077 1103 1192 1156; x_wconf 87' lang='lat' dir='ltr'><strong>suam</strong></span> <span class='ocrx_word' id='word_1_39' title='bbox 1221 1103 1281 1172; x_wconf 84' lang='lat' dir='ltr'><strong>se·</strong></span> 
     </span>
     <span class='ocr_line' id='line_1_7' title="bbox 185 1195 1282 1299; baseline -0.002 -25"><span class='ocrx_word' id='word_1_40' title='bbox 185 1195 365 1274; x_wconf 81' lang='lat' dir='ltr'><strong>cundum</strong></span> <span class='ocrx_word' id='word_1_41' title='bbox 396 1195 579 1274; x_wconf 47' lang='lat' dir='ltr'><strong>formam*</strong></span> <span class='ocrx_word' id='word_1_42' title='bbox 603 1199 849 1286; x_wconf 83' lang='lat' dir='ltr'><strong>concordii,</strong></span> <span class='ocrx_word' id='word_1_43' title='bbox 891 1199 984 1299; x_wconf 86' lang='lat' dir='ltr'><strong>qnia</strong></span> <span class='ocrx_word' id='word_1_44' title='bbox 1023 1223 1107 1276; x_wconf 90' lang='lat' dir='ltr'><strong>non</strong></span> <span class='ocrx_word' id='word_1_45' title='bbox 1137 1197 1282 1292; x_wconf 74' lang='lat' dir='ltr'><strong>saciet,</strong></span> 
     </span>
    </p>
   </div>
   <div class='ocr_carea' id='block_1_5' title="bbox 44 1317 1283 1419">
    <p class='ocr_par' dir='ltr' id='par_1_5' title="bbox 44 1317 1283 1419">
     <span class='ocr_line' id='line_1_8' title="bbox 44 1317 1283 1419; baseline 0.004 -28"><span class='ocrx_word' id='word_1_46' title='bbox 44 1323 48 1336; x_wconf 90' lang='lat'>&#39;</span> <span class='ocrx_word' id='word_1_47' title='bbox 184 1338 266 1394; x_wconf 84' lang='lat' dir='ltr'><strong>nee</strong></span> <span class='ocrx_word' id='word_1_48' title='bbox 295 1317 510 1419; x_wconf 85' lang='lat' dir='ltr'><strong>permittet</strong></span> <span class='ocrx_word' id='word_1_49' title='bbox 538 1317 696 1411; x_wconf 85' lang='lat' dir='ltr'><strong>tacere,</strong></span> <span class='ocrx_word' id='word_1_50' title='bbox 727 1317 905 1418; x_wconf 82' lang='lat' dir='ltr'><strong>aliquam</strong></span> <span class='ocrx_word' id='word_1_51' title='bbox 935 1321 1162 1396; x_wconf 86' lang='lat' dir='ltr'><strong>novitatem</strong></span> <span class='ocrx_word' id='word_1_52' title='bbox 1189 1321 1283 1398; x_wconf 80' lang='lat' dir='ltr'><strong>civi-</strong></span> 
     </span>
    </p>
   </div>
   <div class='ocr_carea' id='block_1_6' title="bbox 75 1435 1330 2623">
    <p class='ocr_par' dir='ltr' id='par_1_6' title="bbox 75 1435 1330 2623">
     <span class='ocr_line' id='line_1_9' title="bbox 184 1435 1330 1541; baseline -0.001 -26"><span class='ocrx_word' id='word_1_53' title='bbox 184 1437 259 1516; x_wconf 82' lang='lat' dir='ltr'><strong>tati</strong></span> <span class='ocrx_word' id='word_1_54' title='bbox 289 1435 430 1516; x_wconf 85' lang='lat' dir='ltr'><strong>Catari</strong></span> <span class='ocrx_word' id='word_1_55' title='bbox 458 1437 728 1541; x_wconf 85' lang='lat' dir='ltr'><strong>praedictae;</strong></span> <span class='ocrx_word' id='word_1_56' title='bbox 766 1445 999 1540; x_wconf 82' lang='lat' dir='ltr'><strong>propterea</strong></span> <span class='ocrx_word' id='word_1_57' title='bbox 1041 1437 1075 1518; x_wconf 88' lang='lat' dir='ltr'><strong>si</strong></span> <span class='ocrx_word' id='word_1_58' title='bbox 1118 1443 1170 1518; x_wconf 87' lang='lat' dir='ltr'><strong>de</strong></span> <span class='ocrx_word' id='word_1_59' title='bbox 1212 1439 1282 1517; x_wconf 88' lang='lat' dir='ltr'><strong>tali</strong></span> <span class='ocrx_word' id='word_1_60' title='bbox 1329 1451 1330 1455; x_wconf 68' lang='lat'>‘</span> 
     </span>
     <span class='ocr_line' id='line_1_10' title="bbox 185 1557 1284 1660; baseline -0.002 -24"><span class='ocrx_word' id='word_1_61' title='bbox 185 1557 400 1636; x_wconf 84' lang='lat' dir='ltr'><strong>additione</strong></span> <span class='ocrx_word' id='word_1_62' title='bbox 426 1559 622 1660; x_wconf 88' lang='lat' dir='ltr'><strong>ponenda</strong></span> <span class='ocrx_word' id='word_1_63' title='bbox 650 1557 690 1634; x_wconf 91' lang='lat' dir='ltr'><strong>in</strong></span> <span class='ocrx_word' id='word_1_64' title='bbox 720 1557 957 1636; x_wconf 79' lang='lat' dir='ltr'><strong>concordio</strong></span> <span class='ocrx_word' id='word_1_65' title='bbox 975 1558 1087 1660; x_wconf 89' lang='lat' dir='ltr'><strong>quod</strong></span> <span class='ocrx_word' id='word_1_66' title='bbox 1104 1559 1284 1646; x_wconf 85' lang='lat' dir='ltr'><strong>taceres,</strong></span> 
     </span>
     <span class='ocr_line' id='line_1_11' title="bbox 185 1676 1281 1783; baseline 0.003 -29"><span class='ocrx_word' id='word_1_67' title='bbox 185 1676 258 1754; x_wconf 89' lang='lat' dir='ltr'><strong>tibi</strong></span> <span class='ocrx_word' id='word_1_68' title='bbox 285 1677 445 1756; x_wconf 86' lang='lat' dir='ltr'><strong>faceret</strong></span> <span class='ocrx_word' id='word_1_69' title='bbox 472 1679 758 1768; x_wconf 86' lang='lat' dir='ltr'><strong>mentionem,</strong></span> <span class='ocrx_word' id='word_1_70' title='bbox 801 1685 843 1753; x_wconf 92' lang='lat' dir='ltr'><strong>et</strong></span> <span class='ocrx_word' id='word_1_71' title='bbox 870 1679 983 1763; x_wconf 74' lang='lat' dir='ltr'><strong>velet</strong></span> <span class='ocrx_word' id='word_1_72' title='bbox 1011 1681 1127 1783; x_wconf 87' lang='lat' dir='ltr'><strong>quod</strong></span> <span class='ocrx_word' id='word_1_73' title='bbox 1157 1703 1281 1780; x_wconf 80' lang='lat' dir='ltr'><strong>pone·</strong></span> 
     </span>
     <span class='ocr_line' id='line_1_12' title="bbox 185 1789 1284 1898; baseline -0.002 -24"><span class='ocrx_word' id='word_1_74' title='bbox 185 1801 305 1876; x_wconf 85' lang='lat' dir='ltr'><strong>retur</strong></span> <span class='ocrx_word' id='word_1_75' title='bbox 334 1789 518 1874; x_wconf 86' lang='lat' dir='ltr'><strong>indicto</strong></span> <span class='ocrx_word' id='word_1_76' title='bbox 549 1797 809 1888; x_wconf 81' lang='lat' dir='ltr'><strong>concordio,</strong></span> <span class='ocrx_word' id='word_1_77' title='bbox 836 1797 992 1874; x_wconf 84' lang='lat' dir='ltr'><strong>debeas</strong></span> <span class='ocrx_word' id='word_1_78' title='bbox 1021 1797 1284 1898; x_wconf 87' lang='lat' dir='ltr'><strong>respondere</strong></span> 
     </span>
     <span class='ocr_line' id='line_1_13' title="bbox 185 1916 1285 2018; baseline 0.002 -26"><span class='ocrx_word' id='word_1_79' title='bbox 185 1927 228 1995; x_wconf 92' lang='lat' dir='ltr'><strong>et</strong></span> <span class='ocrx_word' id='word_1_80' title='bbox 255 1916 426 2005; x_wconf 84' lang='lat' dir='ltr'><strong>dicere,</strong></span> <span class='ocrx_word' id='word_1_81' title='bbox 469 1917 583 2018; x_wconf 91' lang='lat' dir='ltr'><strong>quod</strong></span> <span class='ocrx_word' id='word_1_82' title='bbox 626 1918 711 1996; x_wconf 87' lang='lat' dir='ltr'><strong>hoe</strong></span> <span class='ocrx_word' id='word_1_83' title='bbox 752 1941 836 1996; x_wconf 92' lang='lat' dir='ltr'><strong>non</strong></span> <span class='ocrx_word' id='word_1_84' title='bbox 880 1924 994 1994; x_wconf 84' lang='lat' dir='ltr'><strong>esset</strong></span> <span class='ocrx_word' id='word_1_85' title='bbox 1024 1921 1177 1994; x_wconf 86' lang='lat' dir='ltr'><strong>iustum</strong></span> <span class='ocrx_word' id='word_1_86' title='bbox 1205 1937 1285 1994; x_wconf 86' lang='lat' dir='ltr'><strong>nee</strong></span> 
     </span>
     <span class='ocr_line' id='line_1_14' title="bbox 75 2027 1284 2140; baseline -0.002 -24"><span class='ocrx_word' id='word_1_87' title='bbox 75 2071 77 2076; x_wconf 61' lang='grc'><em>’</em></span> <span class='ocrx_word' id='word_1_88' title='bbox 187 2038 468 2122; x_wconf 77' lang='lat' dir='ltr'><strong>conveniens.</strong></span> <span class='ocrx_word' id='word_1_89' title='bbox 513 2041 626 2140; x_wconf 87' lang='lat' dir='ltr'><strong>qnod</strong></span> <span class='ocrx_word' id='word_1_90' title='bbox 669 2040 708 2115; x_wconf 93' lang='lat' dir='ltr'><strong>in</strong></span> <span class='ocrx_word' id='word_1_91' title='bbox 750 2039 941 2140; x_wconf 86' lang='lat' dir='ltr'><strong>partibus</strong></span> <span class='ocrx_word' id='word_1_92' title='bbox 997 2027 1284 2120; x_wconf 79' lang='lat' dir='ltr'><strong>Albaniae</strong></span> 
     </span>
     <span class='ocr_line' id='line_1_15' title="bbox 188 2145 1284 2256; baseline 0.003 -23"><span class='ocrx_word' id='word_1_93' title='bbox 188 2164 303 2234; x_wconf 82' lang='lat' dir='ltr'><strong>esset</strong></span> <span class='ocrx_word' id='word_1_94' title='bbox 330 2158 521 2236; x_wconf 86' lang='lat' dir='ltr'><strong>inimious</strong></span> <span class='ocrx_word' id='word_1_95' title='bbox 550 2168 695 2236; x_wconf 87' lang='lat' dir='ltr'><strong>noster</strong></span> <span class='ocrx_word' id='word_1_96' title='bbox 711 2164 753 2234; x_wconf 89' lang='lat' dir='ltr'><strong>et</strong></span> <span class='ocrx_word' id='word_1_97' title='bbox 769 2145 1008 2256; x_wconf 81' lang='lat' dir='ltr'><strong>guerizaret</strong></span> <span class='ocrx_word' id='word_1_98' title='bbox 1025 2181 1120 2236; x_wconf 86' lang='lat' dir='ltr'><strong>oum</strong></span> <span class='ocrx_word' id='word_1_99' title='bbox 1135 2164 1284 2236; x_wconf 87' lang='lat' dir='ltr'><strong>nostro</strong></span> 
     </span>
     <span class='ocr_line' id='line_1_16' title="bbox 188 2277 1284 2382; baseline -0.002 -26"><span class='ocrx_word' id='word_1_100' title='bbox 188 2278 408 2369; x_wconf 82' lang='lat' dir='ltr'><strong>dominio,</strong></span> <span class='ocrx_word' id='word_1_101' title='bbox 436 2283 478 2356; x_wconf 87' lang='lat' dir='ltr'><strong>et</strong></span> <span class='ocrx_word' id='word_1_102' title='bbox 505 2278 546 2354; x_wconf 94' lang='lat' dir='ltr'><strong>in</strong></span> <span class='ocrx_word' id='word_1_103' title='bbox 574 2277 763 2382; x_wconf 84' lang='lat' dir='ltr'><strong>partibus</strong></span> <span class='ocrx_word' id='word_1_104' title='bbox 791 2277 1157 2357; x_wconf 83' lang='lat' dir='ltr'><strong>Sotavoniae</strong></span> <span class='ocrx_word' id='word_1_105' title='bbox 1186 2279 1284 2355; x_wconf 85' lang='lat' dir='ltr'><strong>ami·</strong></span> 
     </span>
     <span class='ocr_line' id='line_1_17' title="bbox 190 2397 1284 2502; baseline -0.001 -25"><span class='ocrx_word' id='word_1_106' title='bbox 190 2403 359 2477; x_wconf 86' lang='lat' dir='ltr'><strong>caretur</strong></span> <span class='ocrx_word' id='word_1_107' title='bbox 386 2397 533 2494; x_wconf 78' lang='lat' dir='ltr'><strong>nobis,</strong></span> <span class='ocrx_word' id='word_1_108' title='bbox 564 2407 607 2476; x_wconf 86' lang='lat' dir='ltr'><strong>et</strong></span> <span class='ocrx_word' id='word_1_109' title='bbox 634 2398 709 2478; x_wconf 89' lang='lat' dir='ltr'><strong>ista</strong></span> <span class='ocrx_word' id='word_1_110' title='bbox 739 2415 822 2476; x_wconf 87' lang='lat' dir='ltr'><strong>non</strong></span> <span class='ocrx_word' id='word_1_111' title='bbox 852 2399 1135 2497; x_wconf 85' lang='lat' dir='ltr'><strong>conveniunt,</strong></span> <span class='ocrx_word' id='word_1_112' title='bbox 1167 2401 1284 2502; x_wconf 90' lang='lat' dir='ltr'><strong>quod</strong></span> 
     </span>
     <span class='ocr_line' id='line_1_18' title="bbox 186 2519 1287 2623; baseline 0.002 -27"><span class='ocrx_word' id='word_1_113' title='bbox 186 2521 241 2597; x_wconf 84' lang='lat' dir='ltr'><strong>sit</strong></span> <span class='ocrx_word' id='word_1_114' title='bbox 269 2521 430 2598; x_wconf 85' lang='lat' dir='ltr'><strong>amicus</strong></span> <span class='ocrx_word' id='word_1_115' title='bbox 459 2527 502 2596; x_wconf 89' lang='lat' dir='ltr'><strong>et</strong></span> <span class='ocrx_word' id='word_1_116' title='bbox 530 2519 721 2598; x_wconf 86' lang='lat' dir='ltr'><strong>inimicus</strong></span> <span class='ocrx_word' id='word_1_117' title='bbox 751 2520 790 2595; x_wconf 91' lang='lat' dir='ltr'><strong>io</strong></span> <span class='ocrx_word' id='word_1_118' title='bbox 819 2545 904 2598; x_wconf 87' lang='lat' dir='ltr'><strong>uno</strong></span> <span class='ocrx_word' id='word_1_119' title='bbox 935 2521 1090 2598; x_wconf 89' lang='lat' dir='ltr'><strong>eodem</strong></span> <span class='ocrx_word' id='word_1_120' title='bbox 1129 2529 1287 2623; x_wconf 88' lang='lat' dir='ltr'><strong>tempo·</strong></span> 
     </span>
    </p>
   </div>
   <div class='ocr_carea' id='block_1_7' title="bbox 190 2637 1405 2740">
    <p class='ocr_par' dir='ltr' id='par_1_7' title="bbox 190 2637 1405 2740">
     <span class='ocr_line' id='line_1_19' title="bbox 190 2637 1405 2740; baseline 0 -23"><span class='ocrx_word' id='word_1_121' title='bbox 190 2663 251 2732; x_wconf 88' lang='lat' dir='ltr'><strong>re,</strong></span> <span class='ocrx_word' id='word_1_122' title='bbox 280 2647 321 2716; x_wconf 90' lang='lat' dir='ltr'><strong>et</strong></span> <span class='ocrx_word' id='word_1_123' title='bbox 350 2639 472 2730; x_wconf 83' lang='lat' dir='ltr'><strong>insta,</strong></span> <span class='ocrx_word' id='word_1_124' title='bbox 501 2637 614 2740; x_wconf 90' lang='lat' dir='ltr'><strong>quod</strong></span> <span class='ocrx_word' id='word_1_125' title='bbox 643 2663 665 2716; x_wconf 87' lang='lat' dir='ltr'><strong>a</strong></span> <span class='ocrx_word' id='word_1_126' title='bbox 689 2639 761 2716; x_wconf 89' lang='lat' dir='ltr'><strong>tati</strong></span> <span class='ocrx_word' id='word_1_127' title='bbox 783 2640 989 2739; x_wconf 82' lang='lat' dir='ltr'><strong>petitione</strong></span> <span class='ocrx_word' id='word_1_128' title='bbox 1006 2666 1053 2718; x_wconf 88' lang='lat' dir='ltr'><strong>se</strong></span> <span class='ocrx_word' id='word_1_129' title='bbox 1068 2648 1288 2719; x_wconf 83' lang='lat' dir='ltr'><strong>removeat</strong></span> <span class='ocrx_word' id='word_1_130' title='bbox 1403 2721 1405 2726; x_wconf 7' lang='grc' dir='ltr'><strong>λ</strong></span> 
     </span>
    </p>
   </div>
   <div class='ocr_carea' id='block_1_8' title="bbox 185 2755 1317 3945">
    <p class='ocr_par' dir='ltr' id='par_1_8' title="bbox 185 2755 1317 3463">
     <span class='ocr_line' id='line_1_20' title="bbox 189 2755 1317 2860; baseline 0 -24"><span class='ocrx_word' id='word_1_131' title='bbox 189 2781 284 2836; x_wconf 85' lang='lat' dir='ltr'><strong>eum</strong></span> <span class='ocrx_word' id='word_1_132' title='bbox 326 2759 407 2836; x_wconf 87' lang='lat' dir='ltr'><strong>iliis</strong></span> <span class='ocrx_word' id='word_1_133' title='bbox 447 2755 755 2860; x_wconf 84' lang='lat' dir='ltr'><strong>pertinentibus</strong></span> <span class='ocrx_word' id='word_1_134' title='bbox 796 2759 936 2852; x_wconf 79' lang='lat' dir='ltr'><strong>verbis</strong></span> <span class='ocrx_word' id='word_1_135' title='bbox 970 2767 1011 2836; x_wconf 88' lang='lat' dir='ltr'><strong>et</strong></span> <span class='ocrx_word' id='word_1_136' title='bbox 1039 2757 1317 2852; x_wconf 55' lang='lat' dir='ltr'><strong>rationibus„</strong></span> 
     </span>
     <span class='ocr_line' id='line_1_21' title="bbox 185 2877 1286 2982; baseline 0 -26"><span class='ocrx_word' id='word_1_137' title='bbox 185 2899 297 2982; x_wconf 83' lang='lat' dir='ltr'><strong>quae</strong></span> <span class='ocrx_word' id='word_1_138' title='bbox 325 2883 421 2956; x_wconf 88' lang='lat' dir='ltr'><strong>tuae</strong></span> <span class='ocrx_word' id='word_1_139' title='bbox 458 2878 689 2981; x_wconf 79' lang='lat' dir='ltr'><strong>sapientiae</strong></span> <span class='ocrx_word' id='word_1_140' title='bbox 720 2880 984 2958; x_wconf 86' lang='lat' dir='ltr'><strong>videbuntur.</strong></span> <span class='ocrx_word' id='word_1_141' title='bbox 1041 2881 1093 2956; x_wconf 81' lang='lat' dir='ltr'><strong>Et</strong></span> <span class='ocrx_word' id='word_1_142' title='bbox 1132 2883 1166 2957; x_wconf 87' lang='lat' dir='ltr'><strong>si</strong></span> <span class='ocrx_word' id='word_1_143' title='bbox 1202 2877 1286 2956; x_wconf 91' lang='lat' dir='ltr'><strong>hoc</strong></span> 
     </span>
     <span class='ocr_line' id='line_1_22' title="bbox 189 3000 1287 3103; baseline -0.003 -24"><span class='ocrx_word' id='word_1_144' title='bbox 189 3003 385 3079; x_wconf 86' lang='lat' dir='ltr'><strong>obtinere</strong></span> <span class='ocrx_word' id='word_1_145' title='bbox 427 3000 588 3102; x_wconf 83' lang='lat' dir='ltr'><strong>poteris</strong></span> <span class='ocrx_word' id='word_1_146' title='bbox 631 3002 740 3079; x_wconf 89' lang='lat' dir='ltr'><strong>bene</strong></span> <span class='ocrx_word' id='word_1_147' title='bbox 782 3001 980 3103; x_wconf 85' lang='lat' dir='ltr'><strong>quidem,</strong></span> <span class='ocrx_word' id='word_1_148' title='bbox 1024 3003 1287 3102; x_wconf 87' lang='lat' dir='ltr'><strong>quandoau-</strong></span> 
     </span>
     <span class='ocr_line' id='line_1_23' title="bbox 191 3117 1291 3218; baseline -0.001 -22"><span class='ocrx_word' id='word_1_149' title='bbox 191 3125 276 3198; x_wconf 85' lang='lat' dir='ltr'><strong>tem</strong></span> <span class='ocrx_word' id='word_1_150' title='bbox 290 3144 389 3218; x_wconf 89' lang='lat' dir='ltr'><strong>non,</strong></span> <span class='ocrx_word' id='word_1_151' title='bbox 412 3121 558 3197; x_wconf 86' lang='lat' dir='ltr'><strong>damus</strong></span> <span class='ocrx_word' id='word_1_152' title='bbox 576 3117 648 3198; x_wconf 90' lang='lat' dir='ltr'><strong>tibi</strong></span> <span class='ocrx_word' id='word_1_153' title='bbox 667 3118 902 3198; x_wconf 84' lang='lat' dir='ltr'><strong>libertatem</strong></span> <span class='ocrx_word' id='word_1_154' title='bbox 921 3119 1291 3200; x_wconf 84' lang='lat' dir='ltr'><strong>condescendendi</strong></span> 
     </span>
     <span class='ocr_line' id='line_1_24' title="bbox 190 3239 1287 3345; baseline -0.001 -27"><span class='ocrx_word' id='word_1_155' title='bbox 190 3243 424 3322; x_wconf 83' lang='lat' dir='ltr'><strong>seeundum</strong></span> <span class='ocrx_word' id='word_1_156' title='bbox 454 3240 740 3319; x_wconf 84' lang='lat' dir='ltr'><strong>conditionem</strong></span> <span class='ocrx_word' id='word_1_157' title='bbox 771 3242 1124 3345; x_wconf 84' lang='lat' dir='ltr'><strong>suprascriptam,</strong></span> <span class='ocrx_word' id='word_1_158' title='bbox 1166 3253 1208 3318; x_wconf 85' lang='lat' dir='ltr'><strong>et</strong></span> <span class='ocrx_word' id='word_1_159' title='bbox 1235 3239 1287 3317; x_wconf 87' lang='lat' dir='ltr'><strong>fa·</strong></span> 
     </span>
     <span class='ocr_line' id='line_1_25' title="bbox 193 3345 959 3463; baseline -0.003 -23"><span class='ocrx_word' id='word_1_160' title='bbox 193 3345 332 3440; x_wconf 75' lang='lat' dir='ltr'><strong>ciendi</strong></span> <span class='ocrx_word' id='word_1_161' title='bbox 361 3361 576 3462; x_wconf 90' lang='lat' dir='ltr'><strong>quomodo</strong></span> <span class='ocrx_word' id='word_1_162' title='bbox 606 3359 755 3439; x_wconf 87' lang='lat' dir='ltr'><strong>melios</strong></span> <span class='ocrx_word' id='word_1_163' title='bbox 782 3362 959 3463; x_wconf 88' lang='lat' dir='ltr'><strong>poteris.</strong></span> 
     </span>
    </p>

    <p class='ocr_par' dir='ltr' id='par_1_9' title="bbox 193 3479 1292 3945">
     <span class='ocr_line' id='line_1_26' title="bbox 295 3479 1289 3582; baseline -0.007 -22"><span class='ocrx_word' id='word_1_164' title='bbox 295 3481 348 3560; x_wconf 76' lang='lat' dir='ltr'><strong>nt</strong></span> <span class='ocrx_word' id='word_1_165' title='bbox 376 3482 471 3582; x_wconf 84' lang='lat' dir='ltr'><strong>quia</strong></span> <span class='ocrx_word' id='word_1_166' title='bbox 488 3481 637 3558; x_wconf 86' lang='lat' dir='ltr'><strong>dietus</strong></span> <span class='ocrx_word' id='word_1_167' title='bbox 653 3479 848 3559; x_wconf 87' lang='lat' dir='ltr'><strong>dominus</strong></span> <span class='ocrx_word' id='word_1_168' title='bbox 876 3479 906 3555; x_wconf 83' lang='lat' dir='ltr'>S</span> <span class='ocrx_word' id='word_1_169' title='bbox 922 3507 944 3560; x_wconf 89' lang='lat' dir='ltr'><strong>a</strong></span> <span class='ocrx_word' id='word_1_170' title='bbox 960 3508 986 3558; x_wconf 90' lang='lat' dir='ltr'><strong>n</strong></span> <span class='ocrx_word' id='word_1_171' title='bbox 1002 3480 1028 3555; x_wconf 93' lang='lat' dir='ltr'><strong>d</strong></span> <span class='ocrx_word' id='word_1_172' title='bbox 1044 3503 1066 3554; x_wconf 89' lang='lat' dir='ltr'><strong>a</strong></span> <span class='ocrx_word' id='word_1_173' title='bbox 1082 3481 1093 3556; x_wconf 93' lang='grc' dir='ltr'>Ι</span> <span class='ocrx_word' id='word_1_174' title='bbox 1110 3482 1120 3556; x_wconf 91' lang='lat' dir='ltr'><strong>i</strong></span> <span class='ocrx_word' id='word_1_175' title='bbox 1151 3479 1289 3580; x_wconf 88' lang='lat' dir='ltr'><strong>requi·</strong></span> 
     </span>
     <span class='ocr_line' id='line_1_27' title="bbox 193 3599 1291 3700; baseline -0.003 -22"><span class='ocrx_word' id='word_1_176' title='bbox 193 3599 304 3698; x_wconf 85' lang='lat' dir='ltr'><strong>sivit,</strong></span> <span class='ocrx_word' id='word_1_177' title='bbox 333 3607 379 3678; x_wconf 89' lang='lat' dir='ltr'><strong>ut</strong></span> <span class='ocrx_word' id='word_1_178' title='bbox 407 3600 677 3700; x_wconf 85' lang='lat' dir='ltr'><strong>dignaremur</strong></span> <span class='ocrx_word' id='word_1_179' title='bbox 713 3603 851 3679; x_wconf 91' lang='lat' dir='ltr'><strong>eidem</strong></span> <span class='ocrx_word' id='word_1_180' title='bbox 882 3601 1123 3681; x_wconf 75' lang='lat' dir='ltr'><strong>concedere</strong></span> <span class='ocrx_word' id='word_1_181' title='bbox 1152 3608 1291 3678; x_wconf 87' lang='lat' dir='ltr'><strong>certas</strong></span> 
     </span>
     <span class='ocr_line' id='line_1_28' title="bbox 194 3720 1290 3826; baseline -0.003 -26"><span class='ocrx_word' id='word_1_182' title='bbox 194 3725 587 3814; x_wconf 82' lang='lat' dir='ltr'><strong>suasdomos,</strong></span> <span class='ocrx_word' id='word_1_183' title='bbox 616 3725 874 3826; x_wconf 85' lang='lat' dir='ltr'><strong>qunshnbet</strong></span> <span class='ocrx_word' id='word_1_184' title='bbox 914 3723 954 3800; x_wconf 90' lang='lat' dir='ltr'><strong>in</strong></span> <span class='ocrx_word' id='word_1_185' title='bbox 988 3720 1206 3802; x_wconf 85' lang='lat' dir='ltr'><strong>Cataro</strong></span> <span class='ocrx_word' id='word_1_186' title='bbox 1249 3729 1290 3798; x_wconf 88' lang='lat' dir='ltr'><strong>et</strong></span> 
     </span>
     <span class='ocr_line' id='line_1_29' title="bbox 195 3841 1292 3945; baseline -0.003 -25"><span class='ocrx_word' id='word_1_187' title='bbox 195 3843 251 3920; x_wconf 80' lang='lat' dir='ltr'><strong>in¹</strong></span> <span class='ocrx_word' id='word_1_188' title='bbox 274 3841 480 3932; x_wconf 82' lang='lat' dir='ltr'><strong>Jadra,</strong></span> <span class='ocrx_word' id='word_1_189' title='bbox 521 3869 627 3945; x_wconf 87' lang='lat' dir='ltr'><strong>quae</strong></span> <span class='ocrx_word' id='word_1_190' title='bbox 668 3843 768 3922; x_wconf 87' lang='lat' dir='ltr'><strong>alias</strong></span> <span class='ocrx_word' id='word_1_191' title='bbox 796 3843 875 3922; x_wconf 90' lang='lat' dir='ltr'><strong>sibi</strong></span> <span class='ocrx_word' id='word_1_192' title='bbox 903 3842 1071 3920; x_wconf 86' lang='lat' dir='ltr'><strong>fuerunt</strong></span> <span class='ocrx_word' id='word_1_193' title='bbox 1098 3842 1292 3929; x_wconf 88' lang='lat' dir='ltr'><strong>donatae,</strong></span> 
     </span>
    </p>
   </div>
   <div class='ocr_carea' id='block_1_9' title="bbox 196 3963 1595 4066">
    <p class='ocr_par' dir='ltr' id='par_1_10' title="bbox 196 3963 1595 4066">
     <span class='ocr_line' id='line_1_30' title="bbox 196 3963 1595 4066; baseline 0.002 -24"><span class='ocrx_word' id='word_1_194' title='bbox 196 3964 248 4042; x_wconf 90' lang='lat' dir='ltr'><strong>de</strong></span> <span class='ocrx_word' id='word_1_195' title='bbox 277 3964 426 4066; x_wconf 85' lang='lat' dir='ltr'><strong>quibus</strong></span> <span class='ocrx_word' id='word_1_196' title='bbox 455 3963 650 4042; x_wconf 84' lang='lat' dir='ltr'><strong>domibus</strong></span> <span class='ocrx_word' id='word_1_197' title='bbox 679 3970 907 4041; x_wconf 84' lang='lat' dir='ltr'><strong>contentus</strong></span> <span class='ocrx_word' id='word_1_198' title='bbox 945 3969 1036 4040; x_wconf 88' lang='lat' dir='ltr'><strong>erat</strong></span> <span class='ocrx_word' id='word_1_199' title='bbox 1063 3971 1178 4042; x_wconf 84' lang='lat' dir='ltr'><strong>stare</strong></span> <span class='ocrx_word' id='word_1_200' title='bbox 1204 3987 1290 4062; x_wconf 83' lang='lat' dir='ltr'><strong>gra·</strong></span> <span class='ocrx_word' id='word_1_201' title='bbox 1434 4045 1437 4057; x_wconf 74' lang='grc'><strong>,</strong></span> <span class='ocrx_word' id='word_1_202' title='bbox 1591 3982 1595 4001; x_wconf 88' lang='grc'>·</span> 
     </span>
    </p>
   </div>
   <div class='ocr_carea' id='block_1_10' title="bbox 195 4074 1292 4306">
    <p class='ocr_par' dir='ltr' id='par_1_11' title="bbox 195 4074 1292 4306">
     <span class='ocr_line' id='line_1_31' title="bbox 195 4074 1292 4198; baseline -0.002 -40"><span class='ocrx_word' id='word_1_203' title='bbox 195 4083 278 4198; x_wconf 84' lang='lat' dir='ltr'><strong>tiae</strong></span> <span class='ocrx_word' id='word_1_204' title='bbox 305 4084 440 4160; x_wconf 89' lang='lat' dir='ltr'><strong>nostri</strong></span> <span class='ocrx_word' id='word_1_205' title='bbox 469 4081 664 4179; x_wconf 87' lang='lat' dir='ltr'><strong>dominii;</strong></span> <span class='ocrx_word' id='word_1_206' title='bbox 693 4083 728 4160; x_wconf 88' lang='lat' dir='ltr'><strong>si</strong></span> <span class='ocrx_word' id='word_1_207' title='bbox 756 4083 893 4162; x_wconf 85' lang='lat' dir='ltr'><strong>dietus</strong></span> <span class='ocrx_word' id='word_1_208' title='bbox 915 4074 1292 4160; x_wconf 82' lang='lat' dir='ltr'><strong>dominusSandeii</strong></span> 
     </span>
     <span class='ocr_line' id='line_1_32' title="bbox 198 4199 1291 4306; baseline -0.002 -27"><span class='ocrx_word' id='word_1_209' title='bbox 198 4201 272 4280; x_wconf 90' lang='lat' dir='ltr'><strong>tibi</strong></span> <span class='ocrx_word' id='word_1_210' title='bbox 312 4203 490 4285; x_wconf 86' lang='lat' dir='ltr'><strong>similem</strong></span> <span class='ocrx_word' id='word_1_211' title='bbox 539 4201 865 4306; x_wconf 86' lang='lat' dir='ltr'><strong>requisitionem</strong></span> <span class='ocrx_word' id='word_1_212' title='bbox 905 4203 1092 4290; x_wconf 79' lang='lat' dir='ltr'><strong>iaceret,</strong></span> <span class='ocrx_word' id='word_1_213' title='bbox 1134 4199 1291 4281; x_wconf 83' lang='lat' dir='ltr'><strong>debeas</strong></span> 
     </span>
    </p>
   </div>
   <div class='ocr_carea' id='block_1_11' title="bbox 0 0 1617 5110">
    <p class='ocr_par' dir='ltr' id='par_1_12' title="bbox 0 0 1617 5110">
     <span class='ocr_line' id='line_1_33' title="bbox 0 0 1617 5110; baseline 0 0"><span class='ocrx_word' id='word_1_214' title='bbox 0 0 1617 5110; x_wconf 95' lang='lat' dir='ltr'><strong> </strong></span> 
     </span>
    </p>
   </div>
  </div>
 </body>
</html>
