3236 5108
172 561 339 642 tantum¹
387 549 673 634 amicabilibus
716 559 758 632 et
799 549 1034 638 benevolis,
1062 555 1260 654 quantum

170 673 343 776 poterit,
371 672 523 752 debeat
550 699 782 776 exponere.

270 793 393 892 Quod
434 795 546 874 Deus
586 795 729 884 novit,
771 801 814 874 et
852 817 955 872 suae
996 794 1223 893 magnii
1232 795 1258 870 i·

171 915 412 992 centiae
452 921 646 1020 patenter
680 921 723 992 et
763 915 814 994 ab
843 921 1022 1015 experto
1064 919 1260 992 constare

176 1029 315 1120 dabat,
358 1033 676 1136 quodpropter
715 1035 925 1113 sinceram
967 1033 1180 1110 caritatem
1218 1039 1262 1111 et

172 1148 459 1238 ditectionem,
496 1177 618 1254 quam
648 1155 850 1233 continuo
892 1152 1095 1253 gessimus
1124 1161 1166 1230 et
1194 1175 1260 1253 gc·

170 1271 326 1358 rimus,
373 1295 423 1350 ao
450 1277 659 1376 perpetuo
690 1295 844 1372 gerere
885 1272 1135 1354 intendimus
1161 1297 1261 1350 suaa

173 1393 457 1492 magnitudini,
498 1394 622 1472 statui
663 1419 741 1474 suo
772 1403 815 1472 et
846 1395 1002 1475 civitati
1031 1417 1131 1472 suae
1171 1393 1262 1472 Du·

170 1513 384 1602 rachii,
413 1515 464 1594 ad
492 1515 703 1594 honorem
731 1541 863 1614 suum,
896 1541 950 1594 ne
979 1515 1089 1596 dieta
1116 1516 1261 1595 civitas

170 1631 393 1735 perveniat
433 1636 483 1712 ad
525 1659 669 1714 manus
724 1635 952 1716 infidelium
1007 1635 1260 1716 Turcbo·

175 1776 308 1832 rum.
353 1754 726 1859 cognovimusque
778 1782 981 1861 expresse
1028 1761 1180 1836 bonam
1221 1763 1263 1835 et

173 1880 427 1979 oportunam
455 1877 712 1956 voluntatem
740 1903 841 1958 suae
879 1877 1174 1980 magnitudinis
1202 1901 1262 1956 er·

172 2019 224 2096 ga
253 2004 445 2076 nostrum
475 1998 716 2092 dominium,
746 2007 788 2078 et
817 2001 944 2078 irrisae
974 2007 1016 2078 et
1044 2023 1139 2080 esse
1160 1999 1264 2100 vigi·

177 2120 260 2196 tem
291 2127 333 2198 et
362 2125 559 2197 attentam
588 2120 640 2196 ad
669 2104 1035 2201 conservatione-m
1076 2145 1194 2199 suam
1222 2127 1264 2198 at

173 2240 312 2320 diotae
341 2241 519 2320 civitatis
554 2266 680 2336 suae,
721 2267 802 2344 que
842 2242 1007 2346 quidem
1048 2249 1264 2322 nostrast

27 2379 28 2450 ζ
171 2387 274 2442 suae
314 2364 608 2463 magnitudinis
647 2365 902 2444 intentiones
930 2373 972 2444 et
1000 2365 1157 2468 optime
1192 2387 1262 2442 vo·

173 2485 354 2562 tuntates
383 2489 652 2590 apparuerint
680 2488 778 2566 hino
809 2490 906 2566 inde
935 2485 1077 2591 operis
1103 2509 1182 2590 per
1210 2486 1263 2565 ei·

173 2605 349 2697 iectum;
378 2631 472 2686 nam
500 2631 577 2686 nos
606 2615 648 2686 et
674 2631 750 2684 sua
778 2605 1085 2707 magnificentia
1112 2607 1264 2685 fuimus

174 2727 389 2825 contenti,
432 2725 545 2828 qarod
586 2727 710 2804 turris
749 2726 816 2805 iila
872 2724 1159 2806 custodiretur
1185 2752 1265 2834 per

173 2853 347 2926 nostros
390 2855 432 2926 et
470 2853 602 2926 staret
641 2846 786 2925 fulcita
839 2844 997 2926 nostris
1050 2847 1264 2950 expensis,

174 2991 284 3068 quae
314 2990 414 3045 vere
456 2991 591 3068 usque
620 2991 730 3046 nunc
766 2966 841 3046 fuit
883 2967 1150 3047 conservatio
1180 2966 1261 3048 dio·

174 3094 241 3164 tae
273 3087 449 3166 civitatis
478 3093 521 3165 et
548 3088 809 3167 obstaculum
837 3087 1058 3168 intentioni
1072 3085 1264 3168 Tarcho·

173 3231 281 3294 rum,
311 3208 385 3284 sed
415 3209 732 3287 considerantes
761 3208 1049 3288 conditionem
1076 3231 1192 3286 suam
1223 3216 1265 3286 et

173 3328 338 3406 iliarum
367 3329 559 3431 partium,
588 3336 630 3406 et
659 3329 772 3431 quod
794 3329 954 3408 'Purohi
984 3355 1068 3410 non
1100 3337 1265 3408 cessant

174 3470 411 3552 procurare
445 3449 497 3526 de
541 3448 732 3527 habendo
775 3449 1002 3528 dominium
1044 3449 1181 3528 dictae
1211 3449 1264 3526 ci·

173 3571 312 3652 vitatis
339 3593 418 3674 per
446 3591 613 3648 omnem
641 3571 748 3647 viam
777 3569 1039 3658 atmodum,
1068 3577 1110 3648 et
1137 3570 1265 3670 impo-

173 3689 1000 3788 tentiasuacmagnificentiae
1029 3688 1264 3767 etstimuto

176 3837 227 3893 ac
254 3813 435 3902 damno,
463 3810 575 3912 quod
617 3811 822 3890 continuo
861 3810 1074 3915 patiuntur
1113 3805 1266 3888 subditi

175 3936 253 4020 sui,
283 3940 473 4011 tenemus
502 3908 583 4036 pr'o
614 3933 845 4028 constanti,
877 3930 990 4032 quod
1030 3928 1141 4008 dicta
1170 3930 1265 4008 civi·

175 4067 238 4136 tas
266 4055 440 4136 omnino
469 4053 691 4156 perveniet
720 4055 770 4130 ad
799 4075 943 4128 manus
983 4051 1265 4143 burchorum,

177 4178 257 4258 nisi
285 4185 521 4282 apponatur
563 4199 689 4254 unrrm
717 4175 857 4254 solum
885 4171 1052 4254 salubre
1092 4173 1265 4254 remedi·
