3186 5112
1171 317 1236 384 478

13 531 15 620 ἡ
147 513 385 616 pondeatur
426 517 477 594 ad
518 516 602 592 duo
646 517 913 598 solummodo
948 523 1129 624 capitula
1154 548 1233 626 pro

13 667 15 730 ς
148 657 270 724 nunc,
298 644 343 714 ut
368 635 551 719 inferius.
703 661 707 672 '

13 773 15 852 ῗ
125 867 133 874 ,
248 785 302 868 Et
338 791 475 892 primo
510 794 559 870 ad
588 817 740 884 unum,
782 819 860 898 per
887 797 999 897 quod
1026 798 1233 899 suplicent

147 907 305 990 habere
332 914 570 1014 passagium
609 925 800 996 nostrum
840 919 960 994 unius
1002 919 1145 1018 galee,
1186 927 1232 998 ut

147 1031 1228 1139 irateripsiusSandaiipossittran·

13 1181 15 1272 ὲ
147 1150 254 1230 sire
279 1153 331 1232 in
357 1155 612 1260 Apnieam
640 1158 692 1235 ad
719 1159 931 1236 dominum
958 1183 1114 1260 regem,
1142 1163 1229 1239 suis

13 1321 15 1364 :
147 1275 357 1376 expensis
374 1283 417 1354 et
444 1285 525 1355 cet.

246 1427 590 1533 despondeatur,
638 1436 748 1539 quod
789 1435 829 1516 iu
871 1437 1066 1516 omnibus
1109 1437 1228 1515 nobis

144 1550 412 1650 possibilibus
444 1557 723 1659 complacere
750 1581 849 1635 suae
878 1557 1124 1656 magnificae
1152 1555 1226 1632 fra-

13 1649 14 1700 ³
144 1668 339 1764 ternitati,
365 1695 508 1752 sumus
537 1679 725 1756 contenti
746 1679 986 1756 concedere
1013 1676 1092 1754 sibi
1119 1685 1225 1756 tran·

143 1789 291 1886 situm,
322 1792 463 1894 itaque
482 1820 584 1906 'cum
613 1821 693 1873 una
720 1823 774 1874 ex
802 1795 931 1896 galeis
958 1767 1022 1872 vei
1049 1797 1225 1914 gaieotis

141 1911 296 1990 nostris
324 1914 414 2015 ipse
443 1914 573 1994 irater
600 1941 700 1994 suus
729 1919 1004 2004 conducetur,
1031 1916 1138 1996 sicut
1164 1939 1225 1992 re·

143 2031 281 2132 quirit,
296 2035 403 2113 etad
418 2045 583 2116 nostras
610 2061 831 2141 expensas,
861 2039 979 2118 etsic
995 2041 1221 2118 offerimus.

241 2203 349 2285 ltem
388 2209 512 2290 datur
551 2213 724 2293 libertas
772 2213 953 2314 collegio
993 2211 1222 2316 praticandi

140 2325 227 2405 sive
255 2331 464 2428 praticare
492 2334 688 2424 faciendi,
726 2360 804 2439 per
830 2335 994 2436 aliquos
1011 2359 1073 2412 ex
1101 2334 1221 2413 dictis
1253 2328 1257 2348 '

13 2523 14 2534 Ν
139 2447 244 2526 datis
270 2473 349 2551 pro
390 2455 650 2536 auditoribus
680 2483 773 2537 cum
801 2456 975 2558 prefatis
1013 2457 1221 2532 ambas-

138 2571 449 2652 satoribus
493 2573 833 2686 Sandaliet
867 2577 1059 2655 similiter
1098 2599 1218 2654 cum

139 2684 433 2772 ambasata
462 2693 680 2814 Catari,
715 2701 750 2777 si
775 2705 921 2801 posset
960 2697 1095 2777 teneri
1133 2719 1217 2774 mo·

138 2808 213 2886 dus
252 2817 295 2887 et
321 2815 429 2892 trnhi
455 2820 508 2895 ab
536 2818 663 2922 ipsis,
702 2821 740 2898 in
771 2845 869 2898 casn
896 2845 979 2920 quo
1013 2817 1219 2894 haberent

138 2931 386 3024 libertatem,
416 2940 529 3040 quod
552 2941 642 3045 ipae
670 2941 966 3019 Sandaiiforet
994 2947 1215 3020 contentus

14 3109 15 3140 2
137 3051 225 3129 sive
253 3055 562 3139 ambassatores
589 3063 790 3165 predicti,
820 3063 988 3140 nomine
1016 3085 1108 3150 suo,
1135 3083 1218 3162 pro

137 3177 252 3250 certa
278 3179 477 3276 pecunia,
517 3183 764 3264 renunciare
786 3181 949 3282 juribus
979 3204 1085 3282 quae
1114 3177 1216 3256 dicit

135 3289 293 3372 habere
319 3322 399 3400 per
425 3300 630 3382 directum
669 3305 756 3382 sive
783 3330 862 3408 per
898 3302 1143 3381 indirectum
1171 3299 1213 3376 in

14 3415 15 3492 i
135 3410 302 3506 Cataro,
331 3427 374 3498 et
395 3425 504 3522 quod
534 3423 612 3528 ipsi
641 3427 946 3506 ambaxiatores
977 3421 1115 3501 Catari
1142 3444 1212 3497 no·
1347 3459 1351 3466 ·

132 3535 243 3614 mine
271 3539 534 3620 comunitatis
562 3544 673 3624 iliius
701 3571 749 3626 se
773 3547 1017 3646 obligarent,
1044 3543 1212 3619 solvere

131 3677 372 3756 perannum
400 3659 553 3740 dictam
578 3667 898 3768 promissionem
926 3664 1142 3770 pecuniae,
1169 3671 1212 3740 et

15 3861 16 3870 Ν
131 3781 378 3881 experiendi
405 3807 676 3885 peromnem
717 3789 887 3867 modum
916 3793 958 3868 et
983 3787 1090 3862 viam
1117 3807 1210 3888 pos·

130 3899 305 3990 sihiiem,
334 3905 449 4009 quod
475 3907 581 3986 haec
606 3911 784 3988 intentio
812 3917 959 3988 nostra
982 3907 1102 4010 sequi
1115 3926 1208 4008 pos·

129 4021 207 4110 sit,
246 4047 328 4128 pro
372 4033 714 4110 contentamento
757 4033 980 4109 cuiuslibet
1017 4027 1210 4132 partium,

106 4131 321 4224 ¹namhoc
349 4155 522 4250 potente
549 4151 682 4252 sequi,
710 4152 941 4230 dominatio
969 4153 1111 4228 nostra
1138 4147 1206 4224 ha·

130 4263 252 4342 beret
277 4265 478 4348 intentum
506 4293 650 4358 strum,
673 4277 716 4346 et
742 4277 980 4348 remaneret
1006 4271 1095 4346 sine
1123 4291 1209 4343 sus·

964 4405 1007 4470 30
