3206 5110
354 385 421 463 m

355 591 424 681 um
465 593 864 680 reuomendatorum
908 598 1180 703 complicum.
1203 598 1444 701 sequacium

355 721 540 802 fidelium
583 729 709 823 atque
756 717 1018 798 subditorum
1062 718 1246 818 ejusdem
1288 719 1443 797 ducalis

354 840 527 920 dominii
555 865 609 919 ex
644 865 723 920 una
752 851 884 944 parte,
914 847 956 917 et
985 839 1171 944 prelatus
1202 839 1443 938 magnificus

353 975 397 1042 et
423 975 575 1065 potens
594 963 785 1040 dominus
801 963 995 1040 dominus
1012 961 1220 1059 Georgius
1238 961 1442 1049 ouondam

241 1173 244 1178 ,
352 1083 520 1182 VulchJ,
548 1082 706 1159 habeus
734 1083 926 1162 similiter
953 1083 1234 1186 plenissimam
1265 1083 1442 1160 remissi·

353 1229 478 1283 onem
508 1203 773 1281 autoritatem
803 1212 843 1281 et
873 1203 1050 1288 bailiam,
1066 1213 1110 1281 ut
1138 1227 1275 1307 supra.
1304 1229 1325 1278 a
1354 1227 1444 1304 pre·

354 1323 484 1405 libato
514 1325 662 1402 illustri
693 1333 734 1402 et
763 1324 940 1401 excelso
969 1323 1341 1402 domino‘domino
1370 1323 1443 1401 dis·

350 1451 457 1550 poto
497 1445 673 1526 stefano
703 1441 846 1524 ilassie
889 1443 996 1522 dirce
1026 1455 1109 1526 etc.
1154 1443 1200 1523 Ut
1227 1452 1343 1548 patet
1369 1467 1445 1545 per

350 1551 503 1649 literas'
522 1565 896 1668 ejusdemdomini
926 1565 1085 1644 domini
1114 1565 1281 1669 despoti
1309 1565 1359 1640 ad
1391 1566 1442 1667 ip·

350 1711 440 1764 sum
470 1685 743 1788 spectabilem
766 1695 808 1762 et
822 1697 1078 1785 generosum
1094 1686 1306 1763 dominum
1323 1684 1444 1762 uran-

351 1809 510 1885 oiscum
540 1807 713 1906 Quirino
743 1807 917 1894 delatas,
945 1805 1131 1902 ejusdem
1162 1805 1334 1882 illustris
1372 1807 1441 1882 do·

350 1927 446 2009 mini
473 1927 631 2006 domini
647 1927 802 2030 dispoti
818 1925 942 2028 sigilli
959 1925 1236 2030 impressione
1254 1927 1441 2014 munitas,

349 2047 464 2128 datas
492 2049 531 2125 in
560 2047 833 2154 Topolonioa
861 2048 929 2124 die
958 2043 1076 2123 xxu
1105 2047 1261 2123 mensis
1286 2045 1436 2130 Martii,

351 2175 544 2256 luzosex
560 2181 681 2274 parte
697 2171 839 2254 altera,
868 2155 945 2246 suo
974 2170 1152 2272 proprio
1181 2167 1374 2255 nomine,
1401 2177 1442 2246 et

349 2291 516 2370 nomine
547 2300 588 2368 et
616 2295 710 2372 viee
742 2291 895 2394 prelati
923 2291 1095 2368 illustris
1111 2289 1266 2368 domiui
1285 2288 1440 2365 domini

349 2412 503 2516 dispuli
533 2411 746 2519 Stephani,
777 2437 827 2492 aa
856 2413 1024 2490 nomine
1053 2420 1096 2488 et
1137 2411 1229 2488 vioe
1257 2411 1439 2487 omnium

329 2544 390 2612 'et
430 2525 1025 2634 singulorumoolligatorum
1067 2533 1357 2610 adherentium
1399 2543 1441 2608 el

347 2654 757 2739 recomendalorum‚
787 2651 994 2728 lautorum
1025 2649 1279 2752 complicum
1295 2675 1439 2751 sequa·

348 2776 457 2853 oium
473 2785 599 2877 atque
625 2774 888 2852 subditorum
903 2777 945 2850 et
959 2772 1222 2850 vassalorum
1251 2797 1441 2850 suorum.

310 2893 548 3000 [Veientes
592 2895 734 2998 itaque
762 2893 913 2998 prefati
956 2893 1200 2992 magnificus
1242 2892 1440 2970 domiuus
1535 2955 1541 2966 .

346 3016 538 3096 dominus
566 3015 774 3118 Georgius
803 3017 1014 3117 quondam
1042 3013 1209 3098 Vulchi,
1237 3019 1280 3091 et
1307 3013 1438 3091 domi-

344 3161 421 3214 nus
448 3135 700 3215 rranciscus
725 3134 900 3234 Quirino
943 3133 1186 3236 capitaneus
1228 3141 1442 3236 utsupra,

345 3257 584 3336 nominibus
612 3257 846 3340 antedictis,
874 3255 1106 3359 predictam
1123 3279 1269 3356 pacem
1287 3263 1329 3332 et
1345 3255 1443 3334 ami·

345 3377 466 3456 eilias
505 3387 590 3458 tam
632 3377 896 3462 dulcissimas
939 3374 1216 3454 indissolubili
1271 3375 1442 3454 vinculo

192 3510 195 3524 ⁴
344 3507 587 3588 connectas,
615 3497 919 3576 inviolabiliter
947 3497 1176 3575 observare
1204 3505 1246 3573 ol
1278 3497 1319 3572 in
1348 3520 1441 3599 per-

343 3626 515 3721 petuum
557 3625 846 3703 manutenere,
894 3631 945 3698 aa
987 3641 1136 3715 omues
1175 3623 1217 3692 et
1256 3617 1441 3716 singulas

342 3735 611 3828 differentias,
639 3763 719 3841 que
750 3744 847 3842 post
876 3737 1209 3817 celebrationem
1233 3735 1345 3816 diele
1372 3763 1440 3840 pa·

342 3860 403 3937 cis
430 3861 711 3961 insurgerunt‚
747 3860 896 3938 sedare
926 3865 968 3936 et
995 3859 1186 3938 totaliter
1225 3871 1441 3942 amovere,

342 4005 395 4058 ne
424 3979 477 4059 de
508 3987 656 4061 cetero
686 3984 798 4060 inter
825 3982 937 4086 ipsas
966 3991 1108 4086 partes
1137 4005 1263 4058 error
1290 3979 1441 4084 aliquis

340 4097 580 4189 suscitelum
622 4103 662 4179 iu
692 4103 827 4180 eterni
869 4101 1073 4182 creatoris
1109 4099 1278 4180 nomine
1316 4127 1440 4181 vene·
1523 4119 1536 4152 ⁰

338 4223 483 4312 raudo,
511 4221 624 4299 omni
655 4221 785 4302 modo
815 4224 882 4304 via
903 4229 1002 4324 jure
1030 4231 1072 4302 et
1108 4223 1255 4313 forma,
1283 4223 1440 4326 quibus
