3234 5116
352 299 444 372 1³4,

359 493 599 598 ennodius
625 513 771 601 auen.
802 523 850 592 et¹
870 517 1060 596 comunis
1087 511 1383 612 venetiarum,
1410 531 1451 600 et

356 660 435 738 pro
464 633 604 719 multis
618 633 710 712 aliis
740 635 792 712 de
810 636 959 728 causis,
991 633 1112 716 nobis
1140 642 1356 742 sapienter
1375 665 1451 743 per

355 757 512 835 dietum
531 753 888 834 ambassiatorem
931 759 1169 861 explicatis,
1211 760 1451 840 intromissi·

355 902 482 956 onem
511 877 625 954 dicte
667 877 843 956 oivitalis
884 877 1098 972 iecerunt,
1138 905 1215 958 nos
1244 883 1449 983 rogando,

284 1045 294 1058 ·
356 1007 560 1101 quatenus
588 996 710 1074 nobis
752 998 957 1098 placeret,
994 1023 1048 1076 ex
1090 1002 1451 1104 contemplatione

354 1118 508 1220 prelati
532 1115 806 1196 ‘serenissimi
845 1115 1000 1196 domini
1028 1120 1148 1200 ducis
1186 1131 1229 1198 et
1257 1123 1450 1200 comunis

352 1241 639 1326 venetiarum,
680 1237 822 1318 tacere
852 1237 959 1318 bona
991 1240 1222 1318 ¹vicinantia
1252 1241 1366 1322 dicte
1395 1245 1448 1324 oi·

352 1360 469 1440 vitali
511 1359 678 1452 Catari,
718 1357 893 1440 subditis
936 1370 978 1440 et
1019 1359 1212 1440 fidelibus
1250 1365 1450 1462 ejusdem,

353 1479 651 1560 atterritoriis
679 1482 781 1576 suis3
818 1491 861 1560 et
888 1489 1036 1560 tenere
1064 1484 1234 1560 modum
1260 1509 1362 1564 eum
1392 1484 1449 1564 ei·

352 1605 491 1703 laetu,
539 1605 652 1704 quod
682 1625 981 1698 caravane
1018 1604 1128 1680 irent
1167 1629 1243 1706 per
1285 1612 1448 1685 rectam

350 1724 459 1800 viam
488 1723 538 1800 ad
569 1722 779 1800 civitatem
812 1721 1031 1814 Catari,
1069 1735 1111 1800 et
1139 1749 1247 1808 non
1278 1723 1449 1825 Ragn-

265 1907 268 1914 ,
348 1847 395 1922 si
413 1869 517 1933 um;
546 1852 596 1922 et
618 1845 732 1946 qnod
762 1851 944 1946 quatuor
973 1843 1210 1932 Catarinos,
1239 1871 1345 1948 quos
1380 1847 1449 1926 ha·

351 1969 497 2044 bemus
525 1967 564 2040 in
581 1963 752 2042 obsides
781 1991 806 2040 a
819 1965 1078 2044 comunitate
1095 1965 1248 2052 Catari,
1278 1966 1333 2045 ob
1351 1993 1447 2046 eon·

338 2085 665 2188 templationem
707 2084 837 2185 ipsius
867 2084 1026 2162 domini
1070 2085 1189 2165 ducis
1232 2094 1276 2164 et
1303 2111 1447 2166 oomn-

349 2205 411 2284 nis
427 2205 713 2294 venetiarum,
730 2205 1029 2291 relaxaremus,
1060 2205 1346 2308 promittendo
1374 2233 1448 2286 no·

348 2327 436 2423 bis‚·
455 2323 568 2428 quod
598 2325 689 2427 ipse
706 2323 934 2429 prelibatus
962 2323 1154 2403 dominus
1183 2326 1280 2418 dux,
1310 2330 1354 2406 et
1378 2353 1448 2408 oo·

345 2473 471 2525 mune
497 2449 797 2538 Venetiarum,
826 2449 945 2524 daret
988 2457 1032 2523 et
1059 2446 1149 2525 dari
1184 2447 1348 2528 laceret
1375 2474 1448 2526 no·
1584 2523 1585 2544 Ν

347 2568 409 2648 bis
436 2571 604 2669 singulo
633 2593 743 2649 anno
773 2569 824 2644 de
853 2569 1098 2646 introitibus
1138 2593 1308 2648 camere
1348 2572 1447 2650 salis

347 2693 502 2780 Catari,
520 2693 696 2774 ducatos
723 2696 952 2769 sexcentos
982 2692 1084 2768 auri.
1117 2689 1242 2768 Circa
1258 2715 1340 2794 que
1367 2718 1448 2794 per

344 2820 489 2916 partes
518 2814 645 2892 multa
672 2812 783 2890 diota
825 2811 1017 2900 inerunt,
1060 2811 1308 2892 etillotuno
1346 2839 1445 2892 oon·

343 2933 536 3013 cordium
566 2931 738 3033 aliquod
781 2931 1037 3010 adinvicem
1067 2931 1216 3010 haberi
1253 2957 1337 3012 non
1370 2959 1445 3035 po·

292 3141 296 3149 ,
343 3053 433 3132 tuit.
485 3052 603 3130 Nune
647 3059 785 3129 atatem
815 3051 909 3153 quia
950 3050 1002 3127 de
1031 3075 1144 3128 novo
1187 3057 1231 3126 et
1271 3052 1310 3130 in
1353 3075 1447 3152 pre·

324 3175 467 3260 senti,
503 3171 639 3249 dictus
666 3172 859 3248 dominns
899 3168 1089 3251 dohanas
1117 3169 1317 3268 Georgio‚
1361 3197 1443 3268 am·

344 3295 552 3373 bassiator
578 3293 740 3398 prefati
772 3291 1036 3370 serenissimi
1066 3291 1223 3368 domini
1254 3291 1373 3370 ducis
1403 3303 1445 3370 et

342 3415 536 3493 comunis
552 3415 840 3496 Venellorum,
859 3412 1053 3514 pervenit
1082 3411 1131 3488 ad
1148 3417 1334 3488 nostram
1350 3435 1442 3514 pre-

341 3535 532 3634 sentiam,
564 3559 659 3613 cum
691 3533 824 3610 literis
853 3530 1181 3611 credentialibus
1209 3530 1340 3635 ipsius
1369 3531 1442 3612 do·

339 3655 442 3734 mini
470 3655 588 3734 ducis
626 3663 667 3730 et
710 3654 902 3732 comunis
928 3653 1215 3740 venetiarum,
1243 3657 1314 3754 qni
1341 3663 1441 3755 post

339 3779 609 3856 salutationes
653 3783 695 3852 et
723 3773 958 3852 oblationes
988 3771 1109 3851 nobis
1140 3773 1285 3859 factas,
1313 3771 1437 3851 nobis

341 3895 482 3974 omnia
509 3895 710 3998 prediola,
740 3900 783 3973 et
810 3894 936 3970 multa
964 3893 1043 3972 alia
1070 3895 1285 3996 sapienter
1313 3893 1437 3996 repli-

342 4018 471 4104 cavit,
508 4041 588 4095 nos
614 4015 832 4116 rogando,
860 4020 1064 4117 quatenus
1092 4012 1214 4094 nobis
1244 4013 1435 4114 placeret

1583 3361 1585 3498 l

340 4137 701 4227 condescendere,
729 4143 770 4218 et
796 4161 981 4217 annuere
1008 4129 1214 4216 voluntati
1242 4134 1433 4214 diotido·
1584 4187 1585 4198 κ
