3236 5108
1199 457 1268 524 ²57
1573 500 1574 510 κ

176 689 270 745 cum
300 663 342 742 in
369 664 558 768 ipsarum
600 660 831 740 litterarum
874 665 986 742 serie
1028 665 1268 761 cavebatur,

178 786 295 886 quod
346 805 441 864 oum
484 783 690 860 serenitas
731 785 848 883 regia
901 785 1175 888 proposuerit
1218 785 1268 860 ad

177 931 257 984 nos
287 899 562 982 ambasciatam
599 929 714 982 suum
742 905 1038 994 transmittere,
1079 909 1270 1009 placeret

179 1026 304 1104 nobis
342 1023 550 1128 quoddam
580 1048 632 1100 ex
662 1025 816 1104 nostris
845 1026 1021 1126 navigiis
1050 1028 1270 1130 adportes

180 1145 466 1238 Sibenici
505 1146 592 1222 sive
633 1145 918 1246 Tragurii
948 1149 1010 1223 vel
1041 1145 1269 1250 Spoleti

181 1266 417 1354 destinare,
459 1273 503 1342 ut
544 1265 737 1344 securius
779 1267 994 1369 praediola
1037 1267 1270 1345 ambasiato

181 1385 314 1492 possit
341 1387 390 1463 ad
433 1391 620 1462 nostram
660 1386 940 1490 praesentiam
984 1411 1028 1464 se
1058 1387 1272 1475 conferre,

182 1503 477 1611 praesentibus
532 1505 867 1610 respondemus,
922 1507 1035 1610 quod
1076 1505 1269 1609 dispositi
1365 1579 1371 1615 Ι

182 1625 430 1730 benplocitis
471 1625 599 1726 regiis
640 1626 813 1706 sincero
843 1627 994 1706 affectu
1036 1627 1272 1706 dilectionis

184 1771 398 1835 annuere,
452 1747 696 1823 mandamus
739 1744 853 1848 quod
907 1773 1031 1824 unrrm
1073 1775 1125 1825 ex
1154 1747 1273 1846 lignis

182 1870 342 1948 nostris
369 1869 537 1947 armatis
554 1868 604 1946 ad
630 1877 774 1974 partes
802 1867 986 1950 Sibenici
1015 1854 1273 1974 usqueVlll.

183 1989 293 2068 diem
335 1987 513 2089 Augusti
552 1989 749 2092 proxime
789 2015 978 2095 propere
1014 2017 1060 2068 se
1090 1993 1275 2076 reducat,

182 2132 312 2211 super
340 2133 424 2210 quo
449 2109 607 2212 polerit
634 2108 868 2188 ambaxiata
895 2119 1063 2190 vestrae
1089 2113 1276 2208 majestu-

183 2230 235 2309 tis
263 2228 509 2317 ascendere,
536 2230 739 2309 Venetias
765 2233 1039 2335 proiectura,
1067 2257 1189 2335 quam
1220 2229 1274 2310 ob

182 2351 371 2430 intimum
426 2349 615 2450 ejusdem
670 2358 836 2429 vestrae
886 2353 1123 2433 serenitatis
1165 2377 1275 2430 amo·

185 2494 288 2558 rem,
303 2471 409 2550 illari
437 2479 577 2551 mente
604 2470 854 2552 videbimus.
883 2471 1053 2553 Placeat
1076 2497 1179 2573 ergo
1197 2498 1276 2550 mn·

24 2599 26 2616 ³
178 2593 320 2691 jestati
347 2601 514 2671 vestrae
542 2595 684 2673 taliter
699 2597 910 2686 mandare,
939 2596 1053 2696 quod
1070 2594 1180 2672 dicta
1197 2618 1276 2669 am·

184 2831 267 2910 Nos
297 2834 466 2935 quidem
497 2836 711 2914 offerimus
740 2837 824 2914 lete
852 2843 1023 2937 paratos
1065 2837 1114 2912 ad
1155 2858 1275 2935 qliae·

27 2927 30 3036 i
185 2975 265 3054 que
307 2954 544 3032 conformia
586 2957 731 3055 regiae
787 2953 1046 3034 celsitudinis
1101 2961 1276 3044 restrae,

186 3095 308 3174 quam
324 3081 551 3152 conservet
566 3075 791 3154 altissimus
815 3073 996 3152 feliciter
1011 3079 1053 3150 et
1081 3073 1277 3172 longene.

285 3194 340 3273 nt
358 3219 412 3272 ex
440 3219 551 3274 nrrnc
579 3197 828 3301 captumsit‚
859 3197 970 3297 quod
1000 3195 1159 3294 lignum
1187 3217 1279 3270 nos·

188 3321 294 3391 trum
323 3314 508 3418 riperiae
535 3317 686 3396 Istriae
715 3317 903 3396 mittatur
930 3339 1063 3416 usque
1093 3309 1281 3388 Sibini·

188 3460 296 3526 cum,
324 3437 374 3513 ad
403 3437 624 3517 levandum
651 3438 926 3518 ambasciatam
954 3427 1210 3539 praedictam
1241 3439 1283 3508 et

189 3581 280 3636 eam
307 3559 509 3637 Venetiae
538 3561 795 3652 conducere.

623 3681 719 3747 Mlsli
743 3679 803 3745 del
830 3679 970 3744 Senslo
995 3673 1083 3743 XLl.
1108 3674 1164 3740 ch.
1186 3674 1239 3738 92.

37 3887 38 3900 a
191 3793 484 3897 thxlll.
503 3821 808 3899 coornent.
836 3815 948 3894 xnr.
967 3819 1026 3891 so.
1055 3812 1282 3912 Augusti.

210 3955 396 4035 Oarooopr.
422 3961 601 4020 Maera-cre
624 3979 728 4033 sasas
753 3979 792 4019 na
817 3971 1041 4036 npcpsosrenn
1067 3969 1260 4014 occassum

554 4082 660 4141 :poan
681 4069 917 4124 Bocascsorn.

296 4159 447 4266 Capta:
475 4161 601 4265 Quod
631 4165 937 4272 respondeatur
965 4159 1055 4238 istis
1082 4155 1284 4235 amboxia·

190 4283 355 4361 toribus
398 4285 632 4368 domini
684 4287 845 4389 regis
898 4278 1190 4364 Bossinae
1232 4281 1284 4358 dc

1023 4415 1083 4480 1⁷⁴
