3234 5116
1230 371 1355 454 ιη’

300 593 346 676 Si
373 593 585 676 invenires
614 599 762 694 gentes
798 617 896 670 suas
931 614 1014 671 non
1058 617 1153 674 esse
1196 621 1293 676 oum

197 719 392 820 gentibus
421 717 644 796 domini
671 715 933 818 despoti,
964 739 1044 792 neo
1073 741 1168 794 eum
1198 741 1294 798 essa

198 841 459 946 dispositum.
486 841 655 916 mittere
681 839 723 914 in
751 837 985 913 subsidium
1013 841 1135 914 strum
1167 888 1175 914 .
1206 895 1216 918 .
1245 899 1253 915 .
1286 901 1291 914 .

197 961 358 1066 poteris
375 960 426 1038 ⁴ei
453 966 594 1040 tamen
623 959 874 1062 promittere
914 959 1094 1036 duoatos
1124 970 1293 1040 eentum

198 1090 242 1159 et
268 1084 371 1162 duas
398 1091 538 1160 vestes
580 1081 633 1157 de
669 1077 916 1181 provisione
946 1079 985 1154 iu
1013 1097 1149 1168 anuo,
1192 1107 1287 1186 pro-

194 1203 391 1282 mittente
429 1229 483 1281 eo
526 1225 620 1279 esse
662 1199 796 1278 tidelis
840 1204 989 1278 nostro
1018 1201 1222 1291 dominio,
1251 1213 1293 1283 et

199 1347 293 1400 oum
309 1321 503 1423 gentibus
520 1323 629 1407 suis,
646 1322 682 1398 si
696 1319 985 1399 necessarium
1012 1319 1136 1411 foret,
1149 1347 1292 1402 sucur-

200 1467 296 1520 rere
313 1445 471 1522 civitati
486 1451 660 1524 nostrae
669 1431 837 1520 Scutari
851 1464 963 1518 nuno
978 1448 1023 1518 et
1036 1443 1077 1519 iu
1094 1443 1292 1533 futurum.

302 1561 477 1642 sivero
507 1564 589 1642 iam
617 1571 738 1640 esset
757 1563 798 1638 in
829 1562 1066 1640 concordio
1103 1588 1199 1642 oum
1229 1593 1293 1648 oa·

200 1683 370 1784 pitanen
399 1693 442 1762 et
468 1682 761 1788 provisoribus
788 1683 956 1774 nostris,
984 1706 1065 1760 nou
1093 1685 1225 1762 debes
1252 1689 1292 1766 ei

201 1803 528 1905 promissionem
557 1806 700 1883 faeere
731 1857 900 1882 .....
930 1803 1004 1880 sed
1034 1805 1295 1884 observetur

201 1925 456 2023 promissum
482 1951 565 2028 per
590 1950 669 2004 eos
698 1981 862 2002 .....
1327 1941 1328 1950 ‘

304 2045 350 2121 Si
369 2069 474 2126 vero
499 2045 540 2120 in
562 2068 736 2122 accessu
767 2051 840 2121 tuo
869 2043 1081 2124 invenires
1108 2056 1309 2151 gentes*

202 2164 407 2244 domini
445 2163 661 2243 duanni
690 2165 742 2243 de
772 2187 886 2242 novo
918 2187 1011 2242 esse
1041 2189 1135 2242 oum
1157 2171 1293 2267 *genti-

138 2349 143 2356 .
203 2283 278 2362 bos
305 2285 529 2366 domini
567 2287 788 2390 despoti
817 2289 965 2366 eontra
994 2285 1294 2386 Scotorum,

203 2417 245 2484 et
297 2407 466 2484 videres
501 2465 510 2486 .
542 2463 553 2484 .
585 2459 632 2482 ..
677 2407 962 2486 necessarium
1014 2431 1109 2486 esse
1159 2409 1293 2490 eidem
1433 2453 1439 2470 ι

203 2529 405 2624 majorem
444 2529 771 2630 promissionem
801 2528 945 2607 facere
973 2579 1142 2610 .....
1171 2541 1295 2636 potes

68 2645 73 2652 ’
202 2645 456 2748 promittere
485 2673 618 2750 usque
645 2649 823 2727 ducatos
855 2640 1059 2728 ducentos
1088 2643 1295 2734 etvestes
1333 2757 1336 2770 ι

204 2767 305 2844 duas
335 2769 374 2844 iu
403 2792 511 2846 anno
540 2825 550 2844 .
579 2825 589 2846 .
621 2827 669 2847 ..

307 2888 483 2987 Quando
511 2887 661 2966 venies
684 2891 724 2968 in
754 2887 973 2966 Alexio
1016 2893 1296 2970 ....debe-

204 3029 249 3082 as
289 3008 530 3111 persentire
571 3008 621 3084 ab
665 3007 912 3109 capitaneo,
961 3009 1060 3108 quid
1103 3011 1296 3111 pratioati

203 3139 300 3208 sunt
327 3155 421 3208 oum
461 3129 613 3215 duano,
642 3137 684 3208 et
712 3127 747 3204 si
776 3136 1066 3207 convenerunt
1108 3155 1200 3208 eum
1231 3157 1297 3221 eo.

203 3249 489 3328 nou'intrabis
517 3253 557 3328 in
587 3250 812 3353 prodeam,
840 3251 1005 3328 sivero
1035 3275 1117 3330 non
1148 3248 1300 3332 conve)

204 3381 382 3458 nerunt,
410 3371 636 3475 pratioabis
664 3381 861 3474 utsupra
891 3381 976 3452 etc.
1006 3432 1013 3447 .
1044 3431 1053 3452 .
1084 3429 1094 3452 .
1297 3365 1300 3370 ’

307 3491 485 3570 sivero
520 3489 723 3572 donnus
751 3491 897 3585 nollet,
912 3500 957 3570 ut
984 3492 1068 3571 ires
1099 3493 1150 3570 nd
1181 3518 1297 3594 prae·
1430 3585 1436 3596 ἱ

105 3669 110 3676 .
204 3611 380 3691 sentiam
422 3637 567 3700 suam,
610 3619 653 3688 ot
680 3611 787 3690 haec
826 3613 932 3691 faeta
969 3613 1100 3714 magis
1127 3623 1297 3692 secrete
1421 3653 1426 3672 ·

206 3737 465 3827 tractentur,
509 3739 552 3808 et
578 3731 709 3808 veltet
737 3737 781 3806 ut
809 3755 925 3809 esses
954 3757 1048 3810 oum
1092 3733 1297 3835 aliquibus

205 3877 258 3930 ex
286 3853 387 3940 suis,
422 3895 467 3908 -·-
498 3857 542 3926 et
564 3849 650 3929 boo
676 3851 819 3952 piacet
847 3850 968 3930 uobis
985 3860 1097 3931 ...et
1127 3855 1299 3932 studeas

206 3975 400 4051 obtinere
427 3976 556 4077 prout
583 3972 657 4050 tibi
686 3975 883 4075 superius
913 3971 1230 4056 comitumue-.-

307 4093 506 4175 Fecimus
548 4093 623 4172 tibi
665 4094 767 4172 dere
808 4117 972 4195 pannos
1012 4094 1161 4174 decem
1202 4121 1297 4199 qua·

205 4217 405 4306 nantinus,
432 4221 475 4294 et
502 4239 625 4295 unam
653 4215 806 4317 petiam
846 4217 942 4320 paui
970 4215 1167 4296 fistichini
1206 4216 1290 4310 tini,
1403 4320 1409 4340 ο
