3234 5116
376 353 441 441 itt

374 580 630 660 Scirtari
644 639 805 661 .....
835 583 998 660 debens
1026 581 1186 670 dicere,
1216 573 1332 685 quod
1360 589 1468 668 siout

374 707 413 784 ei
442 712 587 784 notum
615 712 692 802 est,
722 704 948 782 subventio
973 707 1068 788 datu
1097 716 1163 783 est
1190 707 1347 786 oivitoti
1374 731 1467 786 nos·

372 835 465 905 trae
491 823 680 910 scotavi.
709 833 751 904 et
779 825 968 902 videmus
995 850 1080 904 non
1111 851 1206 905 esse
1234 829 1464 906 neeessari-

141 1010 145 1020 Α
255 1006 257 1012 .
372 964 440 1022 um
470 967 688 1047 pronuno,
712 950 996 1024 utsueeurrot
1021 945 1159 1024 diotae
1188 949 1362 1034 civitati,
1392 949 1467 1026 sed

373 1072 641 1167 acceptamus
675 1064 830 1144 dietam
872 1088 990 1144 suom
1034 1064 1325 1159 obtritionem,
1368 1069 1468 1169 quis

371 1209 514 1264 sumus
542 1183 784 1271 certissimi,
801 1183 914 1286 quod
938 1185 973 1260 si
990 1195 1190 1264 occurret
1207 1210 1343 1274 ossus,
1360 1211 1465 1265 sem-

370 1329 451 1409 per
477 1305 760 1404 inveniremus
789 1331 885 1386 eum
917 1308 1077 1408 optimo
1105 1315 1295 1410 puratum
1324 1318 1368 1388 et
1390 1308 1469 1389 dis·

371 1429 570 1531 positum,
599 1429 649 1504 od
677 1431 1016 1506 succurrendum
1057 1429 1194 1509 diotae
1223 1431 1397 1516 civitati,
1426 1439 1470 1509 et

372 1547 607 1628 iaciendum
637 1549 737 1627 iilud
767 1551 882 1652 quod
913 1549 1027 1630 dicit.

471 1669 523 1748 nt
553 1673 648 1772 quis
676 1670 896 1749 habuimus
924 1673 1283 1762 informationem,
1320 1697 1467 1750 exer-

372 1791 553 1888 eitum
583 1792 829 1894 despoti
858 1815 907 1869 se
936 1793 1122 1881 levasse,
1150 1793 1186 1868 si
1214 1795 1253 1870 in
1283 1793 1466 1895 oppiios·

372 1909 487 1989 tione
516 1917 585 1991 tua
613 1913 809 2020 sentires,
853 1913 1469 2016 exereitumdespoti

371 2031 524 2111 iterato
553 2033 707 2112 rediise
737 2034 787 2110 od
815 2033 1194 2120 obsidionem
1227 2033 1469 2124 scotori,

370 2157 414 2228 et
441 2160 589 2252 gentes
617 2152 718 2232 dieti
745 2150 904 2231 domini
931 2152 1086 2230 suani
1114 2155 1155 2231 in
1185 2177 1333 2256 osmpo
1362 2153 1468 2232 dicti

370 2271 511 2376 desp
529 2298 555 2350 o
572 2273 613 2351 ti
656 2296 762 2363 esse,
789 2271 949 2351 debens
972 2273 1091 2351 ¹dioto
1119 2273 1294 2352 domino
1322 2271 1467 2352 Jusno

369 2387 539 2482 dicere,
568 2395 680 2494 quod
710 2402 756 2470 ut
781 2393 998 2470 videamus
1026 2392 1136 2471 hano
1164 2415 1281 2469 suem
1310 2394 1467 2469 bonurn

283 2577 287 2586 .
371 2513 659 2604 intentionem,
678 2514 870 2624 =eundem
899 2513 1113 2592 dominum
1134 2513 1316 2600 Juonum
1345 2533 1468 2612 roga·

370 2657 484 2734 mus,
524 2633 636 2737 quod
664 2637 765 2712 vetit
795 2659 1001 2715 revocure
1029 2641 1179 2734 gentes
1207 2656 1327 2726 sues,
1355 2659 1468 2736 quse

213 2803 216 2816 ·
369 2761 467 2833 sunt
494 2756 535 2832 in
552 2779 704 2858 compo
734 2757 912 2860 despoti‚
930 2765 973 2834 et
988 2755 1165 2834 aiiorum
1194 2754 1467 2834 dominorum

368 2877 421 2956 de
449 2876 573 2968 inde,
614 2877 649 2952 si
676 2877 880 2978 possibile
910 2878 1015 2962 erit;
1053 2875 1317 2956 ostendendo
1345 2873 1466 2956 dioto

366 2993 538 3076 domino
566 2995 705 3073 ‹iuano
735 2997 940 3096 periculo,
968 2994 1019 3072 od
1048 2996 1392 3097 quassatusue,
1423 3003 1468 3074 et

368 3117 493 3195 etiarn
522 3117 593 3194 ulii
623 3113 1148 3203 domtnteircumsuntes,
1173 3114 1360 3196 sidietus
1389 3115 1465 3194 do·

367 3237 502 3314 miuus
529 3237 1057 3341 despotus'dominsretur
1083 3239 1123 3314 in
1152 3238 1341 3340 portibus
1369 3237 1466 3334 iltis:

366 3363 409 3436 et
436 3355 549 3436 eirea
589 3355 674 3434 hoe
715 3355 845 3434 debes
872 3357 1031 3436 iecere
1079 3377 1246 3434 omnem
1289 3355 1467 3459 possibi-

367 3477 449 3555 lem
479 3474 783 3582 experientiam
812 3531 976 3556 .....
1004 3479 1108 3555 etsi
1146 3475 1231 3553 hoo
1265 3477 1463 3555 obtinere

364 3601 525 3699 poteris
553 3599 661 3676 bone
690 3597 880 3699 quidem,
909 3599 1079 3701 quando
1108 3603 1249 3676 sutem
1278 3621 1389 3683 non,
1420 3605 1464 3672 et

363 3719 531 3798 videres
559 3777 570 3798 .
599 3776 608 3796 .
639 3775 649 3796 .
679 3778 685 3791 .
715 3719 827 3819 quod
856 3717 1149 3798 necessarium
1179 3719 1295 3796 foret
1320 3717 1460 3794 eidem

362 3839 502 3918 inuno
531 3839 712 3938 aliquem
753 3837 1083 3941 promissionem
1127 3837 1269 3918 iuuere
1303 3894 1347 3914 ..
1376 3891 1387 3912 .
1414 3846 1462 3913 ut

364 3963 541 4038 revocet
567 3964 716 4058 gentes
745 3981 863 4048 suos,
974 4017 979 4030 .
1012 4013 1021 4034 .
1050 3963 1178 4061 potes
1204 3955 1461 4061 promittere

206 4103 210 4118 ¹
364 4082 530 4194 singulo
559 4106 672 4162 unoo
701 4079 752 4158 de
779 4079 1037 4183 provisione,
1060 4079 1173 4159 dioto
1203 4073 1462 4156 domino-iu·

363 4225 469 4297 ono,
497 4203 675 4283 ducatos
702 4207 874 4282 centurn
904 4211 946 4282 et
971 4203 1077 4280 dnus
1106 4188 1261 4280 vestes.
1289 4243 1337 4258 -·-
