3220 5118
1219 339 1268 406 15

166 547 429 656 mergendis,
456 547 734 626 consideratis
762 547 1107 635 considerandis,
1151 547 1267 652 quod

167 671 281 752 dicto
311 668 568 750 cancellario
597 667 839 772 praedictae
855 670 1125 749 aemunitatis
1150 668 1266 750 Cata·

21 847 23 870 ,
165 793 216 878 ri,
244 794 555 897 respondeatur
580 790 716 870 inlrac
744 790 894 874 torma:
926 790 1268 894 videlicettquod

21 917 24 982 l
167 911 400 992 dominatio
425 923 584 1007 nostra,
601 911 760 988 »videns
786 916 830 986 et
857 913 1132 993 considerans
1161 913 1265 1016 opti·

21 1031 23 1050 ⁵
167 1057 276 1112 mam
306 1031 579 1112 intentionenr
608 1038 650 1107 et
677 1029 997 1133 dispositionem
1030 1032 1170 1110 dictae
1199 1055 1267 1112 cc·

167 1152 381 1232 munitatis
408 1175 510 1252 erga
525 1155 717 1230 nostrum
734 1149 976 1238 dominium,
993 1153 1045 1231 ad
1060 1151 1267 1232 honorem

21 1283 22 1288 '
170 1283 211 1352 et
225 1279 379 1354 statum
395 1281 601 1364 nostrum,
616 1297 739 1374 quam
755 1273 1056 1352 comunitatem
1075 1281 1268 1351 tenemus

168 1394 344 1490 indubie
385 1395 579 1498 reperire
607 1393 648 1470 in
677 1393 779 1472 dics'
811 1393 1012 1472 continua
1037 1396 1267 1498 promptio·
1413 1381 1416 1396 ’

21 1535 22 1616 j
95 1506 100 1515 “
169 1537 287 1608 rem,
326 1523 394 1594 est
430 1522 630 1594 contenta
659 1512 710 1592 ad
737 1513 945 1592 honorem
978 1514 1267 1614 gloriosissimi

21 1624 36 1664 ‘¹
168 1635 438 1728 dei,domini
464 1637 611 1721 nostri,
627 1633 804 1737 eiusque
830 1633 1096 1714 beatissimae
1124 1635 1269 1714 matris

170 1758 354 1858 virginis
372 1757 545 1844 Mariae,
573 1755 856 1838 etbcatissimi
884 1757 1269 1858 Marci-evangelis·

169 1888 253 1972 lae,
278 1881 445 1994 patroni
475 1889 518 1958 et
535 1880 805 1983 protectoris
822 1877 967 1972 nostri,
997 1879 1267 1960 considerato

21 2079 22 2082 ,
162 2023 330 2092 ramore,
357 2023 484 2103 quem
499 1999 760 2104 portavimus
776 2005 819 2078 et
834 2000 1019 2100 gerimus
1046 1999 1184 2079 dictae
1199 2023 1267 2078 cc·

77 2177 81 2187 ·
171 2122 391 2214 munitati,
444 2121 671 2200 dominium
714 2127 756 2199 et
795 2119 984 2221 regimen
1023 2119 1269 2224 praedictae

171 2241 351 2322 civitatis
377 2247 421 2324 et
443 2239 664 2321 ‘districtus
701 2239 868 2329 Catari,
905 2251 953 2322 ,et
981 2243 1095 2321 cives
1123 2245 1165 2319 et
1185 2240 1268 2319 dis

173 2361 393 2443 trictuales
419 2387 536 2455 suos,
552 2364 749 2464 recipere
766 2370 808 2442 et
822 2367 1063 2464 acceptare,
1089 2363 1167 2440 sab
1196 2385 1265 2464 gu·

130 2549 132 2558 ,
171 2485 423 2563 bematione
451 2491 494 2561 ct
522 2483 761 2562 obedientia
808 2484 945 2562 nostri
987 2479 1187 2569 dominii,
1227 2488 1271 2560 et

174 2603 274 2683 illos
306 2611 455 2684 tenere
484 2613 527 2683 et
554 2611 739 2684 tractare
766 2627 846 2707 pro
874 2603 1032 2682 nostris
1073 2603 1270 2683 fidelibus

174 2730 218 2801 et
244 2723 406 2804 devotis
432 2725 626 2810 strbditis',
651 2729 789 2828 prout·
810 2729 980 2826 optant3
1008 2732 1052 2803 et
1076 2727 1270 2804 volumus

175 2843 290 2948 quod
329 2847 382 2922 dc
422 2845 690 2933 introitibus,
729 2843 905 2945 gabellis
943 2850 986 2921 et
1013 2845 1103 2922 aliis
1140 2847 1271 2928 daciis

21 2961 23 3040 l
173 2961 315 3048 dictae
356 2976 521 3056 terrae,
561 2967 751 3046 solvatur
789 2965 985 3046 salarium
1021 2966 1189 3044 comitis
1229 2971 1272 3046 et

174 3085 394 3164 castellani
437 3095 480 3168 et
506 3088 685 3165 aliorum
722 3087 1018 3188 deputatorum
1055 3084 1106 3163 ad
1135 3093 1270 3165 custo·

172 3203 283 3282 diam
311 3207 451 3300 castri,
480 3207 636 3286 atdant
663 3207 898 3288 solutiones
926 3205 1173 3286 salariorum
1201 3207 1269 3282 ali·

174 3347 298 3406 orum
314 3325 562 3406 officialium
589 3327 705 3406 iuxta
732 3325 916 3418 solitum,
931 3325 983 3402 de
1007 3325 1158 3428 quibus
1173 3325 1274 3406 flant

173 3445 405 3526 solutiones
433 3445 744 3526 laboreriorum
775 3453 818 3526 ct
845 3447 1184 3548 reparationum,
1223 3469 1273 3526 ac

174 3567 348 3645 aliarum
390 3589 670 3670 expensarum
713 3567 1023 3646 occurrentium
1066 3566 1158 3645 lieri
1194 3590 1274 3672 per

175 3693 368 3788 tempora
394 3685 436 3762 in
465 3685 578 3766 dicta
607 3687 801 3774 civitate,
832 3709 926 3763 cum
955 3687 1030 3766 ista
1059 3687 1272 3768 modifica·

172 3803 309 3892 tione;
336 3803 449 3907 quod
476 3803 724 3908 depecunia
752 3827 859 3906 quac
887 3805 1273 3909 superhabundabit

21 3973 23 3996 .
175 3923 343 4024 singulo
371 3947 480 4002 auno
509 3923 560 4001 ab
588 3925 815 4027 expensis,
855 3927 1008 4004 dentur
1033 3947 1167 4028 usque
1196 3951 1273 4005 sex

177 4067 309 4126 annos
339 4045 452 4124 omni
480 4067 587 4122 anno
616 4043 756 4122 ducati
783 4045 919 4133 mille,
946 4071 1026 4149 pro
1055 4047 1272 4125 solutioni·

177 4167 255 4243 bus
295 4161 441 4242 fiendis
482 4162 770 4286 creditoribus
810 4167 947 4247 dictae
989 4168 1272 4262 comunitatis,
1339 4218 1342 4226 ,
