<?xml version="1.0" encoding="UTF-8"?>
<!DOCTYPE html PUBLIC "-//W3C//DTD XHTML 1.0 Transitional//EN"
    "http://www.w3.org/TR/xhtml1/DTD/xhtml1-transitional.dtd">
<html xmlns="http://www.w3.org/1999/xhtml" xml:lang="en" lang="en">
 <head>
  <title>
</title>
<meta http-equiv="Content-Type" content="text/html;charset=utf-8" />
  <meta name='ocr-system' content='tesseract 3.04.00' />
  <meta name='ocr-capabilities' content='ocr_page ocr_carea ocr_par ocr_line ocrx_word'/>
</head>
<body>
  <div class='ocr_page' id='page_1' title='image "./actaarchivivene00sergoog_0229.png"; bbox 0 0 3212 5116; ppageno 0'>
   <div class='ocr_carea' id='block_1_1' title="bbox 166 631 1265 858">
    <p class='ocr_par' dir='ltr' id='par_1_1' title="bbox 166 631 1265 858">
     <span class='ocr_line' id='line_1_1' title="bbox 168 631 1265 740; baseline -0.002 -26"><span class='ocrx_word' id='word_1_1' title='bbox 168 635 221 715; x_wconf 78' lang='lat' dir='ltr'><strong>de</strong></span> <span class='ocrx_word' id='word_1_2' title='bbox 250 631 462 716; x_wconf 73' lang='lat' dir='ltr'><strong>Balnea</strong></span> <span class='ocrx_word' id='word_1_3' title='bbox 490 633 532 712; x_wconf 85' lang='lat' dir='ltr'><strong>in</strong></span> <span class='ocrx_word' id='word_1_4' title='bbox 561 633 642 713; x_wconf 79' lang='lat' dir='ltr'><strong>hac</strong></span> <span class='ocrx_word' id='word_1_5' title='bbox 672 633 817 712; x_wconf 85' lang='lat' dir='ltr'><strong>forma.</strong></span> <span class='ocrx_word' id='word_1_6' title='bbox 857 635 1095 714; x_wconf 81' lang='lat' dir='ltr'><strong>Videlicet:</strong></span> <span class='ocrx_word' id='word_1_7' title='bbox 1121 635 1265 740; x_wconf 85' lang='lat' dir='ltr'><strong>Nuper</strong></span> 
     </span>
     <span class='ocr_line' id='line_1_2' title="bbox 166 752 1264 858; baseline -0.001 -23"><span class='ocrx_word' id='word_1_8' title='bbox 166 777 266 837; x_wconf 83' lang='lat' dir='ltr'><strong>cam</strong></span> <span class='ocrx_word' id='word_1_9' title='bbox 295 755 474 836; x_wconf 75' lang='lat' dir='ltr'><strong>mxima</strong></span> <span class='ocrx_word' id='word_1_10' title='bbox 499 752 764 854; x_wconf 84' lang='lat' dir='ltr'><strong>displicentia</strong></span> <span class='ocrx_word' id='word_1_11' title='bbox 793 756 1032 858; x_wconf 74' lang='lat' dir='ltr'><strong>recepimus</strong></span> <span class='ocrx_word' id='word_1_12' title='bbox 1069 779 1264 834; x_wconf 78' lang='lat' dir='ltr'><strong>sconsu-</strong></span> 
     </span>
    </p>
   </div>
   <div class='ocr_carea' id='block_1_2' title="bbox 11 873 1263 981">
    <p class='ocr_par' dir='ltr' id='par_1_2' title="bbox 11 873 1263 981">
     <span class='ocr_line' id='line_1_3' title="bbox 11 873 1263 981; baseline -0.002 -25"><span class='ocrx_word' id='word_1_13' title='bbox 11 897 13 914; x_wconf 68' lang='lat'>&#39;</span> <span class='ocrx_word' id='word_1_14' title='bbox 169 875 208 956; x_wconf 83' lang='lat' dir='ltr'><strong>le</strong></span> <span class='ocrx_word' id='word_1_15' title='bbox 237 883 282 956; x_wconf 88' lang='lat' dir='ltr'><strong>et</strong></span> <span class='ocrx_word' id='word_1_16' title='bbox 306 873 614 954; x_wconf 67' lang='lat' dir='ltr'><strong>mercatoribus</strong></span> <span class='ocrx_word' id='word_1_17' title='bbox 635 875 862 968; x_wconf 87' lang='lat' dir='ltr'><strong>nostris,in</strong></span> <span class='ocrx_word' id='word_1_18' title='bbox 890 876 1144 978; x_wconf 81' lang='lat' dir='ltr'><strong>Dulcigni</strong></span> <span class='ocrx_word' id='word_1_19' title='bbox 1172 899 1263 981; x_wconf 90' lang='lat' dir='ltr'><strong>par·</strong></span> 
     </span>
    </p>
   </div>
   <div class='ocr_carea' id='block_1_3' title="bbox 168 993 1264 1100">
    <p class='ocr_par' dir='ltr' id='par_1_3' title="bbox 168 993 1264 1100">
     <span class='ocr_line' id='line_1_4' title="bbox 168 993 1264 1100; baseline -0.002 -23"><span class='ocrx_word' id='word_1_20' title='bbox 168 993 281 1077; x_wconf 79' lang='lat' dir='ltr'><strong>tibus</strong></span> <span class='ocrx_word' id='word_1_21' title='bbox 296 995 672 1086; x_wconf 75' lang='lat' dir='ltr'><strong>commorantibus,</strong></span> <span class='ocrx_word' id='word_1_22' title='bbox 684 995 843 1075; x_wconf 81' lang='lat' dir='ltr'><strong>litteras</strong></span> <span class='ocrx_word' id='word_1_23' title='bbox 859 995 1137 1089; x_wconf 87' lang='lat' dir='ltr'><strong>continentes,</strong></span> <span class='ocrx_word' id='word_1_24' title='bbox 1146 997 1264 1100; x_wconf 87' lang='lat' dir='ltr'><strong>quod</strong></span> 
     </span>
    </p>
   </div>
   <div class='ocr_carea' id='block_1_4' title="bbox 11 1093 1262 1214">
    <p class='ocr_par' dir='ltr' id='par_1_4' title="bbox 11 1093 1262 1214">
     <span class='ocr_line' id='line_1_5' title="bbox 11 1093 1262 1214; baseline -0.004 -15"><span class='ocrx_word' id='word_1_25' title='bbox 11 1093 12 1156; x_wconf 48' lang='lat'>3</span> <span class='ocrx_word' id='word_1_26' title='bbox 169 1111 480 1214; x_wconf 79' lang='lat' dir='ltr'><strong>magnificentia</strong></span> <span class='ocrx_word' id='word_1_27' title='bbox 495 1121 635 1195; x_wconf 87' lang='lat' dir='ltr'><strong>vestra</strong></span> <span class='ocrx_word' id='word_1_28' title='bbox 663 1114 714 1192; x_wconf 88' lang='lat' dir='ltr'><strong>ad</strong></span> <span class='ocrx_word' id='word_1_29' title='bbox 741 1115 776 1194; x_wconf 79' lang='lat' dir='ltr'><strong>ll</strong></span> <span class='ocrx_word' id='word_1_30' title='bbox 791 1143 813 1194; x_wconf 86' lang='lat' dir='ltr'><strong>a</strong></span> <span class='ocrx_word' id='word_1_31' title='bbox 828 1137 894 1214; x_wconf 87' lang='lat' dir='ltr'><strong>gu</strong></span> <span class='ocrx_word' id='word_1_32' title='bbox 908 1142 928 1193; x_wconf 90' lang='lat' dir='ltr'><strong>s</strong></span> <span class='ocrx_word' id='word_1_33' title='bbox 943 1117 956 1193; x_wconf 93' lang='lat' dir='ltr'><strong>i</strong></span> <span class='ocrx_word' id='word_1_34' title='bbox 973 1143 999 1195; x_wconf 90' lang='lat' dir='ltr'><strong>n</strong></span> <span class='ocrx_word' id='word_1_35' title='bbox 1016 1143 1080 1195; x_wconf 93' lang='lat' dir='ltr'><strong>or</strong></span> <span class='ocrx_word' id='word_1_36' title='bbox 1096 1143 1123 1194; x_wconf 89' lang='lat' dir='ltr'><strong>u</strong></span> <span class='ocrx_word' id='word_1_37' title='bbox 1138 1142 1179 1194; x_wconf 92' lang='lat' dir='ltr'><strong>m</strong></span> <span class='ocrx_word' id='word_1_38' title='bbox 1206 1115 1262 1194; x_wconf 91' lang='lat' dir='ltr'><strong>in·</strong></span> 
     </span>
    </p>
   </div>
   <div class='ocr_carea' id='block_1_5' title="bbox 164 1233 1265 2543">
    <p class='ocr_par' dir='ltr' id='par_1_5' title="bbox 164 1233 1265 2543">
     <span class='ocr_line' id='line_1_6' title="bbox 168 1233 1265 1336; baseline -0.002 -22"><span class='ocrx_word' id='word_1_39' title='bbox 168 1233 386 1323; x_wconf 73' lang='lat' dir='ltr'><strong>stantiam,</strong></span> <span class='ocrx_word' id='word_1_40' title='bbox 425 1234 529 1336; x_wconf 85' lang='lat' dir='ltr'><strong>ipsis</strong></span> <span class='ocrx_word' id='word_1_41' title='bbox 558 1233 714 1314; x_wconf 83' lang='lat' dir='ltr'><strong>nostris</strong></span> <span class='ocrx_word' id='word_1_42' title='bbox 754 1236 916 1316; x_wconf 80' lang='lat' dir='ltr'><strong>consuti</strong></span> <span class='ocrx_word' id='word_1_43' title='bbox 952 1243 995 1314; x_wconf 92' lang='lat' dir='ltr'><strong>et</strong></span> <span class='ocrx_word' id='word_1_44' title='bbox 1021 1235 1265 1316; x_wconf 82' lang='lat' dir='ltr'><strong>mercatori·</strong></span> 
     </span>
     <span class='ocr_line' id='line_1_7' title="bbox 168 1354 1264 1458; baseline -0.001 -23"><span class='ocrx_word' id='word_1_45' title='bbox 168 1356 250 1434; x_wconf 85' lang='lat' dir='ltr'><strong>bus</strong></span> <span class='ocrx_word' id='word_1_46' title='bbox 278 1354 421 1438; x_wconf 75' lang='lat' dir='ltr'><strong>literas</strong></span> <span class='ocrx_word' id='word_1_47' title='bbox 446 1377 544 1434; x_wconf 84' lang='lat' dir='ltr'><strong>snas</strong></span> <span class='ocrx_word' id='word_1_48' title='bbox 571 1355 752 1458; x_wconf 76' lang='lat' dir='ltr'><strong>scripsit,</strong></span> <span class='ocrx_word' id='word_1_49' title='bbox 780 1381 860 1457; x_wconf 90' lang='lat' dir='ltr'><strong>per</strong></span> <span class='ocrx_word' id='word_1_50' title='bbox 881 1380 983 1457; x_wconf 87' lang='lat' dir='ltr'><strong>quas</strong></span> <span class='ocrx_word' id='word_1_51' title='bbox 1011 1355 1178 1436; x_wconf 90' lang='lat' dir='ltr'><strong>videtur</strong></span> <span class='ocrx_word' id='word_1_52' title='bbox 1206 1355 1264 1434; x_wconf 81' lang='lat' dir='ltr'><strong>t‘o·</strong></span> 
     </span>
     <span class='ocr_line' id='line_1_8' title="bbox 169 1472 1263 1578; baseline 0.002 -30"><span class='ocrx_word' id='word_1_53' title='bbox 169 1496 218 1550; x_wconf 89' lang='lat' dir='ltr'><strong>re</strong></span> <span class='ocrx_word' id='word_1_54' title='bbox 245 1472 499 1554; x_wconf 84' lang='lat' dir='ltr'><strong>intencionis</strong></span> <span class='ocrx_word' id='word_1_55' title='bbox 529 1481 710 1565; x_wconf 81' lang='lat' dir='ltr'><strong>vestrae,</strong></span> <span class='ocrx_word' id='word_1_56' title='bbox 739 1476 849 1554; x_wconf 86' lang='lat' dir='ltr'><strong>velle</strong></span> <span class='ocrx_word' id='word_1_57' title='bbox 877 1475 1016 1554; x_wconf 89' lang='lat' dir='ltr'><strong>taliter</strong></span> <span class='ocrx_word' id='word_1_58' title='bbox 1029 1478 1147 1578; x_wconf 86' lang='lat' dir='ltr'><strong>ipsos</strong></span> <span class='ocrx_word' id='word_1_59' title='bbox 1174 1497 1263 1576; x_wconf 78' lang='lat' dir='ltr'><strong>gra·</strong></span> 
     </span>
     <span class='ocr_line' id='line_1_9' title="bbox 168 1595 1263 1684; baseline 0.002 -14"><span class='ocrx_word' id='word_1_60' title='bbox 168 1617 270 1672; x_wconf 83' lang='lat' dir='ltr'><strong>vare</strong></span> <span class='ocrx_word' id='word_1_61' title='bbox 311 1595 572 1674; x_wconf 69' lang='lat' dir='ltr'><strong>novitatibus</strong></span> <span class='ocrx_word' id='word_1_62' title='bbox 601 1596 785 1684; x_wconf 83' lang='lat' dir='ltr'><strong>insuetis,</strong></span> <span class='ocrx_word' id='word_1_63' title='bbox 827 1601 975 1676; x_wconf 84' lang='lat' dir='ltr'><strong>contra</strong></span> <span class='ocrx_word' id='word_1_64' title='bbox 1015 1596 1263 1678; x_wconf 87' lang='lat' dir='ltr'><strong>tranchisias</strong></span> 
     </span>
     <span class='ocr_line' id='line_1_10' title="bbox 169 1713 1264 1818; baseline 0 -26"><span class='ocrx_word' id='word_1_65' title='bbox 169 1713 385 1794; x_wconf 85' lang='lat' dir='ltr'><strong>libertates</strong></span> <span class='ocrx_word' id='word_1_66' title='bbox 401 1721 444 1794; x_wconf 89' lang='lat' dir='ltr'><strong>et</strong></span> <span class='ocrx_word' id='word_1_67' title='bbox 462 1717 594 1796; x_wconf 88' lang='lat' dir='ltr'><strong>bonas</strong></span> <span class='ocrx_word' id='word_1_68' title='bbox 620 1718 948 1796; x_wconf 83' lang='lat' dir='ltr'><strong>consuetudines</strong></span> <span class='ocrx_word' id='word_1_69' title='bbox 963 1717 1120 1801; x_wconf 86' lang='lat' dir='ltr'><strong>solitas,</strong></span> <span class='ocrx_word' id='word_1_70' title='bbox 1149 1717 1264 1818; x_wconf 90' lang='lat' dir='ltr'><strong>quod</strong></span> 
     </span>
     <span class='ocr_line' id='line_1_11' title="bbox 164 1835 1262 1941; baseline 0.001 -27"><span class='ocrx_word' id='word_1_71' title='bbox 164 1835 221 1914; x_wconf 83' lang='lat' dir='ltr'><strong>de</strong></span> <span class='ocrx_word' id='word_1_72' title='bbox 249 1835 461 1935; x_wconf 80' lang='lat' dir='ltr'><strong>Dulciguo</strong></span> <span class='ocrx_word' id='word_1_73' title='bbox 490 1838 700 1918; x_wconf 82' lang='lat' dir='ltr'><strong>recedere</strong></span> <span class='ocrx_word' id='word_1_74' title='bbox 729 1839 1060 1941; x_wconf 79' lang='lat' dir='ltr'><strong>compellantur.</strong></span> <span class='ocrx_word' id='word_1_75' title='bbox 1086 1837 1149 1916; x_wconf 85' lang='lat' dir='ltr'><strong>lle</strong></span> <span class='ocrx_word' id='word_1_76' title='bbox 1178 1838 1262 1940; x_wconf 88' lang='lat' dir='ltr'><strong>qui·</strong></span> 
     </span>
     <span class='ocr_line' id='line_1_12' title="bbox 165 1955 1263 2058; baseline 0.002 -24"><span class='ocrx_word' id='word_1_77' title='bbox 165 1955 246 2036; x_wconf 89' lang='lat' dir='ltr'><strong>bus</strong></span> <span class='ocrx_word' id='word_1_78' title='bbox 287 1957 457 2058; x_wconf 84' lang='lat' dir='ltr'><strong>quidem</strong></span> <span class='ocrx_word' id='word_1_79' title='bbox 486 1956 740 2036; x_wconf 77' lang='lat' dir='ltr'><strong>novitatibus</strong></span> <span class='ocrx_word' id='word_1_80' title='bbox 781 1965 823 2036; x_wconf 88' lang='lat' dir='ltr'><strong>ct</strong></span> <span class='ocrx_word' id='word_1_81' title='bbox 862 1956 1170 2056; x_wconf 80' lang='lat' dir='ltr'><strong>gravaminibus</strong></span> <span class='ocrx_word' id='word_1_82' title='bbox 1197 1983 1263 2036; x_wconf 90' lang='lat' dir='ltr'><strong>ve-</strong></span> 
     </span>
     <span class='ocr_line' id='line_1_13' title="bbox 166 2077 1263 2179; baseline -0.005 -17"><span class='ocrx_word' id='word_1_83' title='bbox 166 2078 486 2162; x_wconf 75' lang='lat' dir='ltr'><strong>hementissime</strong></span> <span class='ocrx_word' id='word_1_84' title='bbox 528 2077 744 2156; x_wconf 88' lang='lat' dir='ltr'><strong>turbamur</strong></span> <span class='ocrx_word' id='word_1_85' title='bbox 772 2088 815 2158; x_wconf 88' lang='lat' dir='ltr'><strong>et</strong></span> <span class='ocrx_word' id='word_1_86' title='bbox 840 2101 1086 2179; x_wconf 72' lang='lat' dir='ltr'><strong>gravamur,</strong></span> <span class='ocrx_word' id='word_1_87' title='bbox 1129 2079 1263 2158; x_wconf 88' lang='lat' dir='ltr'><strong>consi·</strong></span> 
     </span>
     <span class='ocr_line' id='line_1_14' title="bbox 167 2197 1265 2304; baseline -0.002 -24"><span class='ocrx_word' id='word_1_88' title='bbox 167 2199 369 2281; x_wconf 81' lang='lat' dir='ltr'><strong>derantes</strong></span> <span class='ocrx_word' id='word_1_89' title='bbox 402 2197 600 2280; x_wconf 84' lang='lat' dir='ltr'><strong>liberales</strong></span> <span class='ocrx_word' id='word_1_90' title='bbox 639 2200 945 2304; x_wconf 82' lang='lat' dir='ltr'><strong>promissiones</strong></span> <span class='ocrx_word' id='word_1_91' title='bbox 986 2225 1066 2304; x_wconf 90' lang='lat' dir='ltr'><strong>per</strong></span> <span class='ocrx_word' id='word_1_92' title='bbox 1104 2226 1182 2279; x_wconf 89' lang='lat' dir='ltr'><strong>vos</strong></span> <span class='ocrx_word' id='word_1_93' title='bbox 1220 2207 1265 2278; x_wconf 91' lang='lat' dir='ltr'><strong>et</strong></span> 
     </span>
     <span class='ocr_line' id='line_1_15' title="bbox 168 2319 1264 2401; baseline 0.001 -4"><span class='ocrx_word' id='word_1_94' title='bbox 168 2319 349 2398; x_wconf 91' lang='lat' dir='ltr'><strong>nuncios</strong></span> <span class='ocrx_word' id='word_1_95' title='bbox 380 2343 430 2398; x_wconf 90' lang='lat' dir='ltr'><strong>ac</strong></span> <span class='ocrx_word' id='word_1_96' title='bbox 459 2319 753 2398; x_wconf 85' lang='lat' dir='ltr'><strong>ambaxatores</strong></span> <span class='ocrx_word' id='word_1_97' title='bbox 776 2329 944 2399; x_wconf 89' lang='lat' dir='ltr'><strong>vestros</strong></span> <span class='ocrx_word' id='word_1_98' title='bbox 972 2321 1095 2401; x_wconf 90' lang='lat' dir='ltr'><strong>nobis</strong></span> <span class='ocrx_word' id='word_1_99' title='bbox 1123 2345 1172 2398; x_wconf 89' lang='lat' dir='ltr'><strong>ac</strong></span> <span class='ocrx_word' id='word_1_100' title='bbox 1200 2345 1264 2398; x_wconf 85' lang='lat' dir='ltr'><strong>ca·</strong></span> 
     </span>
     <span class='ocr_line' id='line_1_16' title="bbox 166 2438 1262 2543; baseline 0.005 -28"><span class='ocrx_word' id='word_1_101' title='bbox 166 2439 347 2543; x_wconf 88' lang='lat' dir='ltr'><strong>pitaneis</strong></span> <span class='ocrx_word' id='word_1_102' title='bbox 377 2447 419 2518; x_wconf 88' lang='lat' dir='ltr'><strong>et</strong></span> <span class='ocrx_word' id='word_1_103' title='bbox 447 2438 786 2520; x_wconf 84' lang='lat' dir='ltr'><strong>ambaxatoribus</strong></span> <span class='ocrx_word' id='word_1_104' title='bbox 814 2443 966 2520; x_wconf 87' lang='lat' dir='ltr'><strong>uostris</strong></span> <span class='ocrx_word' id='word_1_105' title='bbox 994 2443 1152 2528; x_wconf 87' lang='lat' dir='ltr'><strong>factas,</strong></span> <span class='ocrx_word' id='word_1_106' title='bbox 1180 2466 1262 2521; x_wconf 86' lang='lat' dir='ltr'><strong>nec</strong></span> 
     </span>
    </p>
   </div>
   <div class='ocr_carea' id='block_1_6' title="bbox 11 2555 1264 2907">
    <p class='ocr_par' dir='ltr' id='par_1_6' title="bbox 11 2555 1264 2907">
     <span class='ocr_line' id='line_1_17' title="bbox 11 2555 1263 2664; baseline 0.001 -27"><span class='ocrx_word' id='word_1_107' title='bbox 11 2555 13 2564; x_wconf 74' lang='grc'>’</span> <span class='ocrx_word' id='word_1_108' title='bbox 167 2585 352 2663; x_wconf 89' lang='lat' dir='ltr'><strong>uuquam</strong></span> <span class='ocrx_word' id='word_1_109' title='bbox 379 2560 558 2638; x_wconf 88' lang='lat' dir='ltr'><strong>credere</strong></span> <span class='ocrx_word' id='word_1_110' title='bbox 585 2561 883 2664; x_wconf 87' lang='lat' dir='ltr'><strong>potuissemus,</strong></span> <span class='ocrx_word' id='word_1_111' title='bbox 912 2563 1024 2664; x_wconf 90' lang='lat' dir='ltr'><strong>quod</strong></span> <span class='ocrx_word' id='word_1_112' title='bbox 1063 2587 1084 2639; x_wconf 91' lang='lat' dir='ltr'><strong>a</strong></span> <span class='ocrx_word' id='word_1_113' title='bbox 1113 2563 1263 2663; x_wconf 85' lang='lat' dir='ltr'><strong>magni·</strong></span> 
     </span>
     <span class='ocr_line' id='line_1_18' title="bbox 167 2680 1264 2788; baseline 0.001 -29"><span class='ocrx_word' id='word_1_114' title='bbox 167 2680 336 2761; x_wconf 84' lang='lat' dir='ltr'><strong>lieentia</strong></span> <span class='ocrx_word' id='word_1_115' title='bbox 375 2685 517 2762; x_wconf 90' lang='lat' dir='ltr'><strong>vestra</strong></span> <span class='ocrx_word' id='word_1_116' title='bbox 555 2683 652 2762; x_wconf 88' lang='lat' dir='ltr'><strong>talia</strong></span> <span class='ocrx_word' id='word_1_117' title='bbox 687 2683 1022 2788; x_wconf 83' lang='lat' dir='ltr'><strong>processissent,</strong></span> <span class='ocrx_word' id='word_1_118' title='bbox 1062 2685 1147 2762; x_wconf 90' lang='lat' dir='ltr'><strong>imo</strong></span> <span class='ocrx_word' id='word_1_119' title='bbox 1177 2707 1264 2760; x_wconf 87' lang='lat' dir='ltr'><strong>era·</strong></span> 
     </span>
     <span class='ocr_line' id='line_1_19' title="bbox 168 2803 1264 2907; baseline 0.002 -25"><span class='ocrx_word' id='word_1_120' title='bbox 168 2829 260 2882; x_wconf 88' lang='lat' dir='ltr'><strong>mus</strong></span> <span class='ocrx_word' id='word_1_121' title='bbox 290 2805 416 2902; x_wconf 89' lang='lat' dir='ltr'><strong>certi,</strong></span> <span class='ocrx_word' id='word_1_122' title='bbox 455 2803 568 2906; x_wconf 90' lang='lat' dir='ltr'><strong>quod</strong></span> <span class='ocrx_word' id='word_1_123' title='bbox 595 2807 737 2907; x_wconf 89' lang='lat' dir='ltr'><strong>siper</strong></span> <span class='ocrx_word' id='word_1_124' title='bbox 765 2805 868 2883; x_wconf 88' lang='lat' dir='ltr'><strong>alios</strong></span> <span class='ocrx_word' id='word_1_125' title='bbox 896 2805 989 2884; x_wconf 89' lang='lat' dir='ltr'><strong>talia</strong></span> <span class='ocrx_word' id='word_1_126' title='bbox 1019 2812 1165 2884; x_wconf 88' lang='lat' dir='ltr'><strong>contra</strong></span> <span class='ocrx_word' id='word_1_127' title='bbox 1192 2830 1264 2884; x_wconf 91' lang='lat' dir='ltr'><strong>no·</strong></span> 
     </span>
    </p>
   </div>
   <div class='ocr_carea' id='block_1_7' title="bbox 165 2923 1263 4236">
    <p class='ocr_par' dir='ltr' id='par_1_7' title="bbox 165 2923 1263 4236">
     <span class='ocr_line' id='line_1_20' title="bbox 168 2923 1261 3029; baseline 0.002 -26"><span class='ocrx_word' id='word_1_128' title='bbox 168 2931 324 3004; x_wconf 78' lang='lat' dir='ltr'><strong>stratas</strong></span> <span class='ocrx_word' id='word_1_129' title='bbox 352 2924 461 3014; x_wconf 84' lang='lat' dir='ltr'><strong>sacta</strong></span> <span class='ocrx_word' id='word_1_130' title='bbox 487 2925 653 3013; x_wconf 87' lang='lat' dir='ltr'><strong>forent,</strong></span> <span class='ocrx_word' id='word_1_131' title='bbox 688 2950 766 3004; x_wconf 90' lang='lat' dir='ltr'><strong>vos</strong></span> <span class='ocrx_word' id='word_1_132' title='bbox 792 2925 883 3029; x_wconf 83' lang='lat' dir='ltr'><strong>ipsa</strong></span> <span class='ocrx_word' id='word_1_133' title='bbox 922 2923 1091 3004; x_wconf 87' lang='lat' dir='ltr'><strong>turbare</strong></span> <span class='ocrx_word' id='word_1_134' title='bbox 1122 2933 1165 3005; x_wconf 90' lang='lat' dir='ltr'><strong>et</strong></span> <span class='ocrx_word' id='word_1_135' title='bbox 1190 2949 1261 3004; x_wconf 85' lang='lat' dir='ltr'><strong>no·</strong></span> 
     </span>
     <span class='ocr_line' id='line_1_21' title="bbox 167 3045 1262 3150; baseline 0.002 -26"><span class='ocrx_word' id='word_1_136' title='bbox 167 3055 285 3126; x_wconf 87' lang='lat' dir='ltr'><strong>stros</strong></span> <span class='ocrx_word' id='word_1_137' title='bbox 306 3048 457 3144; x_wconf 81' lang='lat' dir='ltr'><strong>juvare</strong></span> <span class='ocrx_word' id='word_1_138' title='bbox 484 3045 785 3124; x_wconf 85' lang='lat' dir='ltr'><strong>etdefendere</strong></span> <span class='ocrx_word' id='word_1_139' title='bbox 812 3053 961 3124; x_wconf 89' lang='lat' dir='ltr'><strong>contra</strong></span> <span class='ocrx_word' id='word_1_140' title='bbox 988 3071 1262 3150; x_wconf 87' lang='lat' dir='ltr'><strong>quoscunque</strong></span> 
     </span>
     <span class='ocr_line' id='line_1_22' title="bbox 165 3164 1261 3270; baseline 0.005 -30"><span class='ocrx_word' id='word_1_141' title='bbox 165 3164 448 3253; x_wconf 83' lang='lat' dir='ltr'><strong>debuissetis,</strong></span> <span class='ocrx_word' id='word_1_142' title='bbox 476 3175 519 3246; x_wconf 91' lang='lat' dir='ltr'><strong>et</strong></span> <span class='ocrx_word' id='word_1_143' title='bbox 545 3170 831 3270; x_wconf 88' lang='lat' dir='ltr'><strong>sperabamus,</strong></span> <span class='ocrx_word' id='word_1_144' title='bbox 871 3189 952 3244; x_wconf 86' lang='lat' dir='ltr'><strong>vos</strong></span> <span class='ocrx_word' id='word_1_145' title='bbox 976 3168 1092 3268; x_wconf 86' lang='lat' dir='ltr'><strong>ipsos</strong></span> <span class='ocrx_word' id='word_1_146' title='bbox 1133 3169 1261 3246; x_wconf 88' lang='lat' dir='ltr'><strong>contl-</strong></span> 
     </span>
     <span class='ocr_line' id='line_1_23' title="bbox 169 3289 1261 3394; baseline 0.004 -30"><span class='ocrx_word' id='word_1_147' title='bbox 169 3311 253 3365; x_wconf 85' lang='lat' dir='ltr'><strong>nue</strong></span> <span class='ocrx_word' id='word_1_148' title='bbox 281 3289 485 3394; x_wconf 89' lang='lat' dir='ltr'><strong>prosequi</strong></span> <span class='ocrx_word' id='word_1_149' title='bbox 516 3297 557 3368; x_wconf 92' lang='lat' dir='ltr'><strong>et</strong></span> <span class='ocrx_word' id='word_1_150' title='bbox 586 3291 746 3389; x_wconf 84' lang='lat' dir='ltr'><strong>agenda</strong></span> <span class='ocrx_word' id='word_1_151' title='bbox 773 3314 847 3366; x_wconf 88' lang='lat' dir='ltr'><strong>sua</strong></span> <span class='ocrx_word' id='word_1_152' title='bbox 876 3289 1094 3366; x_wconf 83' lang='lat' dir='ltr'><strong>favoribus</strong></span> <span class='ocrx_word' id='word_1_153' title='bbox 1122 3295 1164 3366; x_wconf 88' lang='lat' dir='ltr'><strong>et</strong></span> <span class='ocrx_word' id='word_1_154' title='bbox 1192 3289 1261 3368; x_wconf 87' lang='lat' dir='ltr'><strong>be-</strong></span> 
     </span>
     <span class='ocr_line' id='line_1_24' title="bbox 169 3401 1262 3512; baseline -0.001 -28"><span class='ocrx_word' id='word_1_155' title='bbox 169 3401 333 3484; x_wconf 81' lang='lat' dir='ltr'><strong>neflciis</strong></span> <span class='ocrx_word' id='word_1_156' title='bbox 371 3407 658 3510; x_wconf 86' lang='lat' dir='ltr'><strong>amplioribus,</strong></span> <span class='ocrx_word' id='word_1_157' title='bbox 687 3416 846 3488; x_wconf 87' lang='lat' dir='ltr'><strong>attento</strong></span> <span class='ocrx_word' id='word_1_158' title='bbox 868 3407 1121 3512; x_wconf 87' lang='lat' dir='ltr'><strong>specialiter,</strong></span> <span class='ocrx_word' id='word_1_159' title='bbox 1149 3406 1262 3508; x_wconf 90' lang='lat' dir='ltr'><strong>quod</strong></span> 
     </span>
     <span class='ocr_line' id='line_1_25' title="bbox 171 3526 1263 3628; baseline 0 -23"><span class='ocrx_word' id='word_1_160' title='bbox 171 3526 274 3605; x_wconf 89' lang='lat' dir='ltr'><strong>civis</strong></span> <span class='ocrx_word' id='word_1_161' title='bbox 312 3535 461 3606; x_wconf 88' lang='lat' dir='ltr'><strong>noster</strong></span> <span class='ocrx_word' id='word_1_162' title='bbox 503 3527 616 3617; x_wconf 86' lang='lat' dir='ltr'><strong>estis,</strong></span> <span class='ocrx_word' id='word_1_163' title='bbox 646 3537 687 3608; x_wconf 89' lang='lat' dir='ltr'><strong>et</strong></span> <span class='ocrx_word' id='word_1_164' title='bbox 718 3554 797 3607; x_wconf 91' lang='lat' dir='ltr'><strong>vos</strong></span> <span class='ocrx_word' id='word_1_165' title='bbox 839 3535 881 3606; x_wconf 90' lang='lat' dir='ltr'><strong>et</strong></span> <span class='ocrx_word' id='word_1_166' title='bbox 919 3528 1091 3628; x_wconf 86' lang='lat' dir='ltr'><strong>negotia</strong></span> <span class='ocrx_word' id='word_1_167' title='bbox 1123 3534 1263 3605; x_wconf 87' lang='lat' dir='ltr'><strong>vestra</strong></span> 
     </span>
     <span class='ocr_line' id='line_1_26' title="bbox 167 3647 1261 3750; baseline 0.003 -27"><span class='ocrx_word' id='word_1_168' title='bbox 167 3671 339 3750; x_wconf 87' lang='lat' dir='ltr'><strong>semper</strong></span> <span class='ocrx_word' id='word_1_169' title='bbox 379 3648 665 3729; x_wconf 86' lang='lat' dir='ltr'><strong>favorabiliter</strong></span> <span class='ocrx_word' id='word_1_170' title='bbox 701 3657 748 3727; x_wconf 79' lang='lat' dir='ltr'><strong>ct</strong></span> <span class='ocrx_word' id='word_1_171' title='bbox 774 3649 956 3749; x_wconf 81' lang='lat' dir='ltr'><strong>benigne</strong></span> <span class='ocrx_word' id='word_1_172' title='bbox 993 3647 1261 3728; x_wconf 87' lang='lat' dir='ltr'><strong>tractavimus</strong></span> 
     </span>
     <span class='ocr_line' id='line_1_27' title="bbox 169 3770 1263 3874; baseline 0.002 -26"><span class='ocrx_word' id='word_1_173' title='bbox 169 3777 490 3860; x_wconf 81' lang='lat' dir='ltr'><strong>attrectamus,</strong></span> <span class='ocrx_word' id='word_1_174' title='bbox 520 3777 562 3850; x_wconf 94' lang='lat' dir='ltr'><strong>et</strong></span> <span class='ocrx_word' id='word_1_175' title='bbox 590 3773 714 3850; x_wconf 89' lang='lat' dir='ltr'><strong>etiam</strong></span> <span class='ocrx_word' id='word_1_176' title='bbox 743 3779 942 3874; x_wconf 85' lang='lat' dir='ltr'><strong>quantum</strong></span> <span class='ocrx_word' id='word_1_177' title='bbox 969 3770 1191 3849; x_wconf 89' lang='lat' dir='ltr'><strong>commoda</strong></span> <span class='ocrx_word' id='word_1_178' title='bbox 1220 3779 1263 3850; x_wconf 89' lang='lat' dir='ltr'><strong>et</strong></span> 
     </span>
     <span class='ocr_line' id='line_1_28' title="bbox 168 3891 1262 3976; baseline 0.002 -6"><span class='ocrx_word' id='word_1_179' title='bbox 168 3892 283 3973; x_wconf 89' lang='lat' dir='ltr'><strong>utilis</strong></span> <span class='ocrx_word' id='word_1_180' title='bbox 324 3901 390 3974; x_wconf 88' lang='lat' dir='ltr'><strong>est</strong></span> <span class='ocrx_word' id='word_1_181' title='bbox 418 3897 686 3976; x_wconf 87' lang='lat' dir='ltr'><strong>conversatio</strong></span> <span class='ocrx_word' id='word_1_182' title='bbox 715 3904 958 3973; x_wconf 90' lang='lat' dir='ltr'><strong>nostrorum</strong></span> <span class='ocrx_word' id='word_1_183' title='bbox 997 3891 1191 3972; x_wconf 87' lang='lat' dir='ltr'><strong>interris</strong></span> <span class='ocrx_word' id='word_1_184' title='bbox 1219 3901 1262 3972; x_wconf 88' lang='lat' dir='ltr'><strong>at</strong></span> 
     </span>
     <span class='ocr_line' id='line_1_29' title="bbox 171 4011 1261 4118; baseline 0.004 -28"><span class='ocrx_word' id='word_1_185' title='bbox 171 4011 279 4095; x_wconf 86' lang='lat' dir='ltr'><strong>locis</strong></span> <span class='ocrx_word' id='word_1_186' title='bbox 307 4015 472 4107; x_wconf 85' lang='lat' dir='ltr'><strong>vestris,</strong></span> <span class='ocrx_word' id='word_1_187' title='bbox 498 4015 629 4116; x_wconf 75' lang='lat' dir='ltr'><strong>magis</strong></span> <span class='ocrx_word' id='word_1_188' title='bbox 657 4036 782 4118; x_wconf 87' lang='lat' dir='ltr'><strong>quam</strong></span> <span class='ocrx_word' id='word_1_189' title='bbox 804 4014 980 4092; x_wconf 86' lang='lat' dir='ltr'><strong>alicuius</strong></span> <span class='ocrx_word' id='word_1_190' title='bbox 1006 4013 1111 4091; x_wconf 80' lang='lat' dir='ltr'><strong>alius</strong></span> <span class='ocrx_word' id='word_1_191' title='bbox 1138 4037 1261 4116; x_wconf 84' lang='lat' dir='ltr'><strong>gene·</strong></span> 
     </span>
     <span class='ocr_line' id='line_1_30' title="bbox 169 4132 1257 4236; baseline 0.004 -28"><span class='ocrx_word' id='word_1_192' title='bbox 169 4132 355 4218; x_wconf 82' lang='lat' dir='ltr'><strong>rationis.</strong></span> <span class='ocrx_word' id='word_1_193' title='bbox 406 4135 542 4234; x_wconf 82' lang='lat' dir='ltr'><strong>Quare</strong></span> <span class='ocrx_word' id='word_1_194' title='bbox 569 4135 894 4236; x_wconf 83' lang='lat' dir='ltr'><strong>magnitudinem</strong></span> <span class='ocrx_word' id='word_1_195' title='bbox 923 4141 1103 4212; x_wconf 86' lang='lat' dir='ltr'><strong>vestram</strong></span> <span class='ocrx_word' id='word_1_196' title='bbox 1131 4141 1257 4215; x_wconf 78' lang='lat' dir='ltr'><strong>atten</strong></span> 
     </span>
    </p>
   </div>
   <div class='ocr_carea' id='block_1_8' title="bbox 172 4255 1258 4440">
    <p class='ocr_par' dir='ltr' id='par_1_8' title="bbox 172 4255 1258 4440">
     <span class='ocr_line' id='line_1_31' title="bbox 172 4255 1258 4440; baseline 0.004 -108"><span class='ocrx_word' id='word_1_197' title='bbox 172 4261 210 4336; x_wconf 84' lang='lat' dir='ltr'><strong>ta</strong></span> <span class='ocrx_word' id='word_1_198' title='bbox 239 4255 494 4357; x_wconf 79' lang='lat' dir='ltr'><strong>rcqrurtmus</strong></span> <span class='ocrx_word' id='word_1_199' title='bbox 533 4269 578 4340; x_wconf 84' lang='lat' dir='ltr'><strong>et</strong></span> <span class='ocrx_word' id='word_1_200' title='bbox 605 4282 827 4359; x_wconf 76' lang='lat' dir='ltr'><strong>rogamus,</strong></span> <span class='ocrx_word' id='word_1_201' title='bbox 866 4265 1071 4440; x_wconf 59' lang='lat' dir='ltr'><strong>quateppps</strong></span> <span class='ocrx_word' id='word_1_202' title='bbox 1103 4257 1258 4340; x_wconf 87' lang='lat' dir='ltr'><strong>novita-</strong></span> 
     </span>
    </p>
   </div>
   <div class='ocr_carea' id='block_1_9' title="bbox 0 0 1616 5116">
    <p class='ocr_par' dir='ltr' id='par_1_9' title="bbox 0 0 1616 5116">
     <span class='ocr_line' id='line_1_32' title="bbox 0 0 1616 5116; baseline 0 0"><span class='ocrx_word' id='word_1_203' title='bbox 0 0 1616 5116; x_wconf 95' lang='lat' dir='ltr'><strong> </strong></span> 
     </span>
    </p>
   </div>
  </div>
 </body>
</html>
