3186 5112
24 691 27 714 ¹
167 659 411 738 confirmari
440 667 482 736 et
509 663 632 761 pacta
661 651 809 734 reduci
836 649 1075 755 inscriptisr
1105 662 1146 732 et
1171 649 1262 730 sub-

167 783 298 883 iungit
325 775 520 860 dominus
557 799 702 854 comes
739 777 782 852 et
811 771 1054 876 capitaneus
1082 771 1264 863 Scutari,

166 904 280 1005 quod
306 905 427 1006 putat
466 895 580 1002 quod
609 895 746 973 dictus
786 893 962 969 Balsa
1003 917 1088 971 non
1118 895 1264 974 obser·

23 1045 26 1110 5
165 1023 275 1101 rabit
315 1043 468 1127 pacem
495 1017 772 1122 predictum·
799 1038 878 1118 per
918 1037 967 1094 ea
998 1037 1105 1116 quac
1135 1015 1263 1094 conli-

166 1169 248 1222 nuc
277 1131 408 1234 iecit,
436 1149 479 1220 et
506 1133 627 1242 quod'
649 1161 729 1239 per
758 1159 807 1212 ea
850 1157 956 1236 quae
983 1135 1135 1222 sentit,
1164 1145 1263 1214 tem·

23 1287 25 1362 ξ
166 1287 272 1364 pore
299 1261 603 1340 vindemiarum
632 1259 744 1336 idem
781 1255 906 1334 Balsa
934 1258 1074 1334 reniet
1103 1255 1154 1332 od
1182 1257 1264 1333 vin·

22 1411 24 1470 θ
167 1383 449 1462 domiandum.
511 1379 564 1460 m
605 1403 683 1482 per
724 1401 773 1452 ea
811 1399 918 1478 quae
961 1375 1099 1454 dictus
1142 1375 1263 1454 Balsa

22 1564 33 1606 Ἴ.
167 1503 316 1580 solitus
347 1514 411 1583 est
439 1504 607 1588 facere,
636 1504 795 1578 bonum
832 1499 875 1577 et
904 1497 1005 1574 utile
1033 1501 1100 1573 est
1126 1495 1265 1600 provi·

22 1645 24 1680 ὲ
168 1625 284 1711 dere,
312 1649 410 1704 cum
438 1623 575 1702 dictus
605 1643 749 1700 comes
784 1626 827 1696 et
854 1617 1095 1718 capitaneus
1124 1617 1265 1697 Scuta·

167 1745 204 1820 ri
245 1743 431 1840 scribat,
485 1743 599 1846 quod
639 1741 906 1818 luannus
949 1737 1264 1828 Castrioti,

21 1873 23 1910 ‘
168 1865 240 1966 qui
280 1871 348 1942 est
388 1867 545 1966 potens
583 1863 625 1939 in
667 1859 857 1962 partibus
898 1857 1006 1945 illis,
1047 1857 1265 1936 multoties

21 1983 23 2000 ¹
127 2001 138 2021 '
167 2009 213 2062 se
243 1985 401 2062 obtulit
428 1986 479 2061 ad
496 1983 668 2060 servitia
696 1982 833 2060 nostri
861 1979 1049 2066 dominii,
1080 1989 1122 2057 et
1141 1981 1267 2060 offert

166 2129 213 2182 se
259 2105 431 2184 mittere
475 2109 623 2184 contra
663 2101 821 2180 dictum
860 2099 1102 2186 Balsam
1132 2125 1265 2202 equos

168 2231 388 2306 trecentos
417 2225 705 2310 Turchorum
734 2229 925 2325 etoquos
954 2221 1037 2302 duo
1068 2223 1184 2301 mille
1212 2224 1265 2301 de

20 2387 21 2390 κ
169 2347 281 2434 suis,
311 2359 353 2425 et
380 2345 521 2450 plures
549 2346 583 2422 si
611 2345 755 2448 plures
784 2351 906 2420 erunt
934 2341 1197 2432 necessarii,
1225 2351 1268 2421 et

115 2544 117 2553 .
170 2467 415 2548 deffendere
446 2473 488 2545 et
516 2465 753 2545 substinere
782 2467 1044 2546 territorium
1074 2469 1266 2543 nostrum

172 2596 321 2666 contra
350 2588 508 2666 dictum
536 2587 763 2680 Balaam,
807 2590 850 2662 et
884 2587 1117 2686 quamlibet
1145 2587 1267 2663 aliam

19 2767 21 2818 ξ
169 2729 421 2810 personam,
465 2715 506 2786 et
534 2708 667 2786 dictas
705 2715 851 2806 gentes
892 2707 1060 2786 mittere
1101 2705 1266 2808 singulo

171 2849 277 2902 anno
308 2827 468 2906 totiens
496 2829 693 2928 quotiens
721 2837 835 2903 esset
863 2827 1170 2924 necessarium,
1199 2827 1266 2906 ha·

171 2947 295 3025 beuta
312 2947 427 3026 dicto
440 2945 610 3026 Juanno
637 2949 813 3027 ducatos
834 2947 946 3026 mille
974 2950 1139 3050 singulo
1156 2975 1265 3029 anno

172 3075 370 3146 anostra
400 3067 614 3157 dominio;
652 3069 765 3147 radit
806 3091 924 3173 pars:
953 3071 1064 3172 quod
1092 3095 1266 3174 respon·

171 3186 321 3264 deutur
348 3185 462 3264 dicto
491 3193 642 3264 nostro
673 3188 817 3266 comiti
846 3195 887 3266 et
920 3189 1137 3291 capitaneo
1166 3190 1266 3271 Scu-

19 3319 20 3324 '
174 3309 265 3391 tari,
291 3309 403 3410 quod
432 3306 607 3395 litteras,
637 3307 703 3385 die
730 3309 926 3410 predicto
951 3309 1077 3400 datas,
1105 3311 1266 3414 recepi·

174 3453 265 3506 mus
293 3433 335 3506 et
362 3427 643 3506 intelleximus
673 3431 926 3531 diligenter,
967 3439 1009 3510 ct
1037 3433 1149 3534 quod
1179 3457 1266 3512 cre·

19 3607 21 3620 ,
176 3549 336 3636 dimus,
366 3547 479 3649 quod
506 3547 631 3626 Balsa
661 3549 788 3628 luerit
817 3555 1037 3630 contentus
1066 3549 1266 3628 devenire

176 3667 226 3746 ad
253 3690 402 3768 pacem
442 3691 522 3771 per
562 3671 732 3747 modum
774 3669 968 3773 superius
995 3667 1267 3772 descriptum,

176 3791 218 3864 et
245 3789 359 3890 quod
387 3789 500 3866 illam
530 3789 798 3875 observabit,
840 3790 951 3869 sicut
977 3789 1088 3867 inter
1126 3798 1267 3892 partes
1345 3849 1347 3852 -

175 3905 302 3984 iuuerit
339 3915 618 3998 conventum3
657 3935 779 4012 quam
809 3911 843 3986 si
873 3907 1114 3987 observabit
1140 3915 1268 4014 prout

176 4035 428 4106 conventum
458 4029 561 4126 erit,
605 4031 794 4110 debeatis
822 4029 1012 4110 similiter
1052 4031 1161 4109 illam
1187 4055 1266 4110 vos

177 4175 230 4226 ex
258 4155 377 4253 parte
404 4149 538 4226 nostri
566 4147 738 4227 dominii
766 4148 996 4228 observare
1024 4157 1067 4230 et
1085 4159 1265 4232 manute-

176 4291 307 4358 nere,
348 4275 391 4349 et
417 4267 475 4347 illi
502 4293 585 4347 non
616 4269 883 4352 cotraiaccrc
912 4273 995 4351 ullo
1024 4273 1166 4352 modo.
1221 4271 1268 4350 Si

175 4415 281 4470 vero
310 4390 445 4470 dictus
484 4389 659 4470 Balsa
697 4391 851 4472 dictam
877 4417 1028 4498 pacem
1055 4419 1142 4474 nou
1171 4417 1267 4474 con·
