3230 5104
335 401 400 472 aaa

336 633 438 687 ones
466 607 566 690 nihii
608 607 719 713 apud
760 632 843 688 nos
867 607 1077 702 vetuisse,
1119 633 1213 688 oum
1253 609 1434 688 iamdiu

333 727 521 829 persvasi
548 749 691 802 sumus
720 725 771 802 de
800 725 918 804 tiiiaii
946 727 1078 828 ipsius
1105 727 1273 807 ittusuts
1303 729 1438 806 domi·

333 849 373 924 ni
400 849 440 925 in
468 871 547 925 nos
575 845 816 924 sinceritate
857 855 901 925 et
929 847 1014 926 tide
1043 853 1090 924 et
1118 847 1203 926 hoc
1239 873 1317 952 pro
1345 873 1437 926 cer·

334 974 376 1044 to
412 975 564 1045 teneat.
1268 1055 1271 1065 1

435 1089 473 1164 Τ
489 1111 513 1163 e
531 1111 551 1163 r
567 1113 591 1164 c
606 1085 619 1162 i
635 1112 660 1163 ο
691 1109 775 1187 quo
804 1085 948 1163 dicunt
974 1094 1019 1165 ut
1047 1088 1205 1165 nostris
1234 1093 1439 1191 persuasi·

334 1207 485 1298 onibus
526 1205 799 1306 irortatnique
839 1205 1104 1287 sartsnceret
1145 1235 1238 1287 curu
1267 1207 1436 1307 Ragn-

333 1327 457 1404 seis
485 1351 635 1432 pacem
665 1324 833 1404 iecisse.
861 1324 1185 1428 Respondentur
1211 1327 1251 1403 id
1279 1353 1436 1406 norum

333 1447 457 1536 nobis
485 1445 656 1524 minime
685 1445 819 1523 visum
847 1445 976 1525 tuisse
1004 1447 1116 1550 quod
1147 1473 1195 1538 ea
1226 1449 1265 1526 in
1293 1472 1339 1525 re
1361 1475 1437 1526 no·

330 1577 463 1664 strum
491 1570 665 1645 secutus
695 1565 824 1643 inerit
851 1565 1095 1653 consitium,
1136 1567 1292 1678 quippe
1321 1571 1439 1670 quod

330 1695 382 1770 ab
422 1691 585 1792 optimo
614 1695 880 1790 paternoque
907 1687 1047 1766 animo
1074 1679 1224 1764 nostro
1265 1689 1437 1792 proice·

329 1821 417 1890 turn
447 1813 527 1898 est,
556 1797 626 1883 cui
655 1807 759 1883 nihii
797 1805 877 1884 nisi
918 1809 1030 1909 quod
1060 1808 1098 1884 in
1141 1807 1252 1885 iliius
1282 1808 1437 1885 utitita-

331 1939 416 2018 tom
446 1927 571 2004 uobis
599 1929 754 2005 cedere
793 1926 1010 2004 videretur
1034 1929 1384 2005 consuleremus.

432 2047 505 2146 Qu
523 2071 546 2124 a
564 2071 584 2122 r
599 2052 615 2122 t
633 2071 659 2121 o
680 2069 773 2147 ·quo
818 2045 1142 2124 subventionem
1185 2045 1438 2126 ducatorum

327 2175 354 2246 2
397 2167 510 2246 mitte
551 2174 700 2269 petunt
740 2191 821 2270 pro
850 2167 1142 2246 satisfactione
1180 2167 1439 2270 provisionis

330 2287 461 2390 ipsius
498 2287 672 2364 illustris
702 2285 862 2365 domini
902 2311 982 2389 pro
1011 2279 1211 2390 impensis
1252 2287 1436 2389 ipsarum

330 2407 592 2525 nuptiarum,
619 2410 929 2512 respondeatur
954 2433 1035 2486 nos
1063 2407 1128 2486 iris
1159 2407 1438 2521 temporibus,

330 2539 374 2605 ut
400 2529 681 2607 exeeiicntiae
709 2529 838 2633 ipsius
865 2527 1023 2608 domini
1053 2529 1185 2607 iatere
1212 2551 1296 2604 nou
1325 2527 1439 2605 dubi-

329 2653 489 2740 tamus,
531 2647 832 2746 muitipiieibus
872 2647 1072 2748 impensis
1099 2657 1297 2747 gravatus
1326 2671 1439 2736 esse,

327 2769 505 2872 proinde
531 2793 616 2847 non
646 2759 742 2847 esse
769 2769 979 2871 possibile
1008 2790 1158 2846 eorum
1197 2767 1438 2868 requisitio·

329 2888 368 2966 ni
398 2883 439 2965 in
468 2893 601 2965 totum
629 2887 893 2968 satisfacere.
934 2887 1094 2965 Verum
1122 2896 1169 2965 ut
1195 2887 1437 2986 intelligant

330 3031 420 3084 rem
457 3008 629 3086 iiiustris
657 3007 817 3086 domini
845 3005 912 3083 sui
938 3007 978 3082 in
1015 3009 1138 3084 tantis
1181 3005 1337 3084 nostris
1365 3009 1445 3084 im-

154 3166 157 3173 1
212 3175 218 3184 ·
262 3193 264 3196 .
327 3129 469 3229 pensis
498 3129 621 3206 nobis
651 3153 753 3206 cure
782 3153 890 3215 esse,
930 3129 1194 3236 iniungentus
1237 3127 1438 3225 regimini

328 3253 473 3323 nostro
505 3245 580 3323 Co
598 3270 618 3321 r
633 3274 658 3350 p
676 3247 702 3324 h
720 3273 744 3321 o
759 3271 798 3347 y,
826 3252 870 3322 ut
896 3245 1005 3324 iilius
1020 3246 1261 3326 exocientie
1280 3247 1333 3322 de
1349 3252 1442 3325 tan·

325 3369 370 3442 to
401 3367 490 3443 saio
516 3366 727 3454 inserviat,
757 3365 874 3467 quod
900 3367 956 3445 sit
983 3391 1063 3468 pro
1091 3365 1239 3442 valore
1262 3367 1443 3443 ducato·

328 3513 419 3562 rum
448 3487 576 3582 miiie,
605 3487 826 3591 ponendus
860 3509 912 3566 eo
943 3487 1110 3590 pretio,
1138 3511 1224 3587 quo
1260 3509 1340 3588 per
1369 3509 1444 3563 ca·

327 3631 486 3686 rueram
516 3617 701 3686 nostram
732 3607 936 3686 Hateri
963 3607 1160 3685 venditur
1176 3611 1218 3684 et
1239 3605 1289 3682 ad
1319 3631 1444 3684 corn·

326 3733 470 3828 puttun
512 3729 702 3816 euntem
751 3726 1007 3830 provisionis
1061 3727 1288 3816 ottrannus
1343 3727 1445 3806 Na-

327 3856 551 3936 rentatu
591 3875 689 3936 earm
727 3855 879 3936 nostro
920 3847 1098 3947 travisio.
1127 3848 1196 3936 utu
1235 3848 1354 3932 arun
1392 3861 1451 3932 et

327 3995 413 4054 uuo
440 3971 535 4056 atini
564 3972 753 4057 vendent
783 3975 922 4072 ouant.
1154 3967 1156 3971 ’

428 4090 873 4188 Quintesentu.
916 4090 1451 4189 septimam-tare

325 4215 367 4284 et
394 4233 462 4292 uu
478 4237 551 4294 uo
576 4210 700 4298 nnius
727 4209 1055 4298 fermeeffeotuu
1081 4205 1232 4308 qutuus
1256 4206 1459 4294 tonores
1593 4264 1600 4301 1
