3206 5110
335 435 397 503 1⁷⁰

334 647 430 732 iiios
445 651 517 757 qui
544 661 685 734 essent
711 653 787 732 sub
810 653 1102 733 iurisdictione
1118 655 1325 758 liuicigui,
1354 655 1422 758 qui

334 775 476 852 essent
502 771 813 875 inobedientes,
855 790 949 854 cum
978 775 1058 852 iitis
1086 774 1221 853 modis
1257 783 1300 854 et
1327 799 1423 876 pro·

233 921 241 938 ·
334 895 681 1006 missionibusqoi
711 889 785 974 tibi
814 891 1066 976 ridebuntur
1088 895 1222 984 utiles,
1252 903 1297 973 ut
1325 918 1423 975 con·

334 1003 490 1095 tinctas·
518 1002 757 1121 praedictas
796 1003 873 1096 sub
913 1003 1114 1098 tidettute
1156 1025 1198 1099 et
1226 1017 1424 1099 obedien·

335 1137 388 1215 tia
417 1147 557 1218 nostro
587 1150 913 1224 conservasset
941 1147 1088 1226 tenere
1114 1133 1332 1254 possimus.

436 1261 615 1370 Insuper
645 1325 654 1348 .
685 1326 695 1347 .
722 1266 1043 1350 deliberavimus
1074 1271 1241 1351 mittere
1263 1273 1311 1350 ad
1333 1293 1421 1371 par·

333 1391 397 1462 tes
414 1383 582 1466 Scutari
613 1396 772 1469 certam
789 1392 1059 1494 quantitatem
1090 1393 1274 1492 gentium
1297 1417 1421 1494 eque·
1572 1447 1573 1454 a

332 1507 490 1596 sirium.
506 1514 548 1586 et
576 1517 620 1588 ut
635 1509 774 1591 dictae
803 1521 950 1612 gentes
966 1537 1059 1591 cum
1089 1513 1317 1593 securitate
1333 1513 1421 1590 des·

333 1625 516 1707 cendere
544 1629 707 1733 possint
734 1629 785 1711 ad
827 1631 1106 1712 Sanctum
1144 1633 1423 1718 Serrium.

333 1747 608 1850 reiinquimus
635 1752 675 1829 in
706 1751 897 1832 libertate
925 1758 994 1831 tus
1012 1751 1188 1832 faciendi
1217 1775 1339 1830 arnam
1357 1749 1423 1828 ba·

282 1931 284 1938 .
329 1868 467 1944 stitam
498 1892 520 1945 a
550 1869 678 1950 ietere
695 1870 835 1952 Sancti
852 1871 986 1952 Serzii
1017 1931 1027 1954 .
1058 1929 1066 1946 .
1095 1930 1105 1950 .
1135 1897 1242 1975 quae
1269 1872 1322 1949 sit
1342 1869 1423 1950 ior·

331 1989 394 2072 tis,
421 1993 466 2068 ut
494 2003 641 2092 gentes
671 1999 841 2072 nostrae
869 1991 1033 2095 possint
1062 1991 1103 2070 in
1132 1991 1201 2090 iiia
1218 1989 1424 2070 habiture.
1572 1995 1573 2042 ³

432 2113 610 2217 insuper
649 2111 791 2188 damus
832 2109 907 2192 tibi
949 2109 1181 2190 libertatem
1225 2108 1424 2212 possendi
1572 2107 1573 2156 ³

331 2235 543 2338 praticare
583 2237 626 2310 et
656 2232 856 2335 experiri,
885 2231 918 2309 si
947 2229 1093 2336 posses
1134 2227 1343 2310 reducere
1373 2225 1424 2303 ad
1572 2275 1573 2298 a

333 2353 614 2433 obedientiam
643 2362 829 2432 nostram
858 2353 951 2432 ioca
981 2349 1234 2428 Drivasti
1262 2353 1305 2426 et
1333 2345 1426 2424 An·
1572 2355 1573 2376 ³

332 2475 451 2552 tiva
467 2472 516 2551 ri
551 2499 644 2553 cum
674 2471 933 2553 districtibus
962 2469 1074 2569 suis,
1118 2479 1159 2549 et
1187 2493 1261 2548 cos
1289 2491 1425 2544 remo·

332 2620 433 2672 rere
463 2597 514 2674 ab
545 2595 785 2674 obedientia
814 2593 1035 2672 domiui
1077 2589 1345 2692 despect,
1384 2595 1427 2666 et

332 2713 519 2794 similiter
547 2717 642 2795 ilios
667 2715 719 2794 de
750 2717 787 2794 ia
814 2714 887 2793 Xa
906 2713 931 2788 b
949 2739 973 2790 o
991 2717 1002 2791 i
1019 2737 1078 2792 era
1096 2735 1130 2801 a,
1158 2712 1227 2814 qui
1256 2733 1341 2787 non
1357 2735 1428 2786 rc·

333 2836 491 2916 nissent
518 2839 568 2917 ad
598 2839 880 2917 obedientiam
909 2842 1116 2918 nostram.
1158 2835 1316 2912 utendo
1345 2831 1426 2907 iilis

332 2957 452 3037 bonis
482 2959 558 3036 viis
587 2959 803 3046 ermetis,
836 2959 902 3060 qui
932 2955 1284 3058 tuae'sapientiae
1314 2952 1427 3028 vide·

333 3083 496 3158 buntur.

434 3199 485 3279 Et
514 3201 610 3302 quia
637 3201 844 3279 securitas
875 3201 1067 3278 iocorum
1099 3203 1340 3276 nostrorum
1371 3197 1425 3274 de

333 3320 455 3416 iude,
498 3319 688 3400 consistit
730 3345 808 3424 pro
837 3317 984 3396 maiori
1012 3317 1199 3421 partein
1228 3313 1423 3393 habendo

332 3443 382 3518 ad
413 3439 692 3519 obedientiam
731 3447 915 3520 nostram
947 3439 1043 3536 iiius
1084 3437 1246 3516 uobiies
1287 3435 1424 3512 dein·

331 3561 397 3654 de,
426 3567 508 3638 tam
536 3562 700 3642 viciuos
731 3561 838 3640 iocis
868 3559 1049 3645 nostris,
1078 3583 1199 3661 quam
1229 3557 1325 3634 iiius
1354 3553 1426 3656 qui

1569 2733 1572 2848 i

330 3690 425 3762 sunt
452 3683 633 3764 subiecti
661 3685 786 3764 dictis
816 3681 970 3760 nostris
1006 3681 1136 3770 iocis,
1178 3679 1320 3758 ciamare
1351 3675 1424 3752 tibi
1569 3723 1570 3736 a

332 3805 566 3885 libertatem
596 3805 795 3908 posseudi
834 3803 1084 3906 promittere
1119 3800 1145 3877 d
1163 3827 1186 3878 u
1204 3825 1226 3878 a
1241 3825 1265 3876 n
1283 3800 1295 3875 i
1338 3798 1371 3876 C
1388 3820 1425 3873 a·

331 3925 550 4006 stricti
580 3925 631 4001 dc
659 3923 905 4030 provisione
934 3923 974 3999 in
1004 3946 1112 4002 anno
1142 3923 1317 4000 ducatos
1345 3927 1425 3996 tre-

332 4053 494 4134 centos,
523 4045 799 4148 promittente
828 4043 943 4122 dicto
967 4039 1145 4130 domno,
1173 4040 1224 4117 de
1253 4063 1336 4116 uon
1366 4063 1428 4114 es·

331 4167 462 4246 sendo
494 4175 644 4248 contra
672 4171 864 4245 nostrum
894 4163 1152 4254 dominium;
1196 4171 1238 4240 et
1280 4159 1424 4239 Coie

210 4377 215 4388 ,
328 4287 509 4372 ducatos
538 4285 773 4382 discentes,
808 4283 1097 4390 promittendo
1126 4279 1347 4368 simiiiter;
1383 4285 1425 4356 et
