3226 5112
346 389 414 462 ³⁰0

349 602 449 678 dum
478 571 541 676 sie
569 596 725 675 flerent
752 601 796 673 et
822 599 1051 698 agerentur
1077 615 1269 700 presens·
1285 597 1368 684 fui,
1407 602 1443 676 ct

353 720 406 797 de
435 717 630 796 mandato
646 717 1031 818 suprascriptorum
1048 716 1328 807 dominorum,
1342 717 1439 794 iicet

354 839 407 916 de
435 839 515 916 elia
543 861 666 914 manu
707 838 760 914 sit
788 841 1003 939 scriptum,
1043 839 1083 915 in
1127 837 1207 915 hoc
1247 837 1440 940 pubbliou

359 957 498 1033 formo
526 957 695 1055 redegi,
730 959 937 1057 signoque
966 961 1008 1034 et
1034 957 1204 1035 nomine
1232 957 1336 1034 meis
1362 980 1440 1033 mu·

220 1059 225 1070 ⁸
349 1081 390 1156 ni
408 1079 457 1164 ri,
485 1077 525 1154 iu
542 1074 666 1154 fidem
694 1083 738 1154 et
764 1075 895 1153 robur
923 1078 1108 1155 omnium
1132 1079 1443 1178 premissorum.
1597 1097 1598 1104 ‘

452 1198 550 1298 ligo
591 1195 899 1275 dohonnes
952 1198 1004 1275 de
1046 1198 1441 1297 Reguordotis

356 1318 567 1422 quondam
584 1316 746 1395 domini
762 1317 1007 1407 Alexandri,
1034 1321 1137 1397 civis
1150 1323 1350 1406 Venetus,
1378 1345 1442 1420 pu·

356 1440 491 1518 biious
521 1438 732 1540 imperiali
761 1439 1010 1518 auctoritate
1035 1441 1442 1518 etVeuetiorumuo·

265 1551 266 1554 ‘
356 1561 500 1647 terius,
532 1585 582 1638 ac
604 1558 736 1658 judex
765 1559 1011 1645 ordinarius.
1040 1567 1083 1638 et
1109 1562 1285 1640 ducatus
1313 1561 1446 1638 Vene-

355 1681 503 1758 tiorum
536 1681 690 1768 scriba,
716 1705 798 1758 nec
813 1706 899 1757 non
914 1679 964 1758 od
979 1703 1155 1782 presens
1171 1680 1445 1758 cancellarius

360 1799 640 1904 suprascripti
679 1800 836 1877 domiui
865 1803 1063 1892 oratoris,
1090 1799 1292 1901 predictis
1321 1801 1444 1888 omui·

356 1925 447 2014 bus,
462 1925 558 2000 dum
570 1920 633 1996 sio
647 1919 800 1998 fierent
814 1928 856 1998 et
871 1930 1096 2022 agerentur
1110 1943 1286 2022 presens
1302 1919 1370 2007 fui,
1386 1946 1446 1997 eu·
1597 2019 1598 2024 Ν

360 2066 447 2142 que
475 2039 526 2117 de
555 2039 748 2118 mandato
778 2039 1161 2142 suprascriptorum
1183 2039 1447 2118 dominorum

363 2161 403 2236 in
431 2161 540 2236 hauc
581 2159 790 2260 publicem
833 2159 1013 2236 formem
1048 2158 1208 2259 redegi,
1249 2183 1449 2238 unacum

362 2280 467 2358 uitro
493 2283 654 2382 scripto
672 2281 847 2380 egregio
878 2281 969 2358 viro
986 2281 1159 2358 domiuo
1188 2281 1328 2358 Nico
1344 2281 1357 2356 1
1373 2306 1395 2358 a
1409 2305 1448 2376 o,

357 2401 610 2479 cancellario
623 2400 805 2502 predicti
820 2401 992 2478 illustris
1008 2399 1165 2476 domini
1185 2402 1217 2478 d·
1231 2427 1255 2476 e
1271 2425 1290 2475 s
1306 2427 1332 2504 p
1353 2427 1379 2476 o
1396 2403 1450 2488 ti,

360 2525 403 2599 et
429 2519 470 2597 in
498 2524 800 2624 premissorum
845 2523 968 2601 tidem
1005 2527 1048 2600 et
1075 2521 1235 2600 robore
1262 2547 1329 2598 mo
1358 2519 1449 2598 sub·

238 2685 241 2694 ·
359 2643 513 2746 scripsi
533 2643 782 2745 signumque
811 2667 949 2720 meum
978 2645 1228 2723 consuetum
1256 2641 1450 2745 apposui.

865 2833 1140 2894 Commemoriele
1164 2835 1232 2894 xli.
1262 2837 1312 2894 ch.
1337 2829 1408 2894 1¹18.

476 3103 759 3205 cccclv.
804 3125 915 3201 rues.
957 3127 1018 3200 lu.
1060 3123 1334 3220 Augusti.

388 3336 578 3394 Berresauu
601 3349 663 3392 uos
687 3351 704 3390 o
727 3335 861 3391 Hmrose
886 3334 985 3392 Meno
1010 3348 1204 3391 necassem,
1230 3332 1417 3416 Maerens,

419 3432 612 3509 upeurouio
636 3451 784 3514 pecuory
807 3431 917 3508 1¹70pr
943 3433 1163 3508 Bpauuosuhy
1186 3450 1392 3508 npssnrour,

825 3553 983 3611 yroeopa.

460 3721 649 3826 Capitula
686 3731 728 3798 et
754 3719 1003 3823 petitiones,
1045 3745 1146 3823 quas
1176 3719 1277 3798 fecit
1308 3721 1452 3798 ‹laris-
1597 3797 1598 3818 p

359 3847 488 3925 simus
517 3847 582 3922 vir
609 3844 801 3923 dominus
829 3843 930 3920 Nic
947 3869 972 3920 ο
990 3843 1001 3918 Ι
1018 3866 1041 3919 a
1056 3867 1082 3917 u
1098 3868 1117 3918 s
1145 3843 1283 3918 Mem
1302 3867 1327 3920 c
1358 3864 1452 3918 oro·

242 4013 247 4020 ·
362 3978 428 4048 tor
457 3965 727 4045 illustrissimi
754 3965 924 4064 d'ominij
951 3965 1245 4050 Venetiarum,
1282 3963 1323 4039 ii
1340 3963 1451 4038 ius·

362 4087 414 4165 tri
444 4090 468 4166 d
486 4112 511 4165 o
528 4087 638 4164 min
655 4113 680 4164 o
709 4087 848 4190 desp
867 4113 891 4162 o
910 4091 924 4160 t
940 4112 980 4174 o,
1007 4109 1084 4186 pro
1108 4082 1451 4162 inobservatione

365 4209 496 4313 pacis,
523 4217 565 4286 et
592 4209 751 4287 damnis
787 4207 906 4288 fectis
927 4199 1087 4286 civibus
1115 4212 1158 4282 et
1171 4204 1348 4285 subditis
1362 4225 1455 4305 pre·
