3206 5110
149 594 192 668 et
233 589 411 682 Volohi,
453 613 513 670 ao
562 587 765 691 magniflui
822 592 987 670 comitis
1038 591 1243 698 Stephani
1283 673 1288 680 ,

147 712 317 814 nepotis
356 710 483 814 ipsius
525 711 734 812 magnifici
757 712 932 792 ¹domini
956 741 958 748 ’
979 713 1148 796 Sandali
1200 719 1244 794 et

147 829 220 910 lilii
267 833 397 936 ipsius
451 833 665 934 magnifici·
707 835 873 912 comitis
913 836 1083 935 Vo'eaz,
1127 836 1240 940 quod

148 955 367 1052 dignemur
393 954 582 1042 eosdem,
610 951 878 1054 mogniilon'm
905 955 1119 1036 dominum
1146 957 1243 1032 San-

148 1075 229 1152 dali
255 1075 405 1153 iratres
444 1089 544 1154 su'os
567 1079 707 1176 'atque
745 1081 946 1178 nepotem
985 1086 1027 1156 e‘t
1056 1079 1241 1183 ipsorum

147 1193 256 1272 filios
285 1203 328 1272 et
355 1194 547 1290 heredes,
575 1195 718 1274 iacere
748 1195 801 1272 de
829 1219 1008 1274 numero
1038 1197 1243 1278 nobilium

150 1320 394 1392 noslrorum
420 1313 596 1392 civitatis
625 1339 686 1393 ‘ao
706 1315 887 1414 majoris
917 1315 1085 1394 consilii
1110 1317 1245 1394 Vene-

149 1435 312 1530 tiarum,
342 1434 624 1514 concedendo
653 1433 811 1513 eisdem
828 1435 1102 1538 'privilegium
1130 1439 1243 1516 dicte

150 1555 389 1654 nobilitatis
406 1555 606 1633 bullatum
630 1555 743 1633 bulla
758 1579 900 1640 aurea,
918 1557 1106 1658 quamvis
1134 1557 1244 1635 idem

150 1675 396 1774 magnificus
424 1673 616 1752 dominus
659 1673 836 1753 Sandali'
862 1674 1016 1754 tuerit‘
1033 1677 1135 1756 alias
1165 1677 1244 1756 fao·

151 1805 218 1876 tus
255 1798 310 1875 de
346 1819 524 1874 numero
559 1791 1051 1874 nostrorummnittum
1078 1797 1244 1902 predio·

150 1925 316 2008 torum,
342 1918 417 1995 sed
446 1923 624 2019 propter
663 1919 841 2014 guerras
883 1917 1078 2018 proxime
1108 1917 1243 2021 lapsas

126 2067 128 2073 ⁴
150 2061 272 2114 suum
288 2035 554 2138 privilegium
581 2037 810 2115 casualiter
823 2035 884 2114 s'lt
899 2037 1153 2116 ammissum.
1179 2037 1243 2117 Ad

150 2157 263 2236 istud
290 2157 516 2234 ultimum
546 2155 927 2261 respondemus,
954 2157 1065 2260 quod
1085 2159 1125 2234 in
1147 2157 1245 2236 ebn-

49 2283 51 2292 ’
150 2279 403 2382 placentiam
434 2278 562 2380 ipsius
586 2273 1045 2364 dominiSandali;'sub
1075 2279 1244 2356 nomine

151 2399 319 2476 etbulla
347 2397 641 2477 nostrareiiei
665 2398 871 2478 iaciemus
898 2397 1164 2502 privilegium
1188 2397 1244 2475 di-

151 2518 319 2618 gnitatis
347 2517 520 2618 majoris
543 2517 711 2599 consilii
737 2533 813 2598 sue
840 2517 1147 2618 magnificentie
1175 2517 1243 2596 ali·

148 2663 194 2714 as
223 2663 492 2730 conoessum,
509 2641 556 2718 iu
589 2663 638 2717 ea
652 2637 827 2743 propria
855 2639 993 2716 torma
1021 2655 1144 2740 ¹quam
1171 2637 1240 2714 ha·

151 2761 240 2838 buit
268 2817 280 2848 ,
307 2765 350 2838 ot
376 2767 421 2837 ul
446 2759 615 2836 rideant
636 2757 734 2862 ipsi
762 2757 1027 2858 magnificus·
1045 2749 1239 2836 dominus

149 2906 198 2960 ao
227 2881 426 2982 prelibati
468 2880 677 2980 magnifici
703 2879 854 2958 iratres
896 2885 938 2956 'et
973 2899 1120 2984 'nepos
1163 2878 1242 2969 sui,

32 2984 35 2996 ’
149 3000 279 3102 quod·
303 3026 378 3078 eos
406 3002 572 3080 sincera
613 2999 1155 3101 caritale···‘eompleotimus
1199 3009 1242 3080 et

147 3121 189 3198 in
218 3122 380 3200 cunetis
407 3117 677 3223 possibilibus
713 3119 896 3198 libenter
922 3121 1241 3221 complacemus

148 3241 324 3334 eisdem,
350 3227 508 3320 sumus
529 3239 716 3320 contenti
746 3263 841 3320 uum
869 3238 1021 3319 debitis
1045 3233 1241 3320 solemni·

146 3359 300 3440 talibus
328 3369 369 3440 et
385 3361 603 3440 ordinibus
630 3361 799 3451 nostrie,
814 3349 1033 3440 assumere
1062 3369 1104 3440 et
1131 3362 1240 3441 face·

147 3507 195 3560 re
224 3482 342 3587 ipsos
370 3482 938 3580 magnificosrlratres*suos*
955 3486 1084 3584 atque
1112 3507 1238 3584 nepo·

146 3611 247 3695 tem,
275 3605 325 3682 ad
354 3627 573 3682 numerum
603 3609 647 3681 et
674 3602 727 3679 de
755 3619 932 3682 numero
959 3603 1141 3680 aliorum
1168 3629 1242 3682 no·

146 3723 289 3802 bilium
317 3724 448 3803 nostri
476 3727 648 3823 majoris
676 3723 866 3812 consilii,
902 3719 1240 3826 etquemadmo·

146 3845 244 3924 dum
260 3853 326 3924 est
352 3845 596 3946 magnificus
617 3845 810 3926 (lominus
825 3845 991 3922 Saud’ali
1011 3847 1239 3950 predictus.

247 3967 295 4044 ln
332 3965 638 4070 premissorum
672 3974 812 4046 autem
839 3966 963 4046 iidem
993 3971 1048 4044 'et
1074 3965 1239 4047 evid'en·

149 4087 247 4164 tiam
274 4086 528 4190 pleniorem,
550 4089 671 4184 iuxta
700 4085 1019 4188 requisitionem
1048 4088 1238 4186 eJusdem

145 4207 313 4288 comitis
349 4205 570 4286 Pribislavi
598 4207 915 4302 ambassiatoris
951 4205 1051 4287 dicti
1079 4205 1238 4288 domini
