3220 5118
354 354 423 428 114

356 567 458 644 rso·
486 566 657 645 modum
687 585 783 645 cum
810 581 979 644 nonore
1005 573 1153 642 nostro
1166 560 1367 645 veniendi
1393 560 1446 642 ed

355 683 558 792 pmticem
587 686 726 764 dictae
752 683 896 788 pacis.
933 683 1075 786 piacet
1101 685 1226 767 nobis
1254 683 1366 788 quod
1391 682 1444 766 td

355 803 508 886 dictem
534 807 740 911 protieom
762 805 956 886 wvoniutis.
982 805 1036 884 ut
1062 815 1106 882 ut
1135 806 1189 886 de
1214 803 1446 886 intentione

355 933 501 1004 nostro
541 927 654 1007 circa
702 925 856 1005 tectum
898 925 1034 1004 dictae
1087 924 1204 1028 pacis
1256 923 1447 1006 informe

355 1045 514 1142 tionem
543 1045 746 1134 habeatis,
774 1069 916 1128 sumus
945 1043 1193 1126 contentiet
1211 1043 1351 1147 placet
1376 1067 1446 1122 no·

355 1167 444 1258 bis;
487 1165 599 1270 quod
630 1167 876 1244 restituente
904 1163 1019 1244 dicto
1046 1163 1171 1244 Beiso
1200 1173 1349 1245 nostro
1379 1165 1446 1242 do·

355 1289 482 1367 minio
511 1288 723 1368 civitatem
750 1295 934 1368 nostrum
961 1285 1245 1376 Drivssti,
1274 1293 1317 1363 et
1344 1283 1446 1362 reie-

354 1418 478 1486 xente
506 1415 639 1486 totum
678 1407 938 1486 territorium
967 1415 1157 1486 nostrum
1195 1405 1375 1484 liberum
1405 1415 1447 1482 et

355 1530 601 1632 pacificum,
639 1539 679 1606 et
708 1527 906 1605 similiter
941 1528 1230 1608 satisfaciente
1260 1533 1301 1606 et
1328 1525 1445 1605 resti·

300 1693 302 1701 =
354 1659 496 1729 tuente
526 1649 663 1728 omnis
704 1651 815 1727 bone
858 1657 1142 1728 mercatorum
1183 1656 1447 1735 nostrorum,

353 1793 460 1873 quoe
488 1774 749 1872 accepisset,
780 1793 827 1848 oc
857 1769 1106 1850 restituente
1135 1793 1282 1848 omues
1308 1768 1446 1845 sirbdi·

353 1897 420 1966 tos
448 1897 646 1979 nostros,
688 1913 797 1990 quos
826 1896 992 1967 teneret
1034 1891 1224 1989 captivos
1251 1911 1346 1966 cum
1376 1886 1448 1966 bo-

352 2011 417 2088 nis
455 2010 566 2098 suis,
607 2033 755 2088 secum
795 2007 847 2088 ad
888 2032 1038 2110 pacem
1082 2009 1450 2098 condescendetis

353 2153 437 2212 uon
452 2129 592 2208 dando
610 2131 747 2208 eidem
764 2129 1053 2234 provisionem
1081 2129 1331 2210 ducatorum
1358 2129 1447 2208 mil·

355 2253 393 2330 ic
419 2253 460 2329 in
489 2273 612 2334 enno,
638 2271 761 2350 quam
791 2249 938 2328 solitus
967 2260 1057 2328 eret
1084 2249 1259 2330 hebere.
1287 2249 1341 2330 ut
1370 2252 1447 2330 cir·

353 2395 401 2450 oo
430 2369 515 2448 troc
555 2371 710 2446 instare
751 2368 942 2447 debeatis
970 2394 1064 2446 cum
1107 2370 1193 2449 iilis
1233 2369 1374 2450 modis
1404 2379 1447 2450 ot

353 2492 438 2582 viis,
465 2491 536 2592 qui
564 2498 731 2569 vestrae
759 2489 1010 2592 prudentiae
1038 2489 1302 2572 videbuntur.
1330 2490 1383 2570 Et
1410 2499 1446 2572 si

352 2612 484 2690 dictus
512 2609 689 2690 Balsa
730 2611 781 2690 ad
809 2609 892 2688 hoc
919 2612 1054 2688 nollet
1081 2611 1445 2698 condescendere.
1560 2677 1563 2690 .

350 2731 446 2835 quic
472 2737 641 2834 peteret
668 2729 957 2833 provisionem
985 2729 1260 2833 praedictum,
1292 2743 1334 2813 et
1360 2757 1446 2812 nou

349 2863 497 2958 posset
526 2853 750 2932 restituere
779 2852 1035 2929 damnsdoto
1063 2845 1243 2932 subditis
1268 2853 1445 2946 nostris,

350 2975 446 3076 quio
475 2973 643 3052 omnino
661 2971 904 3052 intentionis
932 2983 1103 3052 nostrae
1121 2982 1198 3064 est,
1213 2975 1327 3076 quod
1355 2999 1443 3052 res·

350 3095 471 3173 titust
496 3097 646 3174 dumne
675 3080 983 3172 mercatoribus
1011 3095 1146 3191 illota,
1176 3119 1317 3174 sumus
1344 3121 1444 3174 oon·

352 3201 466 3302 tenti,
482 3213 596 3317 quod
626 3214 993 3304 condescendatis,
1021 3216 1137 3316 quod
1165 3214 1276 3292 dicta
1304 3213 1427 3317 provi

348 3335 412 3412 sio
443 3341 657 3414 remaneat
685 3342 830 3413 nostro
859 3337 1059 3422 dominio,
1089 3335 1280 3438 perillud
1309 3335 1442 3412 maius

349 3463 515 3560 tempus
545 3481 631 3557 quo
660 3455 867 3556 poteritis,
882 3477 961 3560 pro
972 3455 1260 3535 satisfactione
1275 3457 1441 3536 domno·

350 3598 440 3653 rum
468 3585 619 3654 nostro
659 3575 846 3654 dominio
876 3583 917 3654 et
945 3579 1100 3656 nostris
1140 3577 1317 3656 subditis
1355 3578 1440 3654 itta-

348 3701 501 3773 torum.
528 3695 581 3772 ut
607 3696 772 3797 quando
801 3696 887 3775 hoc
913 3698 1057 3776 tacere
1085 3705 1319 3788 recusaret,
1346 3697 1440 3798 quio

349 3817 519 3900 omnino
547 3817 674 3895 veltet
700 3817 860 3898 habore
889 3817 1181 3918 provisionem
1201 3841 1331 3904 suom.
1359 3819 1439 3918 pis·

350 3944 420 4014 oct
447 3935 596 4026 nobis,
633 3935 746 4038 quod
774 3937 808 4014 si
837 3935 1046 4016 habebitis
1076 3933 1287 4016 civitatem
1327 3937 1439 4015 Dri·

350 4055 452 4131 vesti
485 4063 527 4132 et
555 4063 685 4134 totum
730 4065 920 4138 nostrum
944 4059 1219 4137 ‘territorium
1262 4059 1438 4138 liberum

348 4180 391 4253 et
426 4175 676 4278 pacificum,
718 4185 759 4254 et
788 4177 994 4258 relambit
1035 4178 1225 4258 subditos
1266 4189 1439 4260 nostros
