3226 5112
345 391 411 471 tec

487 607 877 774 ccccxxur.
907 697 1020 772 nn.
1050 699 1110 772 19.
1137 694 1302 774 rann.

343 869 562 929 Hammeum
585 888 621 930 ue
643 873 819 932 Meet-nune
833 885 1012 947 norecepe‚
1030 875 1156 944 ruuytre
1168 885 1206 928 ce
1218 887 1302 946 nupt
1316 887 1353 927 ca
1366 887 1439 928 rue-

385 987 473 1033 eem»
496 975 702 1034 credonem·
725 974 921 1046 nomnium
943 974 1125 1034 caraem
1177 970 1395 1056 (Cupencum)

444 1139 564 1242 Quod
605 1140 818 1220 scribatur
854 1166 925 1220 ser
965 1141 1271 1221 liuderico
1314 1141 1438 1218 Lau·

343 1263 569 1338 reduno
608 1262 828 1364 capitaneo
859 1259 979 1348 euru,
1007 1286 1079 1338 ser
1108 1261 1308 1338 Murco
1348 1259 1438 1336 Ge·

315 1379 366 1460 ¹n
384 1408 409 1459 0
440 1381 560 1459 militi
589 1380 801 1484 provisori
830 1383 881 1462 ad
908 1391 1048 1485 partes
1076 1380 1274 1460 Albaniae
1299 1387 1342 1458 et
1368 1405 1439 1457 ser

339 1499 521 1580 Petro
553 1501 855 1581 Dalmario
887 1503 1033 1582 comiti
1063 1501 1218 1581 Catari.

442 1695 546 1773 Post
586 1718 806 1774 recessum
846 1703 1034 1774 vestrum
1069 1698 1122 1775 de
1150 1693 1338 1774 Venetiis
1370 1720 1437 1774 oc-

340 1841 511 1896 cursum
542 1825 606 1894 est
643 1819 758 1918 quod
800 1842 907 1895 unus
950 1817 1230 1896 ambassiator
1270 1817 1434 1894 comi·

338 1940 417 2016 tis
454 1937 516 2013 St
533 1963 555 2018 e
573 1937 593 2012 f
601 1960 623 2012 n
638 1963 663 2014 n
679 1939 692 2016 i
719 1937 831 2016 veuit
860 1938 909 2014 ad
937 1939 1220 2042 praesentium
1237 1944 1436 2030 nostram,

339 2067 382 2136 et
409 2083 486 2160 per
514 2083 564 2137 ee
594 2083 703 2160 quae
745 2058 935 2136 dominio
976 2065 1127 2136 nostro
1170 2057 1313 2136 retulit
1351 2083 1434 2162 pru

336 2184 456 2280 perte
484 2175 615 2282 ipsius
643 2175 891 2256 comitis
927 2176 1194 2268 stefani,
1223 2177 1333 2254 idem
1363 2202 1433 2254 co·

335 2321 424 2374 mes
451 2295 620 2376 videtur
647 2297 877 2400 dispositus
919 2297 1092 2377 omnino
1135 2297 1295 2376 habere
1338 2321 1434 2376 cum

335 2425 482 2496 nostro
512 2417 700 2496 dominio
729 2416 884 2497 bonam
913 2441 1091 2521 pacem,
1134 2417 1333 2518 quoniam
1363 2443 1431 2520 pe·

333 2540 398 2617 tiit
437 2540 835 2631 munerationis,
871 2539 906 2616 si
943 2538 1042 2641 quid
1082 2545 1275 2642 putamus
1317 2539 1432 2641 quod

333 2659 486 2738 fecerit
523 2666 670 2738 contra
712 2667 906 2738 nostrum
936 2659 1178 2746 dominium,
1215 2665 1258 2735 et
1284 2669 1433 2761 aperte

258 2833 264 2840 -
333 2779 716 2881 conprehendimus
746 2802 823 2883 per
837 2779 965 2858 verbe
981 2777 1295 2857 ambassiatoris
1310 2803 1435 2882 prae·

332 2899 456 3002 dicte,
484 2903 599 3002 quod
628 2901 765 2978 dictus
794 2925 941 2979 comes
982 2899 1221 2978 remanebit
1262 2907 1435 2978 conten·

331 3027 395 3098 tus
423 3021 638 3100 dimittere
667 3025 818 3100 nostro
856 3019 1045 3100 dominio
1089 3047 1115 3098 u
1130 3045 1156 3098 n
1172 3025 1225 3100 iv
1242 3047 1265 3099 e
1281 3043 1335 3098 rs
1351 3047 1374 3099 a
1390 3047 1432 3099 m

330 3143 568 3218 (tentam
607 3139 976 3221 inferiorem
1004 3142 1432 3233 etDrivestum3

329 3270 590 3368 quapropter
615 3263 811 3341 volumus
841 3271 883 3343 et
910 3268 1150 3344 mundemus
1165 3263 1298 3356 vobis,
1315 3265 1429 3365 quod

329 3384 438 3463 hunc
480 3387 695 3464 materiem
738 3385 919 3463 habendi
961 3393 1143 3465 totam
1186 3385 1429 3463 Zentam

327 3503 695 3585 interiorem
737 3513 780 3584 et
826 3507 1167 3587 Drivastum
1208 3531 1259 3586 ac
1300 3507 1427 3586 etiam

325 3623 839 3706 Jurussevichios
887 3628 1098 3733 praticare
1138 3627 1327 3710 debeatis
1370 3630 1426 3706 ite

325 3747 561 3850 prudenter
607 3754 661 3852 ct,
691 3757 867 3838 mature,
920 3751 1034 3852 quod
1071 3751 1181 3828 sicut
1230 3755 1425 3852 optemus

325 3893 394 3948 res
421 3868 575 3948 hebeat
602 3870 741 3949 locum
769 3927 965 3948 ......
994 3869 1170 3968 Quando
1199 3877 1341 3948 autem
1369 3921 1381 3943 .
1412 3923 1423 3944 .

328 4044 335 4058 ·
372 4046 382 4068 .
414 4048 423 4065 .
458 4017 733 4072 .....non
775 3991 962 4098 possetis
1005 3991 1198 4072 obtinere
1239 3989 1422 4070 habendi

325 4111 563 4188 universam
604 4111 779 4190 Zentem
821 4112 1083 4216 praedictam
1113 4121 1155 4190 et
1183 4111 1420 4216 Drivnstum

324 4257 375 4308 nc
400 4219 767 4321 ‹Jurnesevichios‚
804 4235 845 4313 in
887 4235 974 4314 hoc
1014 4259 1115 4314 cusu
1144 4242 1301 4314 utnon
1327 4255 1421 4335 per·
