<?xml version="1.0" encoding="UTF-8"?>
<!DOCTYPE html PUBLIC "-//W3C//DTD XHTML 1.0 Transitional//EN"
    "http://www.w3.org/TR/xhtml1/DTD/xhtml1-transitional.dtd">
<html xmlns="http://www.w3.org/1999/xhtml" xml:lang="en" lang="en">
 <head>
  <title>
</title>
<meta http-equiv="Content-Type" content="text/html;charset=utf-8" />
  <meta name='ocr-system' content='tesseract 3.04.00' />
  <meta name='ocr-capabilities' content='ocr_page ocr_carea ocr_par ocr_line ocrx_word'/>
</head>
<body>
  <div class='ocr_page' id='page_1' title='image "./actaarchivivene00sergoog_0240.png"; bbox 0 0 3212 5116; ppageno 0'>
   <div class='ocr_carea' id='block_1_1' title="bbox 331 569 1419 1042">
    <p class='ocr_par' dir='ltr' id='par_1_1' title="bbox 331 569 1419 1042">
     <span class='ocr_line' id='line_1_1' title="bbox 331 569 1419 676; baseline -0.006 -24"><span class='ocrx_word' id='word_1_1' title='bbox 331 580 401 652; x_wconf 91' lang='lat' dir='ltr'>tur</span> <span class='ocrx_word' id='word_1_2' title='bbox 435 574 609 650; x_wconf 85' lang='lat' dir='ltr'>salutern</span> <span class='ocrx_word' id='word_1_3' title='bbox 637 574 678 652; x_wconf 93' lang='lat' dir='ltr'>in</span> <span class='ocrx_word' id='word_1_4' title='bbox 707 599 773 665; x_wconf 91' lang='lat' dir='ltr'>eo,</span> <span class='ocrx_word' id='word_1_5' title='bbox 801 577 840 652; x_wconf 92' lang='lat' dir='ltr'>in</span> <span class='ocrx_word' id='word_1_6' title='bbox 869 599 952 675; x_wconf 92' lang='lat' dir='ltr'>quo</span> <span class='ocrx_word' id='word_1_7' title='bbox 982 571 1022 648; x_wconf 93' lang='lat' dir='ltr'>in</span> <span class='ocrx_word' id='word_1_8' title='bbox 1051 571 1174 648; x_wconf 85' lang='lat' dir='ltr'>terris</span> <span class='ocrx_word' id='word_1_9' title='bbox 1212 569 1419 676; x_wconf 83' lang='lat' dir='ltr'>regnanti·</span> 
     </span>
     <span class='ocr_line' id='line_1_2' title="bbox 333 692 1419 786; baseline 0.005 -16"><span class='ocrx_word' id='word_1_10' title='bbox 333 717 401 771; x_wconf 90' lang='lat' dir='ltr'>um</span> <span class='ocrx_word' id='word_1_11' title='bbox 431 692 534 772; x_wconf 88' lang='lat' dir='ltr'>solia</span> <span class='ocrx_word' id='word_1_12' title='bbox 561 703 656 772; x_wconf 86' lang='lat' dir='ltr'>sunt</span> <span class='ocrx_word' id='word_1_13' title='bbox 683 703 851 786; x_wconf 89' lang='lat' dir='ltr'>erecta,</span> <span class='ocrx_word' id='word_1_14' title='bbox 877 693 977 774; x_wconf 88' lang='lat' dir='ltr'>hinc</span> <span class='ocrx_word' id='word_1_15' title='bbox 1002 699 1142 771; x_wconf 84' lang='lat' dir='ltr'>vestre</span> <span class='ocrx_word' id='word_1_16' title='bbox 1179 695 1419 778; x_wconf 88' lang='lat' dir='ltr'>universita-</span> 
     </span>
     <span class='ocr_line' id='line_1_3' title="bbox 333 813 1418 920; baseline 0.004 -26"><span class='ocrx_word' id='word_1_17' title='bbox 333 817 384 894; x_wconf 88' lang='lat' dir='ltr'>tis</span> <span class='ocrx_word' id='word_1_18' title='bbox 411 813 658 892; x_wconf 74' lang='lat' dir='ltr'><strong>fraternitati</strong></span> <span class='ocrx_word' id='word_1_19' title='bbox 685 815 900 894; x_wconf 81' lang='lat' dir='ltr'>elucescat</span> <span class='ocrx_word' id='word_1_20' title='bbox 926 835 1005 917; x_wconf 88' lang='lat' dir='ltr'>per</span> <span class='ocrx_word' id='word_1_21' title='bbox 1040 822 1274 916; x_wconf 75' lang='lat' dir='ltr'>presentes,</span> <span class='ocrx_word' id='word_1_22' title='bbox 1305 823 1418 920; x_wconf 87' lang='lat' dir='ltr'>quod</span> 
     </span>
     <span class='ocr_line' id='line_1_4' title="bbox 333 936 1417 1042; baseline 0.005 -28"><span class='ocrx_word' id='word_1_23' title='bbox 333 937 547 1042; x_wconf 75' lang='lat' dir='ltr'>perceptis</span> <span class='ocrx_word' id='word_1_24' title='bbox 584 943 627 1014; x_wconf 90' lang='lat' dir='ltr'>et</span> <span class='ocrx_word' id='word_1_25' title='bbox 664 936 893 1015; x_wconf 83' lang='lat' dir='ltr'>intellectis</span> <span class='ocrx_word' id='word_1_26' title='bbox 934 936 1178 1015; x_wconf 83' lang='lat' dir='ltr'>ambaxiatis</span> <span class='ocrx_word' id='word_1_27' title='bbox 1233 945 1277 1017; x_wconf 91' lang='lat' dir='ltr'>et</span> <span class='ocrx_word' id='word_1_28' title='bbox 1311 941 1417 1040; x_wconf 79' lang='lat' dir='ltr'>lega</span> 
     </span>
    </p>
   </div>
   <div class='ocr_carea' id='block_1_2' title="bbox 260 1055 1519 4300">
    <p class='ocr_par' dir='ltr' id='par_1_2' title="bbox 260 1055 1519 4300">
     <span class='ocr_line' id='line_1_5' title="bbox 332 1055 1419 1138; baseline 0.003 -3"><span class='ocrx_word' id='word_1_29' title='bbox 332 1057 513 1136; x_wconf 85' lang='lat' dir='ltr'>tionibus</span> <span class='ocrx_word' id='word_1_30' title='bbox 566 1055 819 1132; x_wconf 77' lang='lat' dir='ltr'>serenissimi</span> <span class='ocrx_word' id='word_1_31' title='bbox 868 1079 917 1134; x_wconf 90' lang='lat' dir='ltr'>ac</span> <span class='ocrx_word' id='word_1_32' title='bbox 970 1055 1235 1135; x_wconf 83' lang='lat' dir='ltr'>illustrissimi</span> <span class='ocrx_word' id='word_1_33' title='bbox 1289 1057 1419 1138; x_wconf 89' lang='lat' dir='ltr'>domi·</span> 
     </span>
     <span class='ocr_line' id='line_1_6' title="bbox 332 1175 1419 1264; baseline 0.004 -9"><span class='ocrx_word' id='word_1_34' title='bbox 332 1179 373 1255; x_wconf 88' lang='lat' dir='ltr'>ni</span> <span class='ocrx_word' id='word_1_35' title='bbox 401 1175 834 1256; x_wconf 58' lang='lat' dir='ltr'>dominivAntonii</span> <span class='ocrx_word' id='word_1_36' title='bbox 872 1178 1150 1264; x_wconf 89' lang='lat' dir='ltr'>Venerio,</span> <span class='ocrx_word' id='word_1_37' title='bbox 1178 1179 1323 1256; x_wconf 91' lang='lat' dir='ltr'>eadem</span> <span class='ocrx_word' id='word_1_38' title='bbox 1351 1181 1419 1258; x_wconf 77' lang='lat' dir='ltr'>(lei</span> 
     </span>
     <span class='ocr_line' id='line_1_7' title="bbox 332 1298 1417 1402; baseline 0.004 -25"><span class='ocrx_word' id='word_1_39' title='bbox 332 1301 463 1402; x_wconf 86' lang='lat' dir='ltr'>gratia</span> <span class='ocrx_word' id='word_1_40' title='bbox 490 1298 609 1378; x_wconf 88' lang='lat' dir='ltr'>ducis</span> <span class='ocrx_word' id='word_1_41' title='bbox 642 1299 915 1376; x_wconf 88' lang='lat' dir='ltr'>Venetiarum</span> <span class='ocrx_word' id='word_1_42' title='bbox 944 1309 1025 1387; x_wconf 90' lang='lat' dir='ltr'>etc,</span> <span class='ocrx_word' id='word_1_43' title='bbox 1054 1323 1102 1376; x_wconf 90' lang='lat' dir='ltr'>ac</span> <span class='ocrx_word' id='word_1_44' title='bbox 1131 1302 1321 1398; x_wconf 81' lang='lat' dir='ltr'>ejusdem</span> <span class='ocrx_word' id='word_1_45' title='bbox 1347 1305 1417 1381; x_wconf 89' lang='lat' dir='ltr'>du·</span> 
     </span>
     <span class='ocr_line' id='line_1_8' title="bbox 334 1415 1446 1522; baseline 0.002 -24"><span class='ocrx_word' id='word_1_46' title='bbox 334 1419 436 1499; x_wconf 89' lang='lat' dir='ltr'>calis</span> <span class='ocrx_word' id='word_1_47' title='bbox 465 1415 638 1496; x_wconf 88' lang='lat' dir='ltr'>dominii</span> <span class='ocrx_word' id='word_1_48' title='bbox 676 1441 755 1522; x_wconf 90' lang='lat' dir='ltr'>per</span> <span class='ocrx_word' id='word_1_49' title='bbox 793 1419 982 1497; x_wconf 90' lang='lat' dir='ltr'>nobilem</span> <span class='ocrx_word' id='word_1_50' title='bbox 1010 1428 1052 1498; x_wconf 90' lang='lat' dir='ltr'>ct</span> <span class='ocrx_word' id='word_1_51' title='bbox 1091 1420 1325 1522; x_wconf 81' lang='lat' dir='ltr'>sapientem</span> <span class='ocrx_word' id='word_1_52' title='bbox 1363 1425 1446 1502; x_wconf 75' lang='lat' dir='ltr'>vi.</span> 
     </span>
     <span class='ocr_line' id='line_1_9' title="bbox 334 1538 1418 1632; baseline 0.006 -14"><span class='ocrx_word' id='word_1_53' title='bbox 334 1566 426 1619; x_wconf 93' lang='lat' dir='ltr'>rum</span> <span class='ocrx_word' id='word_1_54' title='bbox 454 1564 601 1618; x_wconf 89' lang='lat' dir='ltr'>eorum</span> <span class='ocrx_word' id='word_1_55' title='bbox 630 1539 763 1616; x_wconf 87' lang='lat' dir='ltr'>civem</span> <span class='ocrx_word' id='word_1_56' title='bbox 792 1538 1178 1618; x_wconf 85' lang='lat' dir='ltr'>elambaxiatorem</span> <span class='ocrx_word' id='word_1_57' title='bbox 1207 1539 1418 1632; x_wconf 88' lang='lat' dir='ltr'>dilectum,</span> 
     </span>
     <span class='ocr_line' id='line_1_10' title="bbox 333 1659 1421 1765; baseline 0.003 -24"><span class='ocrx_word' id='word_1_58' title='bbox 333 1660 544 1741; x_wconf 89' lang='lat' dir='ltr'>dominum</span> <span class='ocrx_word' id='word_1_59' title='bbox 572 1660 599 1736; x_wconf 82' lang='lat' dir='ltr'>J</span> <span class='ocrx_word' id='word_1_60' title='bbox 609 1660 829 1738; x_wconf 90' lang='lat' dir='ltr'>acobum</span> <span class='ocrx_word' id='word_1_61' title='bbox 857 1660 917 1738; x_wconf 89' lang='lat' dir='ltr'>de</span> <span class='ocrx_word' id='word_1_62' title='bbox 945 1659 1076 1765; x_wconf 89' lang='lat' dir='ltr'>Ripp</span> <span class='ocrx_word' id='word_1_63' title='bbox 1094 1684 1128 1751; x_wconf 90' lang='lat' dir='ltr'>a,</span> <span class='ocrx_word' id='word_1_64' title='bbox 1158 1663 1421 1764; x_wconf 89' lang='lat' dir='ltr'>nobisgrati·</span> 
     </span>
     <span class='ocr_line' id='line_1_11' title="bbox 334 1779 1420 1886; baseline 0.002 -26"><span class='ocrx_word' id='word_1_65' title='bbox 334 1807 407 1861; x_wconf 92' lang='lat' dir='ltr'>ose</span> <span class='ocrx_word' id='word_1_66' title='bbox 463 1791 505 1860; x_wconf 92' lang='lat' dir='ltr'>et</span> <span class='ocrx_word' id='word_1_67' title='bbox 544 1781 756 1884; x_wconf 88' lang='lat' dir='ltr'>sapienter</span> <span class='ocrx_word' id='word_1_68' title='bbox 797 1782 1025 1883; x_wconf 85' lang='lat' dir='ltr'>expositis,</span> <span class='ocrx_word' id='word_1_69' title='bbox 1071 1779 1268 1864; x_wconf 89' lang='lat' dir='ltr'>videlicet</span> <span class='ocrx_word' id='word_1_70' title='bbox 1308 1783 1420 1886; x_wconf 86' lang='lat' dir='ltr'>quod</span> 
     </span>
     <span class='ocr_line' id='line_1_12' title="bbox 336 1902 1419 2001; baseline 0.001 -21"><span class='ocrx_word' id='word_1_71' title='bbox 336 1907 597 1981; x_wconf 77' lang='lat' dir='ltr'>mercatores</span> <span class='ocrx_word' id='word_1_72' title='bbox 626 1903 816 2001; x_wconf 88' lang='lat' dir='ltr'>ejusdem</span> <span class='ocrx_word' id='word_1_73' title='bbox 843 1902 1003 1982; x_wconf 90' lang='lat' dir='ltr'>ducalis</span> <span class='ocrx_word' id='word_1_74' title='bbox 1030 1904 1204 1980; x_wconf 87' lang='lat' dir='ltr'>dominii</span> <span class='ocrx_word' id='word_1_75' title='bbox 1232 1927 1326 1981; x_wconf 90' lang='lat' dir='ltr'>cum</span> <span class='ocrx_word' id='word_1_76' title='bbox 1355 1931 1419 1982; x_wconf 92' lang='lat' dir='ltr'>su·</span> 
     </span>
     <span class='ocr_line' id='line_1_13' title="bbox 331 2021 1421 2125; baseline 0.001 -24"><span class='ocrx_word' id='word_1_77' title='bbox 331 2025 368 2101; x_wconf 91' lang='lat' dir='ltr'>is</span> <span class='ocrx_word' id='word_1_78' title='bbox 397 2022 684 2102; x_wconf 83' lang='lat' dir='ltr'>mercimoniis</span> <span class='ocrx_word' id='word_1_79' title='bbox 712 2045 881 2125; x_wconf 87' lang='lat' dir='ltr'>semper</span> <span class='ocrx_word' id='word_1_80' title='bbox 909 2021 961 2099; x_wconf 89' lang='lat' dir='ltr'>de</span> <span class='ocrx_word' id='word_1_81' title='bbox 989 2023 1292 2102; x_wconf 85' lang='lat' dir='ltr'>consuetudine</span> <span class='ocrx_word' id='word_1_82' title='bbox 1321 2025 1421 2104; x_wconf 85' lang='lat' dir='ltr'>anti·</span> 
     </span>
     <span class='ocr_line' id='line_1_14' title="bbox 332 2143 1418 2246; baseline 0.003 -27"><span class='ocrx_word' id='word_1_83' title='bbox 332 2165 414 2246; x_wconf 86' lang='lat' dir='ltr'>qua</span> <span class='ocrx_word' id='word_1_84' title='bbox 451 2143 604 2223; x_wconf 91' lang='lat' dir='ltr'>fuerint</span> <span class='ocrx_word' id='word_1_85' title='bbox 630 2145 668 2220; x_wconf 87' lang='lat' dir='ltr'>in</span> <span class='ocrx_word' id='word_1_86' title='bbox 699 2145 954 2223; x_wconf 89' lang='lat' dir='ltr'>civitate</span> <span class='ocrx_word' id='word_1_87' title='bbox 997 2145 1242 2223; x_wconf 88' lang='lat' dir='ltr'>Cathari</span> <span class='ocrx_word' id='word_1_88' title='bbox 1283 2146 1418 2244; x_wconf 91' lang='lat' dir='ltr'>liberi,</span> 
     </span>
     <span class='ocr_line' id='line_1_15' title="bbox 334 2263 1420 2369; baseline 0.003 -28"><span class='ocrx_word' id='word_1_89' title='bbox 334 2274 375 2344; x_wconf 89' lang='lat' dir='ltr'>et</span> <span class='ocrx_word' id='word_1_90' title='bbox 403 2265 558 2343; x_wconf 88' lang='lat' dir='ltr'>exemti</span> <span class='ocrx_word' id='word_1_91' title='bbox 587 2263 638 2340; x_wconf 89' lang='lat' dir='ltr'>ab</span> <span class='ocrx_word' id='word_1_92' title='bbox 667 2265 780 2344; x_wconf 92' lang='lat' dir='ltr'>omni</span> <span class='ocrx_word' id='word_1_93' title='bbox 808 2267 929 2344; x_wconf 87' lang='lat' dir='ltr'>dacio</span> <span class='ocrx_word' id='word_1_94' title='bbox 972 2275 1014 2346; x_wconf 92' lang='lat' dir='ltr'>et</span> <span class='ocrx_word' id='word_1_95' title='bbox 1040 2265 1214 2367; x_wconf 82' lang='lat' dir='ltr'>gabello,</span> <span class='ocrx_word' id='word_1_96' title='bbox 1256 2291 1420 2369; x_wconf 84' lang='lat' dir='ltr'>nosque</span> 
     </span>
     <span class='ocr_line' id='line_1_16' title="bbox 330 2387 1420 2468; baseline 0.005 -6"><span class='ocrx_word' id='word_1_97' title='bbox 330 2387 524 2465; x_wconf 82' lang='lat' dir='ltr'>volentes</span> <span class='ocrx_word' id='word_1_98' title='bbox 553 2411 647 2466; x_wconf 87' lang='lat' dir='ltr'>cum</span> <span class='ocrx_word' id='word_1_99' title='bbox 677 2388 835 2466; x_wconf 89' lang='lat' dir='ltr'>eisdem</span> <span class='ocrx_word' id='word_1_100' title='bbox 872 2391 1071 2468; x_wconf 88' lang='lat' dir='ltr'>unitatem</span> <span class='ocrx_word' id='word_1_101' title='bbox 1112 2389 1420 2468; x_wconf 85' lang='lat' dir='ltr'>fraternitatem</span> 
     </span>
     <span class='ocr_line' id='line_1_17' title="bbox 332 2507 1419 2608; baseline 0.006 -27"><span class='ocrx_word' id='word_1_102' title='bbox 332 2511 375 2583; x_wconf 92' lang='lat' dir='ltr'>et</span> <span class='ocrx_word' id='word_1_103' title='bbox 408 2507 617 2608; x_wconf 90' lang='lat' dir='ltr'>antiquam</span> <span class='ocrx_word' id='word_1_104' title='bbox 660 2507 882 2585; x_wconf 91' lang='lat' dir='ltr'>amicitiam</span> <span class='ocrx_word' id='word_1_105' title='bbox 924 2507 1093 2585; x_wconf 90' lang='lat' dir='ltr'>sincere</span> <span class='ocrx_word' id='word_1_106' title='bbox 1120 2515 1164 2586; x_wconf 88' lang='lat' dir='ltr'>et</span> <span class='ocrx_word' id='word_1_107' title='bbox 1189 2508 1277 2585; x_wconf 91' lang='lat' dir='ltr'>sine</span> <span class='ocrx_word' id='word_1_108' title='bbox 1319 2507 1419 2587; x_wconf 86' lang='lat' dir='ltr'>fallo</span> 
     </span>
     <span class='ocr_line' id='line_1_18' title="bbox 333 2627 1419 2708; baseline 0.004 -6"><span class='ocrx_word' id='word_1_109' title='bbox 333 2643 562 2706; x_wconf 78' lang='lat' dir='ltr'>opservare</span> <span class='ocrx_word' id='word_1_110' title='bbox 604 2628 713 2706; x_wconf 89' lang='lat' dir='ltr'>etin</span> <span class='ocrx_word' id='word_1_111' title='bbox 769 2627 963 2705; x_wconf 91' lang='lat' dir='ltr'>omnibus</span> <span class='ocrx_word' id='word_1_112' title='bbox 1018 2628 1142 2706; x_wconf 88' lang='lat' dir='ltr'>licitis</span> <span class='ocrx_word' id='word_1_113' title='bbox 1170 2631 1234 2708; x_wconf 89' lang='lat' dir='ltr'>sui</span> <span class='ocrx_word' id='word_1_114' title='bbox 1275 2629 1419 2708; x_wconf 71' lang='lat' dir='ltr'>¹‹lutatali</span> 
     </span>
     <span class='ocr_line' id='line_1_19' title="bbox 332 2746 1420 2851; baseline 0.002 -29"><span class='ocrx_word' id='word_1_115' title='bbox 332 2746 518 2825; x_wconf 90' lang='lat' dir='ltr'>dominio</span> <span class='ocrx_word' id='word_1_116' title='bbox 547 2748 782 2848; x_wconf 86' lang='lat' dir='ltr'>gratissime</span> <span class='ocrx_word' id='word_1_117' title='bbox 811 2747 1108 2851; x_wconf 87' lang='lat' dir='ltr'>complacere,</span> <span class='ocrx_word' id='word_1_118' title='bbox 1136 2762 1298 2827; x_wconf 89' lang='lat' dir='ltr'>matura</span> <span class='ocrx_word' id='word_1_119' title='bbox 1324 2748 1420 2826; x_wconf 87' lang='lat' dir='ltr'>deli·</span> 
     </span>
     <span class='ocr_line' id='line_1_20' title="bbox 333 2865 1422 2972; baseline 0.003 -29"><span class='ocrx_word' id='word_1_120' title='bbox 333 2865 554 2948; x_wconf 88' lang='lat' dir='ltr'>beratione</span> <span class='ocrx_word' id='word_1_121' title='bbox 593 2891 642 2946; x_wconf 87' lang='lat' dir='ltr'>ac</span> <span class='ocrx_word' id='word_1_122' title='bbox 676 2892 782 2970; x_wconf 93' lang='lat' dir='ltr'>puro</span> <span class='ocrx_word' id='word_1_123' title='bbox 827 2868 956 2946; x_wconf 88' lang='lat' dir='ltr'>corde</span> <span class='ocrx_word' id='word_1_124' title='bbox 998 2871 1049 2946; x_wconf 90' lang='lat' dir='ltr'>ad</span> <span class='ocrx_word' id='word_1_125' title='bbox 1078 2869 1207 2972; x_wconf 90' lang='lat' dir='ltr'>ipsius</span> <span class='ocrx_word' id='word_1_126' title='bbox 1246 2869 1422 2948; x_wconf 88' lang='lat' dir='ltr'>dominii</span> 
     </span>
     <span class='ocr_line' id='line_1_21' title="bbox 260 2978 1422 3069; baseline 0.001 -4"><span class='ocrx_word' id='word_1_127' title='bbox 260 2978 265 2987; x_wconf 69' lang='grc'><em>’</em></span> <span class='ocrx_word' id='word_1_128' title='bbox 332 2985 490 3065; x_wconf 88' lang='lat' dir='ltr'>ducalis</span> <span class='ocrx_word' id='word_1_129' title='bbox 531 2989 869 3068; x_wconf 85' lang='lat' dir='ltr'>sincerissimam</span> <span class='ocrx_word' id='word_1_130' title='bbox 899 2989 1173 3068; x_wconf 90' lang='lat' dir='ltr'>monitionem</span> <span class='ocrx_word' id='word_1_131' title='bbox 1216 2990 1422 3069; x_wconf 85' lang='lat' dir='ltr'>concessi·</span> 
     </span>
     <span class='ocr_line' id='line_1_22' title="bbox 331 3109 1421 3212; baseline 0.003 -29"><span class='ocrx_word' id='word_1_132' title='bbox 331 3131 422 3184; x_wconf 91' lang='lat' dir='ltr'>mus</span> <span class='ocrx_word' id='word_1_133' title='bbox 461 3129 636 3210; x_wconf 84' lang='lat' dir='ltr'>presens</span> <span class='ocrx_word' id='word_1_134' title='bbox 676 3111 1004 3189; x_wconf 89' lang='lat' dir='ltr'>instrumentum.</span> <span class='ocrx_word' id='word_1_135' title='bbox 1059 3109 1180 3208; x_wconf 79' lang='lat' dir='ltr'>Qtrod</span> <span class='ocrx_word' id='word_1_136' title='bbox 1222 3133 1316 3186; x_wconf 91' lang='lat' dir='ltr'>cum</span> <span class='ocrx_word' id='word_1_137' title='bbox 1345 3133 1421 3212; x_wconf 87' lang='lat' dir='ltr'>per</span> 
     </span>
     <span class='ocr_line' id='line_1_23' title="bbox 331 3227 1420 3334; baseline 0.006 -32"><span class='ocrx_word' id='word_1_138' title='bbox 331 3227 504 3326; x_wconf 88' lang='lat' dir='ltr'>gratiam</span> <span class='ocrx_word' id='word_1_139' title='bbox 547 3229 739 3328; x_wconf 80' lang='lat' dir='ltr'>largiflue</span> <span class='ocrx_word' id='word_1_140' title='bbox 783 3229 850 3306; x_wconf 92' lang='lat' dir='ltr'>del</span> <span class='ocrx_word' id='word_1_141' title='bbox 879 3229 1191 3332; x_wconf 75' lang='lat' dir='ltr'>dispositioniS,</span> <span class='ocrx_word' id='word_1_142' title='bbox 1232 3238 1273 3306; x_wconf 89' lang='lat' dir='ltr'>et</span> <span class='ocrx_word' id='word_1_143' title='bbox 1301 3255 1420 3334; x_wconf 89' lang='lat' dir='ltr'>pre·</span> 
     </span>
     <span class='ocr_line' id='line_1_24' title="bbox 331 3347 1420 3428; baseline 0 -2"><span class='ocrx_word' id='word_1_144' title='bbox 331 3347 680 3426; x_wconf 89' lang='lat' dir='ltr'>clarissime</span> <span class='ocrx_word' id='word_1_145' title='bbox 722 3350 959 3428; x_wconf 89' lang='lat' dir='ltr'>sororis</span> <span class='ocrx_word' id='word_1_146' title='bbox 999 3356 1213 3427; x_wconf 87' lang='lat' dir='ltr'>nostre</span> <span class='ocrx_word' id='word_1_147' title='bbox 1253 3349 1420 3428; x_wconf 89' lang='lat' dir='ltr'>domi·</span> 
     </span>
     <span class='ocr_line' id='line_1_25' title="bbox 330 3467 1420 3574; baseline 0.001 -26"><span class='ocrx_word' id='word_1_148' title='bbox 330 3493 397 3548; x_wconf 89' lang='lat' dir='ltr'>nc</span> <span class='ocrx_word' id='word_1_149' title='bbox 448 3469 601 3570; x_wconf 85' lang='lat' dir='ltr'>regine</span> <span class='ocrx_word' id='word_1_150' title='bbox 641 3467 917 3570; x_wconf 87' lang='lat' dir='ltr'>Ungarie,</span> <span class='ocrx_word' id='word_1_151' title='bbox 961 3471 1180 3550; x_wconf 89' lang='lat' dir='ltr'>civitas</span> <span class='ocrx_word' id='word_1_152' title='bbox 1220 3472 1420 3574; x_wconf 85' lang='lat' dir='ltr'>prede·</span> 
     </span>
     <span class='ocr_line' id='line_1_26' title="bbox 331 3589 1419 3676; baseline -0.001 -7"><span class='ocrx_word' id='word_1_153' title='bbox 331 3615 636 3670; x_wconf 88' lang='lat' dir='ltr'>cessurum</span> <span class='ocrx_word' id='word_1_154' title='bbox 663 3597 998 3668; x_wconf 89' lang='lat' dir='ltr'>nostrorum</span> <span class='ocrx_word' id='word_1_155' title='bbox 1028 3589 1419 3676; x_wconf 70' lang='lat' dir='ltr'>Catharmis,</span> 
     </span>
     <span class='ocr_line' id='line_1_27' title="bbox 331 3710 1420 3810; baseline 0 -22"><span class='ocrx_word' id='word_1_156' title='bbox 331 3710 611 3790; x_wconf 82' lang='lat' dir='ltr'>feliciter</span> <span class='ocrx_word' id='word_1_157' title='bbox 654 3713 716 3788; x_wconf 91' lang='lat' dir='ltr'>ad</span> <span class='ocrx_word' id='word_1_158' title='bbox 771 3736 967 3789; x_wconf 90' lang='lat' dir='ltr'>manus</span> <span class='ocrx_word' id='word_1_159' title='bbox 1023 3732 1199 3788; x_wconf 90' lang='lat' dir='ltr'>nosre</span> <span class='ocrx_word' id='word_1_160' title='bbox 1259 3713 1420 3810; x_wconf 85' lang='lat' dir='ltr'>maje-</span> 
     </span>
     <span class='ocr_line' id='line_1_28' title="bbox 330 3829 1421 3936; baseline -0.004 -26"><span class='ocrx_word' id='word_1_161' title='bbox 330 3834 511 3910; x_wconf 89' lang='lat' dir='ltr'>statis</span> <span class='ocrx_word' id='word_1_162' title='bbox 551 3831 1317 3936; x_wconf 82' lang='lat' dir='ltr'>perpetualiterpervenit.</span> <span class='ocrx_word' id='word_1_163' title='bbox 1357 3829 1421 3907; x_wconf 79' lang='lat' dir='ltr'>Sit</span> 
     </span>
     <span class='ocr_line' id='line_1_29' title="bbox 330 3951 1519 4054; baseline -0.002 -25"><span class='ocrx_word' id='word_1_164' title='bbox 330 3953 381 4029; x_wconf 86' lang='lat' dir='ltr'>ad</span> <span class='ocrx_word' id='word_1_165' title='bbox 437 3954 601 4032; x_wconf 86' lang='lat' dir='ltr'>laudem</span> <span class='ocrx_word' id='word_1_166' title='bbox 655 3960 698 4032; x_wconf 90' lang='lat' dir='ltr'>et</span> <span class='ocrx_word' id='word_1_167' title='bbox 758 3953 932 4054; x_wconf 86' lang='lat' dir='ltr'>gloriam</span> <span class='ocrx_word' id='word_1_168' title='bbox 990 3951 1145 4029; x_wconf 74' lang='lat' dir='ltr'>¹summi</span> <span class='ocrx_word' id='word_1_169' title='bbox 1212 3951 1418 4031; x_wconf 84' lang='lat' dir='ltr'>creatoris</span> <span class='ocrx_word' id='word_1_170' title='bbox 1516 3951 1519 3956; x_wconf 83' lang='lat'>&#39;</span> 
     </span>
     <span class='ocr_line' id='line_1_30' title="bbox 331 4071 1414 4177; baseline -0.002 -25"><span class='ocrx_word' id='word_1_171' title='bbox 331 4071 528 4161; x_wconf 88' lang='lat' dir='ltr'>omniurn,</span> <span class='ocrx_word' id='word_1_172' title='bbox 557 4077 628 4177; x_wconf 93' lang='lat' dir='ltr'>qui</span> <span class='ocrx_word' id='word_1_173' title='bbox 652 4077 740 4154; x_wconf 78' lang='lat' dir='ltr'>stris</span> <span class='ocrx_word' id='word_1_174' title='bbox 762 4081 912 4156; x_wconf 90' lang='lat' dir='ltr'>cuncta</span> <span class='ocrx_word' id='word_1_175' title='bbox 940 4077 1048 4152; x_wconf 90' lang='lat' dir='ltr'>bona</span> <span class='ocrx_word' id='word_1_176' title='bbox 1078 4071 1296 4150; x_wconf 90' lang='lat' dir='ltr'>invisibilia</span> <span class='ocrx_word' id='word_1_177' title='bbox 1323 4095 1414 4175; x_wconf 89' lang='lat' dir='ltr'>pre·</span> 
     </span>
     <span class='ocr_line' id='line_1_31' title="bbox 331 4192 1418 4300; baseline -0.001 -29"><span class='ocrx_word' id='word_1_178' title='bbox 331 4195 491 4300; x_wconf 89' lang='lat' dir='ltr'>pararit</span> <span class='ocrx_word' id='word_1_179' title='bbox 531 4196 689 4279; x_wconf 84' lang='lat' dir='ltr'>amicis.</span> <span class='ocrx_word' id='word_1_180' title='bbox 719 4241 762 4254; x_wconf 91' lang='lat'><em>-</em></span> <span class='ocrx_word' id='word_1_181' title='bbox 791 4198 909 4276; x_wconf 89' lang='lat' dir='ltr'>Vero</span> <span class='ocrx_word' id='word_1_182' title='bbox 939 4202 982 4274; x_wconf 89' lang='lat' dir='ltr'>et</span> <span class='ocrx_word' id='word_1_183' title='bbox 1017 4192 1233 4274; x_wconf 85' lang='lat' dir='ltr'>benevolis</span> <span class='ocrx_word' id='word_1_184' title='bbox 1263 4193 1418 4272; x_wconf 87' lang='lat' dir='ltr'>nostris</span> 
     </span>
    </p>
   </div>
   <div class='ocr_carea' id='block_1_3' title="bbox 0 0 1614 5116">
    <p class='ocr_par' dir='ltr' id='par_1_3' title="bbox 0 0 1614 5116">
     <span class='ocr_line' id='line_1_32' title="bbox 0 0 1614 5116; baseline 0 0"><span class='ocrx_word' id='word_1_185' title='bbox 0 0 1614 5116; x_wconf 95' lang='lat' dir='ltr'> </span> 
     </span>
    </p>
   </div>
  </div>
 </body>
</html>
