3154 5102
304 367 348 436 ib

304 573 456 656 talibus
485 569 725 650 convallare
763 567 999 658 favoribus,
1040 575 1195 670 quanto
1233 569 1401 650 ducatui

303 701 450 774 nostro
479 695 745 792 devotosque
773 689 855 769 tide
883 713 934 768 rc
962 689 1164 790 operibus
1190 716 1238 768 se
1264 699 1398 770 osten·

304 816 418 892 dunt.
468 811 745 891 Attendentss
795 812 921 910 igitur
962 810 1119 888 amoris
1160 811 1400 914 multiplicis

303 932 528 1038 puritatem
557 941 598 1008 et
625 931 926 1033 plenitudinem
957 929 1193 1008 dilectionis
1221 939 1262 1008 et
1290 927 1399 1016 lidei,

304 1067 427 1154 quam
456 1049 700 1151 magnificus
726 1059 767 1128 et
788 1055 938 1152 potens
965 1051 1222 1153 princeps
1248 1049 1398 1126 Mala-

303 1173 477 1252 dinus
516 1171 916 1248 chroatorum
945 1169 1288 1248 etBossinae
1327 1171 1399 1248 ha·

302 1319 427 1379 nus,
469 1291 763 1371 dilectissimus
801 1293 959 1370 amicus
987 1301 1140 1370 noster
1168 1292 1219 1368 ad
1247 1290 1398 1390 magni·

303 1413 651 1492 todinisnostrae
681 1413 977 1492 excellentiam
1003 1412 1164 1490 habere
1193 1411 1398 1512 promptis

304 1533 520 1612 affectibus
542 1557 588 1608 se
604 1534 799 1624 ostendit,
828 1556 1038 1634 quamque
1068 1533 1399 1634 predecessores

194 1721 199 1732 .
302 1656 392 1734 eius
439 1653 597 1752 gesisse
648 1655 773 1754 plena
822 1653 1050 1732 devotione
1103 1650 1393 1750 cognovimus,

303 1774 436 1875 ipsum
461 1774 648 1850 omnium
662 1775 935 1852 consiliorum
953 1781 994 1852 et
1010 1773 1396 1850 ordinameotorum

301 1902 541 1973 nostrorum
569 1895 834 1972 solemnitate
862 1901 1051 1982 servata,
1094 1917 1189 1970 eum
1217 1893 1302 1970 suis
1328 1889 1397 1968 hc·

302 2017 474 2097 redibus
507 2016 782 2096 etheredum
823 2023 1032 2118 perpetuo
1060 2013 1397 2102 succedentibus,

301 2136 343 2216 in
370 2145 541 2218 nostros
575 2137 848 2215 honorabiles
885 2137 998 2214 cives
1027 2143 1069 2216 et
1097 2158 1222 2212 veros
1261 2136 1396 2210 Vene-
1545 2225 1552 2237 ι

301 2267 366 2339 tos
407 2257 661 2360 recipimus,
699 2267 740 2336 et
777 2259 966 2336 Venetos
1000 2267 1042 2336 et
1078 2257 1193 2336 cives
1220 2255 1398 2333 lecimus

303 2377 559 2474 olfacimus,
597 2387 640 2458 et
667 2403 746 2480 pro
774 2378 1097 2459 honorabilibus
1126 2389 1167 2458 et
1194 2378 1306 2458 veris
1344 2379 1395 2456 oi-

301 2498 420 2578 vibus
448 2498 677 2576 etVenetis
704 2500 1129 2600 nostrisubiounque
1159 2507 1201 2577 et
1227 2522 1397 2602 semper

301 2619 340 2695 in
355 2617 543 2694 Venetiis
570 2626 613 2694 et
639 2619 738 2694 alibi
752 2619 903 2695 amodo
933 2633 974 2696 et
1002 2621 1204 2723 deinceps
1232 2619 1397 2706 haberi,

301 2741 524 2843 procurari
554 2765 649 2816 cum
678 2739 829 2819 effectu
859 2751 900 2819 et
928 2742 1183 2843 plenitudine
1203 2743 1396 2820 volumus

301 2869 343 2938 et
370 2859 555 2949 tractori3
597 2869 824 2939 statuentes
854 2865 969 2963 quod
997 2863 1170 2962 singulis
1198 2861 1394 2940 libertati·

301 2983 404 3079 bus,
433 2981 754 3070 securitatibus,
783 2983 1033 3085 privilegiis,
1071 2983 1393 3070 inmunitatibus,

301 3100 453 3201 graciis
494 3109 536 3178 et
576 3100 809 3179 honoribus
856 3103 1201 3205 quibuscunque,
1244 3105 1394 3204 quihus

301 3223 369 3300 alii
396 3223 560 3298 nobiles
588 3232 630 3300 et
657 3225 747 3302 veri
779 3227 1179 3303 ctvesvenetiarum
1201 3224 1394 3324 gaudent,

301 3351 343 3422 et
370 3344 689 3443 quomodolibet
720 3335 894 3448 ¹perfrui
936 3349 1233 3435 dinoscuntur,
1278 3369 1396 3448 pree·

300 3465 406 3542 fatus
435 3466 564 3542 bantus
593 3463 766 3567 eiusque
794 3467 978 3542 heredes
1006 3493 1054 3544 ac
1071 3467 1277 3546 heredum
1304 3495 1394 3550 suo·

300 3573 495 3664 cessores
522 3585 562 3662 in
591 3585 779 3664 Venetiis
807 3595 848 3664 et
879 3593 998 3663 extra
1029 3589 1205 3668 ubilibet
1242 3589 1397 3674 eundo,

299 3707 447 3784 stando
477 3712 518 3782 et
547 3707 787 3798 redeundo,
823 3719 1032 3809 perpetuo
1063 3733 1112 3786 ac
1140 3711 1396 3810 plenissime,

298 3825 406 3904 sicut
433 3827 582 3905 melius
609 3823 701 3904 fieri
727 3837 879 3930 potest,
904 3831 1109 3926 gaudeant
1141 3841 1183 3910 et
1211 3839 1392 3910 utantur.

369 3969 378 3982 “
399 3946 451 4024 et
467 3965 562 4028 cum
577 3949 790 4051 praefatus
806 3949 963 4032 honnus
993 3951 1167 4053 cupiens
1195 3951 1393 4030 ellectum

299 4068 429 4172 ipsius
477 4068 669 4164 beneficii
717 4070 871 4150 devote
919 4074 1136 4172 suscipere
1177 4093 1226 4149 ac
1265 4072 1392 4174 plene

304 4191 752 4290 commoditatem,
770 4192 820 4268 ad
836 4189 1182 4288 magnificentiam
1210 4199 1395 4270 nostram
1496 4172 1500 4188 ⁸
