3236 5108
243 605 757 690 Excellentissimelrater
789 607 1017 690 carissime.
1041 609 1144 708 Quia
1152 613 1240 709 jam

141 725 317 812 dudum,
345 730 455 808 siout
481 728 711 808 recolimus
739 729 840 806 alias
866 732 1126 808 excelentiae
1153 755 1242 808 ves·

142 856 235 926 trae
275 849 526 952 scripsisse,
580 847 865 932 commisimus
921 852 1096 950 egregio
1147 851 1240 930 viro

19 1007 20 1040 ᾗ
141 967 1275 1083 dominoGeorgioprotovestiariouosn
1386 1030 1391 1042 .

19 1093 20 1128 ³
141 1097 247 1188 tro,
279 1089 664 1178 dilectosibiuoto,
682 1091 873 1193 quodde
906 1091 1100 1191 galeis
1128 1115 1246 1167 nos·

19 1245 21 1266 r
143 1209 260 1286 tris
287 1211 382 1289 istie
410 1211 600 1292 Venetiis
629 1214 738 1315 apud
766 1237 844 1290 vos
874 1211 1166 1318 existentibus,
1194 1211 1242 1288 si-

19 1379 21 1388 ·
145 1337 217 1408 cut
244 1329 388 1418 scitis.
405 1333 500 1410 vico
528 1341 673 1411 nostra
702 1332 900 1410 ordinere
928 1333 1242 1438 disponereque
1282 1356 1285 1368 ’

19 1467 21 1484 ’
147 1453 329 1531 deberet
357 1461 401 1530 et
427 1461 599 1554 posset,
626 1454 999 1558 prout-videretur
1040 1460 1082 1532 et
1108 1455 1242 1558 place-

19 1667 21 1692 ἱ
142 1579 211 1648 ret
240 1570 394 1659 eidem,
423 1597 475 1648 ex
513 1581 612 1652 tunc
640 1599 717 1652 nos
739 1581 882 1651 ratum
912 1582 955 1652 et
982 1581 1146 1675 gratum
1176 1575 1243 1650 ha-

144 1689 489 1793 bere'quidquid
520 1694 771 1796 superinde
800 1695 973 1785 laceret,
1000 1693 1242 1796 promitten-

143 1812 214 1892 do.
240 1811 295 1890 ut
316 1837 429 1892 nunc
456 1812 551 1916 ipse·
577 1816 873 1894 comissionem
888 1819 1076 1892 nostram
1106 1813 1242 1910 hujus-

144 1933 260 2010 modi
290 1932 369 2012 sibi
400 1934 572 2033 lactum,
603 1935 703 2015 licet
730 1933 831 2012 alias
859 1959 950 2032 eam
993 1933 1108 2038 prius
1139 1933 1244 2009 fece-

144 2052 212 2136 rit,
237 2053 347 2132 sicut
375 2055 508 2132 refert
535 2055 668 2133 nobili
695 2055 789 2131 viro
806 2052 1050 2133 'Marinode
1076 2052 1244 2150 Caboga

19 2173 21 2190 ³
145 2168 387 2250 honorabili
417 2173 498 2251 civi
515 2181 557 2252 et
575 2173 729 2253 factori
757 2173 981 2274 llagusino‚
1012 2171 1105 2250 istic
1133 2172 1244 2260 idem

142 2289 346 2395 venetiis,
383 2283 434 2374 ,ut
458 2295 592 2372 nostis
619 2301 720 2374 tunc
749 2303 792 2373 et
821 2319 931 2372 nuuc
970 2293 1093 2371 etiarn
1136 2293 1244 2368 exis·
1298 2331 1303 2336 -

145 2412 264 2500 tenti3
293 2415 579 2492 venerabilem
607 2415 742 2492 virum
758 2416 970 2492 dominum
995 2413 1243 2490 Michaelem

19 2571 21 2592 ·
144 2533 357 2614 Dominici
385 2536 677 2638 presbyterum
701 2533 1243 2652 {ragusiensiscapellanum

19 2655 21 2664 ”
93 2673 101 2690 ·
142 2679 279 2744 suum,
308 2653 573 2736 exebltorem
614 2657 780 2735 scilicet
807 2657 966 2743 harum,
996 2656 1104 2734 istuc
1131 2655 1242 2731 idem

143 2777 302 2854 advos
343 2775 467 2854 mittit
506 2779 751 2880 specialiter
792 2784 1068 2878 exequutnm.
1110 2775 1244 2876 Igitur

19 2937 21 2986 r
142 2897 281 2998 ipsum
308 2897 387 3000 ipsi
417 2899 673 2978 excellentie
709 2904 851 2978 vestre
893 2899 1244 2975 recomendamus

19 3011 21 3076 l
145 3021 304 3096 attente
332 3019 599 3120 requirentes
626 3019 943 3104 eamdem,eum
969 3017 1109 3113 insilii
1137 3042 1247 3113 com·

19 3125 20 3158 ³
140 3140 278 3228 ¹missis
305 3161 383 3244 per
408 3139 545 3242 ipsum
572 3137 822 3218 fraternitati
865 3144 1008 3218 vestre
1046 3146 1247 3246 oretenus

146 3257 424 3360 exponendis,
452 3259 589 3338 nostri
617 3259 960 3338 consideratione
983 3256 1244 3336 reco'mmen·

148 3377 288 3455 datum
316 3379 490 3478 habere,
522 3388 563 3458 et
591 3379 787 3480 dirigere,
817 3385 860 3456 et
887 3377 964 3456 sibi
993 3379 1160 3455 demum
1191 3375 1243 3451 fa-

147 3497 393 3596 vorabiliter
433 3501 632 3578 assistere
660 3497 888 3602 dignemini
916 3499 956 3572 in
986 3497 1159 3582 eisdem,
1186 3495 1254 3576 sic,

148 3617 261 3719 quod
301 3625 444 3698 vestro
485 3619 696 3699 mediante
727 3622 887 3712 lavore,
928 3619 1052 3698 linem
1092 3615 1245 3692 exinde

132 3739 336 3818 *celerem
365 3745 408 3818 et
435 3739 637 3844 optatum,
677 3743 788 3818 sicut
815 3737 869 3815 de
912 3738 1022 3815 dicta
1064 3735 1256 3812 fraterni-1

145 3850 229 3940 tnte
253 3867 396 3938 vestra
425 3859 690 3950 confidimus,
718 3859 923 3960 consequi
950 3857 1173 3947 valeamus,
1195 3857 1247 3932 la·

143 3991 266 4062 ctura
292 3981 430 4060 nobis
459 3984 499 4060 io
530 4008 583 4060 eo
627 3978 980 4084 complacentiam
1009 3977 1250 4080 specialem,

143 4103 473 4182 adscribendam
501 4106 614 4183 inter
637 4101 837 4205 specialia
866 4099 1129 4200 beneplacita
1156 4123 1248 4178 nos-

144 4231 222 4302 tra.
275 4224 329 4302 Et
357 4223 526 4304 tandem
571 4223 667 4300 viee
707 4245 842 4312 versa,
877 4220 1001 4299 vobis
1029 4225 1071 4295 et
1098 4218 1249 4294 vestris

143 4346 183 4423 in
213 4343 410 4424 omnibus
435 4341 556 4422 vobis
584 4328 725 4445 gratis,
752 4341 932 4420 libenter
961 4341 1163 4507 etlgibere
1188 4361 1250 4416 re·
