3234 5116
1214 357 1279 426 {08

185 587 286 644 cere
329 589 504 645 cum-‘eo
533 573 736 666 treuguas·
757 588 836 669 per
878 587 1019 645 annos·
1055 565 1206 644 decem
1236 572 1279 640 ct

185 683 235 762 ab
264 685 361 764 inde
389 711 528 789 supra.
1295 677 1296 682 Ν

230 857 330 934 ..Si
359 860 533 937 veroin
562 859 811 958 receptione
852 859 1112 958 praesentis,
1155 857 1275 935 senti·

114 1059 120 1080 ἱ
185 977 286 1054 retis
327 978 514 1056 nobilem
542 977 677 1054 virum
706 1002 777 1054 ser
816 977 1145 1056 dohannem
1187 977 1277 1054 Ge·

185 1098 337 1198 orgio
366 1099 710 1179 ambassiatorem
740 1106 946 1193 nostrum,
976 1101 1208 1177 recessisse
1224 1100 1277 1176 de

184 1215 507 1299 Bossinain
536 1219 770 1305 concordio
801 1245 894 1296 cum
925 1243 1064 1318 rege
1106 1217 1278 1296 Bossi·
1322 1235 1325 1247 “

184 1363 291 1422 nae.
319 1365 402 1416 non
431 1340 620 1418 debeatis
649 1342 699 1418 ad
716 1341 897 1442 aliquam
926 1338 1125 1440 praticam
1154 1340 1275 1414 intra·

185 1484 231 1539 re
261 1485 355 1536 cum
385 1461 542 1539 comite
568 1459 787 1552 dolatione,
831 1461 905 1538 sed
932 1458 1126 1536 scribatis
1153 1460 1279 1536 nobis

184 1590 227 1658 et
255 1582 490 1684 expectetis
520 1587 707 1658 nostrum
737 1580 988 1694 mandatum.

248 1769 251 1777 '
284 1752 488 1831 Mittimus
517 1751 758 1830 vobisduas
774 1752 933 1831 litteras
962 1759 1127 1828 nostras
1155 1773 1272 1852 prae·
1301 1807 1305 1812 -

183 1872 370 1949 sentibus
399 1873 598 1973 alligatas
633 1897 734 1974 quas
762 1872 991 1949 scribimus
1019 1869 1154 1948 nobili
1181 1872 1275 1946 viro

185 2017 255 2067 ser
281 1993 304 2067 l
325 1993 474 2072 ohan
492 1993 545 2072 n'i
575 1995 609 2068 G
625 2019 686 2071 eo
701 1995 835 2094 rgio,
863 1989 1155 2070 ambassiatori
1185 2013 1276 2066 nos·

184 2118 252 2190 tro
282 2112 331 2188 ad
358 2123 504 2216 partes
532 2113 645 2191 Bos
661 2139 680 2187 s
697 2114 750 2190 in
768 2139 791 2190 a
809 2137 858 2201 e,
887 2111 1079 2186 volentes
1109 2113 1152 2185 et
1179 2107 1277 2188 tide·

185 2232 288 2310 litati
318 2243 484 2312 uestrae
514 2233 772 2327 mandantes
804 2238 1007 2332 quatenus
1036 2230 1071 2305 si
1097 2227 1277 2306 venietis

185 2351 234 2427 ad
265 2354 542 2431 concordium
585 2379 678 2432 cum
714 2354 834 2429 ‘dicto
879 2351 1034 2427 comite
1070 2347 1280 2438 iohanne,

185 2471 298 2552 dicto
328 2498 399 2550 ser
426 2473 690 2552 dohanni
721 2472 985 2570 Georgio
1016 2471 1191 2548 mittere
1214 2469 1279 2545 de.

182 2592 316 2671 beatis
333 2595 512 2672 litteram
540 2601 726 2672 nostram
754 2593 958 2694 signatam
976 2591 1058 2668 isto
1089 2592 1279 2688 signato.

287 2763 333 2842 Si
349 2791 452 2844 vero
482 2792 565 2843 non
592 2766 794 2845 veniretis
811 2766 862 2846 ad
878 2763 1153 2844 concordium
1184 2785 1277 2838 cnm

183 2883 299 2962 dicto
331 2889 489 2964 comite
517 2887 736 2982 dolranne,
781 2885 894 2965 dicto
924 2908 993 2961 ser
1020 2883 1046 2958 J
1063 2903 1087 2959 o
1103 2883 1131 2958 h
1147 2909 1169 2960 a
1186 2907 1211 2958 n
1226 2881 1282 2958 ni

182 3005 375 3102 Georg
393 3003 443 3084 i'o
474 3006 747 3086 ambasiatori
775 3013 936 3088 nostro.
965 3005 1130 3084 mittere
1159 2997 1282 3077 debe·

186 3125 266 3204 atis
295 3127 415 3203 aliam
445 3127 608 3205 literam
644 3137 828 3205 nostram
858 3129 1063 3225 signatam
1093 3126 1175 3200 isto
1205 3122 1280 3216 sig·

185 3227 267 3325 no:
309 3267 373 3334 trs
412 3255 454 3325 et
481 3249 604 3327 aliam
647 3247 852 3348 signatam
898 3245 1037 3348 primo
1065 3244 1187 3341 signo
1217 3263 1281 3316 su·

186 3371 442 3470 prascripto,
469 3393 601 3471 penes
629 3395 717 3447 vos·
735 3369 920 3445 retinere
950 3362 1155 3442 debeatis.

198 3584 204 3597 ·
293 3540 495 3617 Mittimus
540 3541 711 3643 iusuper
752 3561 876 3614 urnam
904 3535 1071 3616 tertiam
1101 3531 1282 3610 litteram

189 3663 393 3760 signatam
425 3661 506 3736 isto
536 3661 672 3760 signo:
700 3657 739 3735 X
768 3683 892 3760 quam
921 3659 1060 3735 subito
1087 3677 1164 3757 per
1184 3673 1282 3727 nun

192 3781 301 3860 cium
331 3781 553 3885 proprium
581 3783 777 3860 velocem
793 3786 836 3855 et
848 3801 1040 3880 pressum
1070 3771 1184 3852 dioto
1214 3793 1283 3848 scr

192 3900 455 3980 dobanui
498 3899 763 4000 Geor-gio
794 3894 1089 3976 ambassiatori
1116 3898 1281 3980 nostro,

193 4023 361 4099 mittere
389 4019 591 4099 debeatis.

498 4191 607 4258 Secr.
632 4189 757 4256 consil.
782 4205 863 4274 rog.
887 4183 963 4250 Lib.
990 4183 1084 4268 vni.
1110 4185 1166 4249 cb.
1188 4183 1240 4248 74.
1269 4213 1273 4222 ⁴
