3228 5108
325 623 506 707 habetur
532 625 773 704 informatio
800 645 880 725 per
903 613 1207 702 ambasiatcies
1235 619 1337 700 dioti
1363 619 1417 700 lo-

329 749 393 834 ci,
426 747 498 847 qui
524 771 662 850 nuper
688 750 896 823 venerunt
923 745 974 824 ad
1001 747 1187 820 nostram
1215 741 1418 844 presenti

329 891 421 956 am,
458 872 501 946 et
528 867 578 946 ab
615 865 704 944 aliis
732 864 951 968 personis,
989 862 1082 968 ipsa
1109 864 1205 944 loca
1233 862 1417 964 compel-

329 987 471 1064 luntur
496 985 538 1062 in
553 993 712 1064 tantum
741 991 783 1062 et
809 985 1085 1062 molestantur
1112 1007 1134 1058 a
1164 981 1418 1082 gentibus

327 1105 543 1184 Balsae
573 1101 1417 1186 etAlbanensiumaoTurcho·

328 1249 473 1316 rum,
500 1251 609 1328 quae
646 1226 785 1304 omnia
814 1225 932 1326 quasi
959 1223 1199 1326 procedunt
1225 1246 1278 1300 ex
1306 1221 1417 1302 malo

327 1345 465 1423 animo
494 1354 537 1424 et
563 1343 798 1424 intentione
826 1343 1067 1436 Balsae,
1107 1342 1219 1443 quod
1246 1341 1327 1420 nisi
1353 1339 1419 1422 ad·

327 1462 521 1544 hibeatur
548 1465 809 1554 remedium,
852 1463 893 1542 in
922 1461 1058 1541 dando
1099 1460 1419 1541 subventionem

328 1609 404 1666 seu
430 1585 693 1689 providendo
722 1586 773 1664 de
803 1586 910 1664 locis
936 1586 1176 1688 praedictis,
1206 1583 1419 1687 ipsalooa

326 1705 601 1788 subiacebunt
626 1705 848 1784 manifesto
877 1705 1084 1806 periculo,
1112 1713 1155 1784 et
1187 1703 1295 1784 viam
1323 1725 1419 1804 pro·

319 1825 501 1921 ¹visionis
531 1835 573 1906 et
599 1826 771 1906 modum
799 1825 979 1906 habilem
1007 1823 1166 1904 habere
1193 1845 1419 1927 pensemus

330 1971 425 2028 cum
455 1947 621 2026 meliori
650 1948 867 2046 avantagio
896 1954 1070 2039 nostro,
1098 1969 1220 2049 quam
1249 1943 1418 2024 mittere

289 2065 291 2088 '
328 2075 475 2166 gentes
503 2089 719 2155 armorum
747 2066 798 2145 ed
826 2067 917 2146 illas
946 2071 1111 2170 partes,
1147 2067 1222 2144 sed
1250 2064 1419 2144 nonsit

180 2177 184 2184 ’
329 2190 488 2266 bonum
515 2187 739 2291 propalare
766 2188 875 2280 hoc,
901 2194 947 2264 ut
973 2187 1062 2290 ipse
1091 2187 1241 2266 modus
1270 2209 1417 2264 conse·

328 2311 481 2409 quatur
506 2309 729 2389 meliorem
759 2309 982 2404 effectum3
1017 2307 1132 2386 vadit
1156 2329 1279 2410 pars,
1305 2304 1419 2407 quod

328 2429 555 2527 collegium
585 2429 768 2520 domini,
810 2429 1039 2508 consiliarii
1078 2429 1261 2530 capitum
1289 2435 1333 2506 et
1358 2451 1418 2504 sa·

331 2547 515 2650 plectum
544 2547 711 2630 consilii
740 2557 783 2628 et
811 2550 1017 2642 ordinum,
1044 2548 1226 2628 habeant
1252 2549 1417 2626 liberta·

329 2674 427 2752 tem.
455 2668 507 2746 ad
534 2668 821 2772 provisionem
836 2670 1046 2750 dictorum
1074 2668 1297 2754 laetorum,
1324 2691 1415 2771 pra·

327 2788 506 2878 ticandi,
544 2790 750 2870 tractandi
788 2798 830 2870 et
858 2789 1139 2870 concludendi
1167 2813 1243 2892 per
1271 2810 1418 2868 omnes

325 2906 415 2985 illas
447 2907 536 2986 vias
579 2916 622 2986 et
648 2908 828 2994 modos,
873 2908 944 3010 qui
973 2915 1016 2986 et
1043 2931 1151 3009 quae
1186 2908 1266 3010 ipsi
1293 2909 1418 2989 colle-

327 3026 397 3124 gio
426 3052 501 3105 seu
542 3029 693 3106 maiori
733 3027 842 3129 parti
867 3025 1143 3116 ridebuntur,
1171 3053 1248 3130 pro
1276 3028 1418 3109 melio·

325 3146 362 3224 ri
388 3150 644 3230 executione
671 3148 737 3229 rei
766 3156 807 3245 et
834 3149 1090 3250 agendorum
1118 3149 1170 3228 de
1198 3152 1323 3236 inde.
1366 3174 1418 3230 ac
1475 3191 1480 3202 ,

328 3269 653 3349 conservatione
681 3272 815 3348 nostri
843 3276 986 3349 status.

659 3387 767 3456 Secr.
792 3389 903 3509 ⁰⁰⁰⁸?
928 3390 1020 3482 Rog.
1045 3387 1118 3454 Lib.
1140 3387 1200 3456 lll.
1223 3389 1282 3454 ch.
1302 3391 1354 3456 57.

393 3500 741 3640 CCXXXVl.
770 3565 880 3638 moa.
910 3565 969 3638 ro.
997 3561 1358 3641 Decembris.

327 3701 479 3776 llapelye
505 3717 568 3770 ee,
592 3719 629 3772 aa
653 3719 808 3777 ayusocn
832 3721 996 3780 noaernyu
1017 3722 1108 3763 none
1131 3721 1168 3762 ca
1191 3723 1420 3776 nocaaanunua

329 3807 461 3880 llepeos
484 3823 502 3863 ιι
528 3805 672 3877 Cassera
694 3825 901 3884 yroeaparu,
924 3824 1029 3884 npero
1054 3827 1135 3868 enos
1159 3811 1324 3885 oapeleus
1348 3827 1419 3868 naa·

327 3927 430 3978 noea,
454 3927 473 3967 o
496 3927 722 3984 npeaaoarenro
747 3929 850 3982 uera,
884 3929 944 3971 ιιοιι
967 3915 1070 3988 cisely
1092 3931 1130 3984 aa
1156 3931 1288 3990 norauy
1311 3916 1418 3973 lilaea-

325 4012 459 4084 nnluura,
482 4015 626 4089 opauelu
650 4029 832 4088 orereoar,
854 4019 976 4075 Baarue
998 4021 1103 4076 sensis
1126 4035 1280 4095 npornen
1303 4036 1415 4088 oaora,

460 4134 532 4178 ,aro
555 4134 615 4178 osu
639 4137 718 4194 easy
742 4119 886 4196 Casaaay
906 4123 1019 4196 Byscy
1043 4141 1061 4180 u
1085 4123 1267 4200 Auraeapn.

432 4233 575 4338 Capta.
604 4235 707 4332 Quia
726 4261 833 4338 quae
859 4243 1156 4342 proponuntur
1170 4247 1319 4320 nostro
1347 4241 1418 4318 do·

332 4352 459 4434 minio
497 4377 577 4458 pro
616 4362 736 4456 parte
766 4355 1039 4457 Creuoye
1079 4365 1123 4436 et
1164 4356 1418 4458 sandali,
