3186 5112
355 367 420 432 ΜΒ

357 577 534 660 tractate
573 574 862 677 pernobilem
900 573 1035 650 vimm
1057 595 1139 650 ser
1178 573 1442 651 lirancis·

358 719 479 770 cnm
516 691 885 782 dustiuiano,
912 699 1124 770 oratorem
1169 697 1357 771 nostrum
1399 701 1445 772 et

259 877 262 886 .
357 836 467 892 nunc
494 811 675 891 baiulum
705 811 1119 914 Constantinopolis,
1164 837 1258 890 cum
1286 814 1442 913 magni·

357 933 440 1013 tico
469 933 700 1012 domino
729 931 1092 1008 Mnsnimano
1121 931 1444 1024 Zatabi‚nos

358 1077 499 1132 sumus
540 1051 715 1150 obligati
742 1053 842 1128 dare
880 1055 923 1126 et
943 1051 1152 1152 ,assignari
1191 1052 1334 1130 facore
1363 1052 1444 1130 sibi

134 1195 136 1210 ¹
231 1247 235 1260 ,
358 1169 1444 1274 iuCoustantinopoii,pertntummensem

359 1291 535 1391 Augusti
561 1289 755 1393 proximi,
783 1291 897 1372 dicto
924 1291 1269 1370 dominovelsuo
1297 1292 1445 1370 nuntio

361 1419 403 1488 ct
429 1407 722 1511 procuratori,
760 1433 839 1511 pro
871 1409 976 1488 iocis
1002 1407 1296 1503 Albaniae
1336 1435 1446 1512 quae

362 1537 565 1619 tenemus,
592 1529 768 1608 ducatos
781 1532 897 1608 mille
912 1532 1003 1609 auri
1023 1533 1076 1609 de
1091 1530 1253 1610 intratis
1268 1532 1319 1608 de
1336 1531 1448 1617 inde,

362 1650 490 1730 etsie
518 1650 569 1730 de
597 1673 705 1728 anno
734 1650 774 1728 in
803 1673 970 1749 annum,
1002 1658 1046 1727 et
1072 1650 1323 1748 Pssayto
1367 1675 1447 1729 ca·
1560 1739 1565 1750 .

361 1773 608 1873 pitanen
636 1793 715 1848 suo
741 1771 780 1848 in
808 1769 997 1870 partibus
1033 1769 1293 1872 Scopiae
1322 1773 1448 1850 duca·

361 1896 428 1967 tos
458 1890 524 1964 ·V·
548 1883 719 1967 'centum
748 1889 862 1965 omni
890 1911 1014 1984 anno,
1045 1898 1087 1968 et
1115 1891 1268 1967 iustum
1289 1895 1449 1968 ctcon·
1589 1917 1590 1926 ¹

361 2009 534 2088 veniens
551 2007 616 2106 sit,
637 2007 752 2108 quod
768 2007 921 2086 subditi
948 2009 1081 2088 nostri
1110 2011 1302 2088 iocorum
1328 2033 1449 2110 prae-

362 2132 584 2218 dictorum,
611 2131 843 2230 inquorum
873 2130 1093 2212 utilitatem
1121 2139 1164 2209 et
1191 2132 1449 2210 emolumen-

361 2259 446 2332 tum
476 2250 737 2328 convertitur
777 2251 1031 2349 compositio
1074 2250 1309 2338 antedicta,
1342 2253 1449 2352 ‘quia
1489 2259 1497 2282 '

360 2392 438 2469 per
464 2368 574 2448 iilum
617 2368 794 2472 pacifice
822 2375 1024 2472 poterunt
1051 2369 1238 2469 gaudere
1279 2372 1449 2448 territo·

362 2487 434 2570 riis
459 2488 797 2590 possessionibus
824 2497 866 2568 et
894 2491 1014 2568 bonis
1043 2492 1143 2586 suis,
1173 2491 1335 2570 solvont
1361 2488 1447 2569 dic·

363 2617 443 2690 totu
473 2609 710 2710 pecuniam,
736 2611 967 2692 sociandum
997 2612 1108 2711 quod
1126 2610 1282 2690 iaciunt
1309 2607 1447 2688 Patrn-

364 2753 516 2810 censes
535 2751 612 2828 pro
630 2727 796 2808 civitate
825 2729 1014 2810 Patrasii.
1044 2730 1167 2808 Vadit
1193 2753 1302 2832 pars:
1331 2733 1449 2832 quod

362 2873 439 2950 per
478 2857 642 2928 nostros
684 2849 845 2930 litteras
885 2851 936 2928 ud
977 2851 1182 2932 carniolam
1232 2851 1452 2930 informari

361 2967 510 3045 debeat
537 2987 682 3047 comes
712 2977 754 3046 et
769 2971 1011 3075 capitaneus
1038 2977 1188 3050 noster
1215 2961 1450 3062 Soutari,

361 3090 414 3166 de
455 3087 591 3168 forma
633 3097 675 3170 et
704 3089 890 3176 terminis
933 3090 1069 3169 dictae
1093 3091 1450 3194 compositionis,

362 3215 405 3285 et
433 3209 651 3310 quomodo
677 3211 769 3309 ipsa
794 3211 977 3312 pecunia
1008 3211 1115 3289 solvi
1144 3209 1273 3290 debet
1300 3215 1341 3290 in
1369 3217 1451 3290 ter·

362 3330 473 3412 mino
501 3329 728 3418 antedictm
755 3330 989 3410 mandando
1006 3331 1157 3416 cidem,
1186 3334 1300 3434 quod
1328 3356 1451 3434 quan·

363 3457 407 3529 to
424 3451 605 3552 prastino
632 3453 802 3550 poterit,
831 3451 902 3530 det
918 3475 1093 3553 operam
1113 3454 1166 3529 de
1183 3453 1449 3533 conferendo

363 3595 458 3647 cum
493 3570 585 3647 aliis
626 3573 863 3650 rectoribus
890 3573 1042 3650 nostris
1082 3573 1378 3664 Albaniae
1408 3585 1453 3654 et

364 3713 457 3766 cum
501 3692 889 3792 progniariis.
932 3717 1060 3796 super
1088 3693 1219 3770 forma
1247 3703 1291 3772 et
1322 3693 1450 3771 modo

365 3809 623 3892 inveniendis
653 3811 702 3888 ad
730 3811 978 3917 faciendum,
1009 3813 1450 3917 quodpecuniaprae·

363 3928 473 4008 dicta
501 3955 577 4032 per
604 3931 794 4010 subditos
833 3941 1001 4012 nostros
1038 3933 1242 4010 dictarum
1270 3935 1450 4040 partium

364 4050 641 4148 persolvetur.
671 4051 946 4134 Procurando
975 4051 1088 4154 qnod
1114 4039 1343 4134 dictimodi
1371 4057 1452 4136 siut

366 4193 490 4268 quam
533 4171 663 4270 magis
694 4197 897 4250 comunes
925 4183 967 4251 et
994 4171 1168 4251 honesti·
1204 4199 1297 4252 esse
1336 4183 1448 4276 pote·

369 4297 477 4366 runt.
518 4289 580 4367 lta
607 4294 721 4393 quod
759 4299 849 4372 toto
877 4317 1000 4394 posse
1028 4317 1106 4374 suo
1136 4295 1272 4372 nultus
1299 4294 1453 4372 inchoet
