3236 5108
1185 347 1295 458 ¹aad

345 551 760 656 CCIV-rasam.
792 575 1168 656 Decembris..
1263 575 1268 598 ¹

200 800 408 876 &namucum
431 819 535 860 saura
559 805 809 874 uawscrumprua
833 808 1025 878 spasbsuus
1047 811 1225 886 yBypmry,
1250 829 1287 881 aa
1347 783 1349 790 ,

201 921 240 960 ce
264 921 363 979 span·
384 907 568 980 llturuyuqa.
593 905 737 972 sabasio,
762 910 978 982 nqaapelmo
1003 929 1122 970 rrurac
1147 931 1183 968 ca
1201 915 1290 996 Illae-

316 1028 466 1068 causan
491 1009 617 1068 rasim
642 1011 787 1086 yl'pusy.
812 1009 938 1092 (Horae
963 1013 1066 1072 darae
1095 1034 1179 1086 noas

647 1115 851 1196 unionum.)

200 1349 207 1356 '
306 1333 448 1436 Capta.
500 1333 619 1431 Quod
648 1333 856 1412 scribatur
885 1333 1064 1414 dominis
1103 1347 1288 1416 rectu·

203 1451 367 1529 ribus
395 1455 447 1532 in
476 1451 629 1529 Buda
666 1455 1081 1568 pro-serenissimo
1124 1457 1290 1534 domino

202 1597 344 1672 rege
375 1573 727 1678 Hungariae‚
757 1575 796 1650 in
826 1574 905 1651 hae
934 1575 1089 1653 forma:

302 1761 403 1858 Quia
433 1764 539 1840 certi
566 1763 807 1850 reddimur,
837 1764 949 1866 quod
976 1791 1054 1843 vos
1082 1775 1296 1868 tamquam·

201 1881 346 1958 lideles
388 1891 430 1962 et
472 1883 615 1962 devoti
668 1909 816 1964 sacrae
873 1886 1013 1984 regiae
1067 1886 1292 1963 maiestatis

201 1997 238 2074 H
249 2004 519 2100 ungariae,
548 2010 711 2088 certum
741 2014 783 2082 et
810 2008 1064 2084 incolumem
1082 2007 1171 2082 eius
1202 2007 1291 2083 red·

202 2121 330 2199 ditum
349 2123 398 2198 ad
428 2133 570 2226 partes
597 2125 800 2205 Adriatici
829 2128 967 2222 maris,
998 2126 1289 2204 summaaffec·

201 2245 314 2320 tione
351 2245 501 2348 cupitis
527 2249 790 2348 persentire,
831 2249 1100 2348 magnitudini
1126 2255 1292 2326 vestrae

201 2363 491 2467 praesentibus
521 2371 789 2464 nunciamus,
820 2367 932 2468 quod
963 2391 1193 2471 perunum
1221 2391 1290 2444 no·

200 2491 330 2561 strum
360 2486 582 2586 navigium,
611 2487 782 2565 veniens
800 2489 852 2564 de
883 2487 987 2566 locis
1017 2489 1172 2566 uostris
1203 2485 1292 2562 Co·

201 2627 222 2679 r
238 2631 263 2679 ο
279 2629 304 2679 n
335 2609 378 2682 et
411 2606 453 2682 Μ
470 2634 495 2684 0
513 2615 527 2685 t
543 2607 570 2687 h
588 2635 613 2686 ο
629 2635 667 2700 u,
695 2607 1033 2712 praesentialiter
1058 2607 1292 2697 habuimus,

201 2724 382 2827 qualiter
409 2729 536 2828 ipse
578 2732 848 2808 dominus
875 2753 978 2806 rex
1008 2753 1102 2808 cum
1133 2731 1289 2807 comiti-

201 2871 249 2922 ua
278 2871 354 2923 sua
382 2857 426 2926 et
452 2849 658 2952 aliquibus
699 2849 854 2930 nostris
895 2851 1052 2952 galeis,
1095 2875 1144 2928 ac
1171 2849 1292 2947 galea

200 2965 661 3064 Ja‘dratinorum
707 2974 776 3050 die
804 2979 926 3050 sexto
964 2969 1117 3049 mensis
1143 2967 1291 3046 instau-
1365 2983 1372 2996 “

202 3087 266 3178 tis:
294 3087 344 3162 ad
376 3091 471 3167 loca
505 3097 647 3170 nostra
676 3093 876 3195 applicuit
905 3095 1138 3177 antedicta,
1166 3113 1291 3193 prop·

202 3217 268 3285 ter
296 3211 407 3309 quod
438 3211 705 3290 considerato
735 3213 896 3290 dierum
925 3212 1074 3313 lapsu.
1105 3221 1146 3290 et
1174 3233 1290 3312 prae·

201 3328 424 3404 teritorum
441 3337 680 3426 temporum
710 3333 921 3432 qualitate,
943 3352 1161 3434 speramus
1177 3327 1301 3429 quod'

200 3447 281 3523 deo
311 3451 436 3536 duce,
464 3451 597 3550 ipsum
614 3451 665 3528 de
683 3452 800 3530 brevi
817 3453 1009 3554 poteritis
1036 3449 1291 3527 incolumem
1406 3549 1408 3556 Ι

200 3568 407 3659 revidere,
433 3570 485 3646 de
501 3595 584 3670 quo
599 3598 679 3674 pro
710 3575 835 3676 bonu
857 3553 1189 3652 Christianitatis,
1219 3569 1291 3644 uli·

201 3689 314 3766 litate
356 3693 475 3790 regni
517 3701 559 3770 et
595 3719 695 3770 suae
736 3693 962 3770 maiestatis
1007 3689 1290 3791 contemplati·

201 3836 294 3901 one,
322 3837 579 3892 assumemus
596 3813 927 3892 consolationem
943 3821 986 3890 et
1002 3813 1173 3890 letitiam
1202 3837 1291 3890 cor·

200 3933 366 4010 dialem.
464 3976 469 3993 ·
1039 3931 1048 3938 ’

302 4125 353 4203 ut
380 4127 572 4204 similiter
599 4125 807 4206 scribatur
840 4125 1012 4203 domino
1050 4127 1160 4230 imp
1178 4151 1201 4202 e
1218 4149 1238 4202 r
1254 4152 1288 4202 a·

202 4245 312 4322 tori
340 4245 1289 4338 RomanorumacducibusAustrIae,
