3228 5108
191 585 296 666 ticio
318 585 434 676 data,
465 589 623 662 armeta
649 603 773 660 manu
817 589 860 662 et
884 582 1102 662 hostiliter
1128 583 1223 662 loca
1251 577 1293 660 et

191 711 330 786 terras
355 713 521 784 nostros
559 703 770 807 predictos
800 713 1067 808 occuparunt
1104 713 1150 782 et
1174 725 1291 782 acce·

194 836 345 932 psrunt
372 851 396 904 a
422 824 565 914 nobis,
606 831 787 929 propter
814 827 926 926 quod
964 825 1087 904 nobis
1114 847 1292 903 necesse

193 949 297 1036 tuit,
339 972 417 1050 pro
447 947 775 1050 recuperatione
810 947 1007 1024 locorum
1048 931 1292 1026 nostrorum

194 1074 238 1148 et
273 1067 598 1150 conservatione
639 1065 777 1144 nostri
811 1065 1011 1159 honoris,
1053 1065 1292 1169 procedere

195 1197 343 1268 contra
371 1213 459 1277 eos,
487 1194 529 1264 et
556 1197 692 1266 terras
719 1213 769 1266 ac
795 1189 890 1266 loca
917 1213 1017 1276 sua,
1047 1195 1090 1266 et
1117 1185 1293 1264 lecimus

194 1319 397 1390 ermetem
439 1310 652 1410 galearum
681 1315 810 1402 octo,
850 1307 890 1386 in
920 1333 1001 1411 qua
1043 1308 1292 1410 expedimus

195 1452 386 1531 magnam
428 1427 634 1532 pecuniae
675 1427 976 1530 quantitatem,
1018 1451 1098 1531 qua
1137 1432 1293 1504 armata

196 1551 457 1652 procedente
499 1553 646 1628 contra
685 1557 820 1626 terras
861 1555 903 1626 et
942 1547 1033 1627 loca
1075 1569 1223 1650 eorum
1253 1553 1295 1622 et

197 1671 364 1748 favente
381 1669 568 1763 domino,
596 1670 803 1748 iusticiam
832 1675 876 1745 et
893 1691 1060 1745 caueam
1090 1673 1292 1757 nostram,

199 1788 299 1869 licet
324 1815 411 1868 non
447 1789 574 1870 fuerit
600 1789 690 1868 sine
718 1791 899 1870 maxima
928 1811 1114 1892 expensa
1142 1791 1188 1863 ut
1215 1783 1296 1866 dic

198 1921 283 1990 tum
313 1917 378 1989 est
406 1919 450 1990 et
475 1919 617 2011 strage
644 1919 923 1997 nostrorum,
965 1934 1044 1988 nos
1075 1929 1294 2007 recupera

197 2031 331 2109 rimam
358 2029 467 2108 dicta
504 2034 598 2110 loca
628 2037 786 2119 nostra,
816 2039 858 2111 et
885 2027 1180 2133 acquisivimus
1207 2049 1294 2112 sua.

196 2173 239 2250 qn
267 2173 349 2256 qua
390 2153 667 2255 acquisitione
710 2153 787 2231 fuit
813 2151 936 2230 nobis
980 2147 1213 2254 expediens
1241 2149 1295 2224 ia-

1 2283 2 2318 *
114 2350 116 2358 J
199 2299 303 2355 cere
331 2272 512 2352 subditis·
550 2282 593 2352 et
619 2271 929 2352 habitatoribus
959 2281 1167 2352 terrarum
1195 2268 1295 2348 mul·

198 2403 262 2474 tas
287 2393 603 2498 permissiones,
619 2393 672 2470 de
687 2391 979 2473 conservando
1008 2397 1050 2468 et
1073 2388 1295 2468 defenden-

194 2516 255 2594 dc
285 2519 362 2594 eos
400 2521 490 2592 tcto
527 2536 658 2617 posse
686 2521 864 2599 nostro,
908 2537 929 2590 a
959 2509 1215 2614 quibuslibet
1240 2509 1297 2612 ip·

201 2663 273 2716 sos
300 2634 518 2714 offendere
545 2635 784 2714 volentibus
811 2641 854 2712 ct
883 2637 937 2712 de
965 2631 1083 2720 aliis,
1120 2638 1298 2734 propter

200 2777 303 2857 quas
330 2777 426 2834 cum
463 2753 632 2834 honore
669 2751 843 2844 nostro,
884 2775 1010 2855 quem
1041 2773 1297 2832 conservare

202 2877 472 2970 intendimus,
499 2877 613 2954 nullo
643 2874 770 2952 modo
800 2875 1034 2977 reliquere,
1062 2897 1143 2952 nec
1171 2871 1297 2952 alicui

200 2996 303 3076 dare
326 3019 551 3099 possemus
572 2996 705 3074 dictas
727 3003 878 3086 terras,
905 3015 1003 3096 ymo
1028 2994 1121 3070 illas
1135 2997 1181 3069 ut
1203 3015 1297 3094 pro

203 3117 392 3197 misimus
422 3139 676 3196 conservare
713 3137 867 3215 regere
905 3121 947 3192 et
974 3113 1215 3216 gnbernare
1242 3115 1297 3192 in·

201 3237 440 3326 tendimus3
481 3242 523 3313 et
549 3244 782 3340 propterea
812 3257 1009 3334 rogamus
1045 3233 1182 3336 ipsum
1216 3231 1299 3309 do-

203 3359 409 3438 minum
452 3357 709 3458 dispuli,
753 3363 956 3457 quatenus
992 3353 1026 3432 si
1065 3377 1148 3430 non
1188 3375 1297 3430 com·

205 3481 420 3582 placemus
449 3477 542 3566 sibi,
565 3482 683 3576 juxta
712 3499 827 3555 suam
857 3476 1190 3579 requisitionem,
1218 3473 1299 3577 pla·

206 3609 300 3680 ceat
327 3599 490 3677 habere
517 3623 595 3678 nos
624 3599 778 3677 merito
809 3606 1050 3677 excusatos.
1087 3595 1217 3671 Unum
1243 3603 1298 3672 ta·

203 3741 301 3800 men
329 3719 686 3820 contemplatione
723 3743 823 3795 suae
864 3741 905 3798 m
921 3738 943 3794 a
960 3737 986 3818 g
1001 3740 1027 3794 n
1043 3716 1056 3793 i
1070 3724 1088 3794 t¹
1102 3736 1129 3792 u
1144 3713 1170 3791 d
1185 3714 1198 3790 i
1212 3737 1237 3790 n
1251 3712 1299 3790 is

203 3841 346 3922 iacere
373 3839 589 3928 volumus,
628 3837 827 3916 videlicet
853 3837 967 3940 quod
994 3835 1129 3941 parati
1158 3853 1299 3914 sumne

206 3959 395 4040 oblivisci
422 3961 666 4059 injuriarum
708 3959 915 4038 illatarum
943 3955 1089 4043 nobis,
1126 3963 1169 4034 et
1195 3953 1299 4034 reci·

205 4107 311 4188 pere
350 4081 480 4184 ipsam
518 4081 725 4159 dominam
769 4079 1051 4158 Helenam
1093 4087 1136 4157 et
1171 4079 1299 4156 domi·

207 4223 304 4280 num
333 4202 563 4280 Balsam
591 4201 681 4287 eius
711 4199 854 4296 tilium,
885 4201 934 4278 ad
964 4206 1150 4278 nostram
1178 4197 1297 4296 grati·

207 4339 273 4399 om
299 4327 346 4400 et
370 4323 410 4402 in
438 4329 611 4400 nostros
641 4323 868 4402 benivolos
889 4327 939 4406 ,et
965 4320 1133 4408 amicos,
1163 4317 1284 4402 velen
