3228 5108
329 599 551 702 inquibus
588 597 777 680 terminio
817 599 1055 676 remanebit
1095 605 1240 676 orator
1279 604 1427 678 noster

332 745 452 802 cum
480 719 711 816 'Porciam
742 717 1167 826 considerato'etiam
1195 719 1308 821 quod
1335 721 1426 823 ipse

330 841 525 922 Tarchon
553 849 596 918 et
624 837 817 920 similiter
843 837 1182 940 dispositae
1212 837 1425 918 sclavo·

331 961 460 1041 niae
488 959 691 1052 (sicioco
721 955 925 1060 dispotuo)
955 962 998 1034 et
1024 955 1240 1038 domina
1267 959 1425 1037 Mara

331 1079 643 1182 requisiverunt
671 1074 791 1154 nobis
815 1075 1012 1156 similiter
1038 1077 1148 1156 dicta
1179 1079 1299 1164 loca,
1329 1101 1427 1156 con·

191 1270 195 1276 .
330 1201 515 1282 siderato
546 1201 681 1288 ctiam,
709 1199 821 1301 quod
850 1222 933 1278 non
962 1191 1175 1277 estdanda
1203 1201 1314 1279 diota
1343 1185 1426 1276 res'·

220 1347 225 1358 ·
332 1321 497 1424 poncio,
525 1321 603 1399 nisi
629 1320 835 1396 habeatur
863 1316 973 1396 bona
1001 1317 1244 1398 informatio
1274 1343 1424 1398 arec·

332 1441 514 1521 toribus,
539 1441 695 1524 nostris
733 1438 785 1518 de
824 1437 947 1516 dictis
988 1435 1131 1527 tactim
1173 1439 1286 1518 vadit
1326 1463 1426 1542 pars

332 1557 445 1663 quod
474 1560 785 1662 respondeatur
812 1557 935 1636 dictis
966 1557 1208 1638 oratoribus
1236 1559 1349 1660 quod
1372 1559 1424 1635 si·

333 1687 403 1758 cut
428 1679 510 1784 ‚sibi
538 1678 670 1781 pridie
699 1678 894 1765 diximus,
937 1677 1207 1756 dominus
1248 1702 1353 1756 rex
1383 1687 1427 1756 et

331 1800 521 1879 similiter
562 1797 674 1878 Cro
691 1823 716 1874 u
733 1825 759 1876 o
775 1799 837 1888 ia,
865 1800 1026 1878 debent
1055 1823 1150 1876 esse
1180 1797 1420 1892 certissimi,

331 1919 447 2024 quod
475 1921 516 1997 in
545 1917 609 1996 his
640 1941 747 2020 qnae
776 1942 870 1996 cum
899 1917 1066 1998 honore
1096 1927 1241 1996 nostro
1278 1941 1424 2022 posse·

331 2066 435 2128 mus,
464 2037 829 2140 complaceremus
858 2039 1040 2118 libenter
1069 2041 1143 2130 eis,
1169 2039 1244 2117 sed
1267 2039 1423 2118 veritae

206 2189 208 2192 ·
331 2169 420 2253 est,
461 2162 576 2262 quod
604 2183 685 2236 non
728 2157 930 2238 habemus
966 2159 1078 2238 iiiam
1106 2162 1274 2264 plenam
1301 2161 1426 2240 infor·

331 2279 558 2358 mationem
613 2303 719 2380 quae
760 2280 1175 2364 necessariaioret,
1219 2279 1426 2358 in'iactis

289 2411 295 2416 “
331 2399 548 2505 predictis;
576 2400 653 2476 sed
681 2425 761 2476 nos
789 2398 1001 2480 mittemus
1030 2401 1082 2478 de
1103 2399 1222 2478 brevi
1249 2402 1303 2480 de
1331 2425 1424 2477 noo·

331 2523 406 2600 tris
438 2515 645 2596 nobilibus
688 2519 740 2596 ad
778 2519 870 2596 ilias
909 2527 1052 2622 partes
1068 2559 1081 2610 ,·
1119 2520 1190 2620 qni
1224 2518 1426 2600 videbunt

330 2640 441 2721 dicta
469 2639 575 2729 ioca,
591 2645 633 2714 et
649 2639 861 2740 accipient
887 2641 1053 2742 plenam
1083 2639 1423 2719 informationem

330 2761 516 2839 omnium
543 2761 861 2862 predictorum,
890 2785 971 2862 qua
997 2759 1138 2838 habita
1164 2787 1244 2838 nos
1272 2765 1425 2862 postea

331 2880 533 2962 iaciemus
561 2881 641 2984 ipsi
670 2879 842 2980 domino
857 2883 949 2981 regi
966 2890 1007 2960 et
1021 2883 1214 2960 similiter
1242 2881 1424 2962 Crauoie

284 3099 290 3112 ι
331 3001 443 3078 iilam
471 3002 828 3102 responsionem,
857 3025 964 3104 quae
993 3001 1073 3078 erit
1101 3000 1357 3082 rationabilis
1383 3015 1427 3082 et

330 3123 536 3210 honesta,
578 3129 647 3200 aut
690 3145 768 3224 per
795 3123 991 3222 nuncium
1033 3133 1103 3200 aut
1141 3147 1224 3224 per
1265 3124 1424 3207 litterae

332 3249 507 3322 nostras.
619 3292 620 3298 κ
943 3309 945 3316 ,

651 3343 756 3410 Scor.
780 3343 915 3410 Consti.
940 3345 1030 3438 ling.
1057 3345 1215 3424 Licin.
1244 3347 1300 3412 ch.
1322 3348 1375 3410 27.

363 3514 686 3615 (30ssth
716 3535 827 3612 lton.
854 3533 1066 3614 indict.
1094 3533 1187 3612 XV.
1216 3540 1277 3612 30.
1304 3535 1394 3612 De·

738 3658 1013 3735 cembmc

329 3795 535 3854 Raramocno:
559 3811 701 3854 noaaarn
724 3812 805 3853 nere
829 3811 990 3854 atterere
1006 3813 1173 3870 ycenarn,
1187 3815 1223 3870 pa
1238 3815 1316 3872 pepp
1339 3813 1421 3854 enoc
1469 3793 1474 3805 “

330 3899 437 3956 menia
450 3915 469 3956 o
482 3915 645 3973 crnapnaa
668 3901 837 3973 rnoyinnn
851 3915 890 3956 ce
905 3915 1026 3957 roenoe
1050 3899 1156 3959 (irene
1170 3921 1188 3960 n
1203 3919 1281 3960 cneo
1294 3901 1421 3958 nituere

407 4005 541 4074 Eume,
565 4021 643 4062 aeno
666 4003 715 4060 tim
738 4019 777 4060 co
800 4019 900 4062 norao
923 4019 1092 4080 oprnaopoe
1114 4019 1333 4096 parrpnoera·

760 4123 886 4180 annana
909 4126 981 4168 nnn.

434 4221 579 4327 Capta:
607 4221 729 4320 Quod
750 4222 941 4324 utpoaeit
968 4223 1057 4304 dari
1085 4227 1302 4329 expeditio
1330 4229 1422 4306 iotis

331 4343 685 4425 ambaxiatoribuo
724 4345 918 4428 dominae
961 4345 1039 4426 ne
1056 4349 1067 4425 i
1084 4371 1148 4426 en
1164 4373 1227 4428 ae
1269 4347 1423 4427 Stre¹¹
