3220 5118
199 625 404 706 dictarum
443 627 627 732 partium
672 623 841 713 liberos,
883 633 926 703 et
952 625 1144 706 restituet
1184 625 1293 708 bona
1419 607 1422 612 ⁵

200 757 487 831 mercatorum
516 757 778 836 nostrorum,
808 747 923 850 quod
950 767 1096 828 secum
1125 748 1294 828 conclu·

201 869 307 950 dotis
332 869 508 975 inpare,
538 868 826 972 promittendo
855 867 991 948 eidem
1007 865 1294 970 provisionem

201 1011 319 1072 suam
347 991 567 1068 annualem
594 991 846 1068 ducatorum
875 989 1005 1078 mille,
1033 988 1140 1066 sicut
1154 987 1293 1095 primi·

202 1123 268 1192 tus
294 1113 492 1193 habebat.
519 1111 572 1190 nt
599 1111 694 1214 qnia
721 1111 916 1207 tetigistis
942 1111 982 1188 ln
999 1111 1149 1189 litterls
1175 1133 1294 1216 prae·
1397 1149 1400 1156 ·

203 1231 342 1321 dictis,
354 1231 521 1310 misisse
543 1228 871 1310 ambassiatores
897 1237 1062 1308 uestros
1079 1231 1128 1308 ad
1157 1255 1297 1336 prac-

191 1349 454 1430 'sentiam
496 1352 738 1430 soldani
777 1349 1298 1432 Turrchorumetcet.

173 1483 248 1551 ut
275 1473 328 1550 de
358 1471 594 1551 intentione
630 1478 772 1548 nostra
801 1471 915 1550 circa
943 1467 1029 1550 lroc
1057 1471 1147 1552 sllls
1174 1471 1296 1551 infor·

204 1591 317 1690 mati,
346 1592 468 1671 vobis
495 1591 773 1682 declaramus,
802 1591 914 1690 quod
943 1589 978 1668 si
1007 1591 1203 1692 poteritis
1231 1613 1297 1670 vo·

205 1713 297 1791 nire
314 1715 364 1790 ad
384 1737 534 1818 pacem
564 1735 660 1791 cum
689 1715 807 1790 dlcto
834 1709 993 1789 ussatsa
1021 1734 1100 1812 per
1125 1714 1298 1791 modum

205 1833 398 1936 superius
427 1855 689 1937 expressum,
718 1835 942 1930 antequam
976 1831 1299 1910 ambassiatores

206 1955 335 2034 vestri
364 1953 517 2056 aliquid
548 1953 851 2031 conclusissent
867 1977 960 2030 cum
977 1951 1158 2032 Turobis
1185 1975 1301 2054 prae·

207 2077 343 2164 dictis,
371 2076 523 2154 dictam
553 2097 703 2176 pacem
732 2071 993 2151 concludere
1021 2072 1229 2162 debeatis;
1258 2079 1302 2152 et

207 2193 414 2281 similiter,
442 2195 478 2272 si
500 2193 599 2272 dicti
627 2193 758 2272 vestri
773 2190 1098 2272 ambassiatores
1125 2193 1300 2295 aliquod

210 2315 486 2396 concordium
513 2313 713 2394 iecissent
750 2337 845 2391 cum
872 2312 1083 2408 Timebis,
1125 2337 1205 2417 pro
1233 2339 1301 2392 ve·

208 2435 363 2516 aiendo
392 2435 623 2516 adruinum
651 2434 755 2513 dicti
770 2433 934 2521 Balsae,
963 2445 1006 2511 et
1032 2441 1128 2513 ante
1151 2457 1302 2514 eorum

209 2560 431 2636 adventum
460 2557 613 2637 dictam
643 2581 794 2660 pacem
817 2557 1076 2636 concludere
1106 2557 1303 2658 possetis.

210 2701 353 2756 sumus
382 2679 572 2756 contenti
600 2678 714 2779 quod
745 2676 859 2756 illem
890 2675 1168 2768 concludatis;
1186 2679 1222 2756 si
1241 2701 1303 2757 re·

211 2823 260 2878 ro
290 2796 390 2875 dicti
417 2797 576 2876 Turchi
607 2798 689 2875 iam
718 2801 931 2878 venissent
959 2800 1010 2878 ad
1026 2800 1188 2878 ruinam
1204 2799 1303 2878 dicti

209 2919 373 3004 Balsae,
391 2919 647 2998 etviderelis
677 2919 832 2997 dictam
861 2919 1183 3023 pacembabere
1210 2946 1304 3024 poa·

211 3066 272 3130 se,
301 3040 491 3117 volumus
518 3049 564 3118 ut
581 3039 743 3117 'dictam
775 3063 923 3142 pacem
940 3038 1304 3120 honorabiliorem

212 3165 256 3237 et
283 3153 507 3238 meliorem
534 3157 738 3245 habeatis,
766 3158 882 3260 quod
912 3162 963 3238 ad
993 3159 1306 3252 illamvenialis;

213 3303 308 3357 nam
336 3277 591 3380 sperandum
620 3283 711 3372 est,
754 3282 866 3379 quod
900 3277 1174 3360 existentibus
1200 3279 1303 3357 Tur·

215 3395 306 3477 chis
348 3397 606 3502 inpartibus
648 3399 756 3492 iltis,
803 3399 939 3478 dictus
965 3399 1089 3476 Balsa
1131 3403 1306 3478 coactus

215 3517 529 3596 condescendet
555 3519 606 3594 ad
621 3543 769 3622 pacem
798 3519 1093 3600 honorabilem
1109 3526 1152 3597 et
1167 3543 1306 3597 como·

215 3638 310 3716 dam
339 3647 488 3717 nostro
524 3643 727 3721 dominio.
783 3641 833 3719 [lt
861 3642 1028 3744 quando
1058 3641 1210 3720 dictam
1238 3663 1306 3746 pa·

217 3777 309 3837 cem
325 3753 445 3836 aliter
460 3761 619 3838 habere
637 3787 720 3840 non
738 3764 932 3863 possetis,
947 3788 1088 3840 sumus
1104 3761 1306 3858 contenti,

216 3878 331 3980 quod
366 3881 418 3956 ad
445 3879 556 3957 illam
587 3882 938 3959 condescendatis
967 3905 1043 3983 per
1065 3883 1218 3960 modos
1244 3907 1308 3958 su·

216 3999 361 4102 perius
388 4025 631 4103 expressos.
675 4001 728 4078 m
756 4009 822 4079 est
849 4005 1021 4082 nostrae
1049 4001 1308 4082 intentionis.

217 4121 330 4222 quod
369 4120 411 4200 in
441 4141 609 4200 omnem
649 4131 847 4200 eventum
875 4121 1000 4201 dictis
1038 4123 1309 4215 Teucris,

215 4241 304 4318 sive
332 4241 382 4318 ed
410 4267 559 4345 pacem
588 4243 789 4320 veneritis
817 4241 906 4319 sive
934 4267 1046 4331 non,
1074 4241 1310 4324 observetis

214 4361 316 4454 illud
345 4363 459 4463 quod
499 4363 559 4440 eis
584 4362 841 4467 promissum
882 4361 1008 4442 luerit
1043 4385 1121 4466 per
1147 4365 1305 4445 ambas·
