3228 5108
318 379 389 454 ‘270

321 590 483 684 tentio,
524 595 638 672 etsi
666 591 790 673 erunt
829 601 873 671 et
900 593 1176 675 remanebunt
1216 597 1416 685 contenti.

324 718 376 794 de
403 715 480 794 istu
499 721 646 793 nostru
673 715 951 816 responsione
972 713 1059 792 *ben
1076 714 1258 817 quidem,
1287 736 1414 815 quum

323 841 462 914 antem
490 857 574 913 non
601 842 872 912 remanerent
900 833 1099 922 contenti,
1127 835 1202 911 scd
1222 832 1416 912 dicerent

322 963 366 1034 et
391 963 615 1060 peterent,
654 955 768 1058 qnod
805 954 1018 1042 dicemus,
1046 955 1080 1032 si
1107 979 1186 1066 ¹nos
1216 952 1413 1058 impedie·

322 1101 439 1167 mus,
479 1089 577 1156 tunc
605 1077 688 1156 dici
728 1077 806 1155 sibi
835 1078 1014 1169 debeat,
1058 1075 1170 1180 quod
1202 1075 1414 1155 notuimus

322 1196 402 1274 no's
428 1196 637 1300 impedire
665 1223 745 1276 nec
772 1199 986 1290 volumus,
1028 1219 1110 1276 nec
1137 1195 1415 1300 impediemus

320 1315 361 1394 in
390 1319 738 1422 complacentiam
767 1317 1037 1395 dominorum
1066 1315 1372 1421 predictorum.
1510 1325 1516 1332 '

422 1437 486 1517 Ad
514 1437 689 1516 alteram
715 1447 900 1544 partem,
940 1441 981 1517 in
1010 1461 1092 1542 qua
1119 1435 1277 1516 iaciunt
1303 1455 1413 1551 men-

322 1557 495 1648 tionem,
522 1560 575 1636 de
603 1560 710 1638 iocis
739 1552 1213 1658 DuteigniBu'dc
1242 1557 1448 1654 etan-¹

320 1676 510 1765 tivari
539 1680 726 1782 aquisitis
753 1704 832 1782 per
859 1703 950 1776 nos,
980 1681 1033 1756 de
1063 1677 1212 1781 quibus
1238 1699 1327 1752 nus.
1344 1695 1412 1752 ro·

321 1803 430 1896 gant,
458 1798 570 1900 quod
598 1799 638 1876 in
668 1821 870 1902 casuque
898 1799 1074 1876 veiimus
1106 1795 1225 1877 enin-e
1252 1797 1310 1872 de
1335 1793 1413 1873 iilis

320 1913 469 2005 iocis,
497 1919 724 1998 debeamus
753 1921 1025 2024 'complacere
1054 1915 1292 1996 SandaIi
1319 1913 1413 1994 anri

320 2061 373 2114 co
400 2063 476 2116 suo
491 2065 501 2128 ;
528 2040 779 2143 responderi
808 2043 986 2130 debent,
1015 2040 1129 2144 quod
1166 2037 1322 2116 veritas
1349 2039 1413 2116 rei

320 2157 1084 2260 estquod'dumvixitdominus
1113 2157 1411 2257 Georgius

320 2277 584 2358 Strazam
600 2282 612 2358 i
628 2305 649 2358 r
664 2281 677 2360 i
693 2304 714 2376 ,’
744 2306 821 2360 nos
849 2279 1028 2358 viximus
1056 2303 1201 2360 secum
1229 2279 1270 2358 in
1298 2278 1411 2357 buno

320 2415 466 2477 'amore
494 2407 536 2478 et
566 2401 864 2488 benivolentia,
894 2410 936 2479 et
962 2423 1172 2504 nunquam
1199 2401 1310 2479 inter
1337 2421 1412 2477 eos

306 2527 362 2598 =et
376 2543 455 2597 nos
470 2521 695 2625 furentique
712 2547 836 2602 causa
852 2523 1013 2600 erroris
1028 2523 1095 2598 vei
1110 2520 1317 2608 novitatis,
1330 2544 1412 2598 nec

319 2640 467 2720 fuisset
491 2647 612 2745 parte
639 2652 807 2734 nostre,
846 2644 928 2722 nisi
954 2643 1238 2747 processisset
1276 2665 1300 2718 a
1328 2641 1411 2718 do·

276 2743 283 2756 ⁸
318 2764 465 2840 mina
493 2761 597 2840 Hei
616 2787 744 2848 cna,
781 2769 981 2842 consorte
1009 2785 1094 2849 sua,
1122 2769 1165 2839 ct
1192 2787 1214 2840 a
1242 2761 1411 2839 domino

317 2882 491 2962 Balsa
537 2879 625 2960 filio
655 2909 758 2985 suo,
779 2899 781 2910 '
801 2881 870 2987 qui
897 2881 1030 2961 fracta
1057 2879 1140 2958 tide
1169 2891 1212 2959 et
1237 2881 1416 2984 promis:

318 3002 507 3080 sionibus
534 3003 640 3090 suis,
670 2989 827 3081 armeta
856 3028 977 3080 manu
1006 3010 1048 3080 et
1074 3001 1410 3092 hostiliterarri·

318 3121 555 3224 puitnobis
585 3125 679 3202 ioco
709 3137 864 3210 nostra,
912 3123 1107 3202 iaciendo
1136 3123 1260 3200 etism
1288 3121 1409 3202 nobis

318 3243 447 3320 multa
476 3242 551 3322 aiia
581 3245 729 3352 damna
756 3245 979 3330 notabilia,
1010 3245 1328 3347 propterquod
1358 3244 1409 3320 vi·

316 3359 492 3460 giiantes
533 3364 583 3440 ad
613 3365 981 3465 recuperationem
1011 3386 1159 3440 eornm
1189 3372 1231 3440 et
1258 3362 1410 3455 adno-

317 3490 445 3560 stram
476 3484 726 3582 vindictam,
769 3485 1074 3564 sicutdominc
1116 3483 1300 3588 placuit,
1342 3484 1410 3584 qui

318 3611 384 3681 est
405 3607 542 3702 justus
565 3606 711 3702 judex,
743 3629 819 3683 noa
849 3606 1193 3708 recuperavimus
1220 3605 1313 3683 ioca
1342 3627 1411 3682 no·

317 3733 429 3812 stra,
470 3734 512 3801 et
540 3724 808 3826 aquisivimus
836 3727 887 3804 de
916 3725 1025 3814 suis;
1068 3749 1174 3828 quae
1204 3728 1299 3804 loca
1328 3732 1409 3803 tan·

318 3869 439 3947 utram
468 3853 612 3924 nostre
638 3853 682 3924 et
710 3849 817 3925 bene
846 3855 897 3924 dc
918 3852 1031 3946 juste
1061 3847 1258 3949 aquisita,
1300 3856 1410 3926 tene-

316 3973 483 4044 mus'et
505 3965 697 4069 dispositi
725 3973 870 4046 tenere
898 3991 1065 4059 sumus,
1109 3979 1150 4046 et
1175 3969 1412 4067 gubernare

316 4084 366 4162 ud
396 4085 606 4164 honorem
633 4092 838 4178 nostrum,
865 4089 976 4168 sicut
1003 4089 1179 4168 fecimus
1207 4088 1288 4165 alia
1314 4088 1409 4168 loos

318 4215 483 4302 nostre,
514 4215 735 4313 sperantes
761 4209 803 4288 in
833 4210 971 4288 divina
993 4211 1151 4309 ¹gratia,
1179 4233 1274 4288 cum
1297 4212 1412 4308 juste

319 4325 387 4403 iiie
414 4327 745 4429 aqrrmivnrimus.
777 4329 888 4430 qrrod
917 4331 1152 4432 poterimus
1181 4353 1260 4432 per
1281 4331 1413 4428 ionga
