3206 5110
405 596 650 694 nxblv.
680 621 794 695 rsor.
825 615 1099 700 onom.
1127 625 1179 700 cs
1205 621 1348 699 tuot

726 736 765 812 in
800 737 1028 838 Tragurio.

379 877 573 950 ssysouohio
598 899 614 936 n
641 884 852 938 sacrament
877 899 1071 957 nonnannsy
1094 901 1192 959 rprpa
1215 863 1394 960 Tpornpa'

747 983 840 1042 Mars
878 983 993 1058 ssynio.

431 1097 672 1178 Sindicntus
714 1099 752 1174 io
793 1123 976 1200 persona
1018 1101 1180 1204 providi
1229 1101 1308 1180 viri
1343 1103 1425 1180 Mo·

324 1221 409 1296 tirei
439 1217 556 1296 Pucii
582 1221 634 1298 de
661 1220 887 1320 Tragurio

425 1357 469 1436 in
500 1357 578 1436 Dei
595 1359 764 1436 nomine
782 1383 915 1437 nmen.
932 1365 1055 1439 Anno
1072 1361 1231 1438 domini
1251 1361 1424 1438 mecei

321 1479 553 1558 indictione
593 1477 707 1556 XIV.
748 1481 816 1557 die
857 1475 932 1558 ΠΙ.
973 1480 1237 1582 Septembris
1279 1483 1425 1562 corcr'n

323 1597 546 1698 magnifico
582 1597 756 1677 domino
793 1599 923 1678 Petro
953 1601 1194 1680 Gredonico
1223 1611 1306 1679 etc.
1334 1627 1425 1705 pre·

322 1717 553 1799 Sentiaiiter
590 1719 840 1795 constitutos
882 1723 1099 1836 providus
1125 1722 1187 1798 rir
1235 1719 1427 1800 distheos

202 1827 209 1841 ’
321 1841 479 1917 domini
519 1836 638 1916 Pucii
681 1837 733 1914 de
761 1839 988 1938 Tragurio.
1016 1839 1204 1922 sindicus
1234 1851 1356 1920 octor
1383 1849 1424 1917 et

320 1963 579 2063 procurator
605 1955 848 2060 specialiter
876 1960 1154 2052 constitutos,
1181 1959 1343 2039 habens
1371 1959 1423 2037 od

320 2082 585 2184 infrascripto
625 2080 843 2159 sotiiciens
872 2081 1110 2158 mandatnm
1140 2081 1343 2158 nobitium
1372 2078 1426 2154 ri·

292 2297 297 2306 Ι
323 2227 467 2282 rorum
498 2197 672 2277 Romani
701 2199 755 2278 de
771 2199 912 2278 Stenis
942 2200 1093 2280 iudicis
1121 2201 1174 2278 de
1188 2197 1342 2287 Padus,
1362 2223 1425 2277 oo·

319 2320 477 2424 pitonei
504 2319 685 2398 civitatis
712 2319 919 2418 Tragurii
946 2319 1125 2412 consilii,
1154 2329 1197 2397 et
1231 2319 1424 2397 comunis

282 2491 286 2502 ·
321 2441 498 2519 civitatis
525 2439 727 2538 sJusdem,
756 2448 800 2518 ut
828 2440 880 2516 de
909 2423 1038 2542 ipsius
1066 2439 1273 2519 sindicetu
1303 2463 1424 2543 oppa·

320 2561 441 2642 rebat
468 2559 624 2638 ibidem
665 2560 838 2662 publico
874 2560 1157 2638 instrumento
1200 2559 1423 2640 subsonis

318 2681 475 2759 domini
514 2679 702 2762 Mcccl.
744 2678 977 2760 indictione
1019 2677 1129 2756 xlv.
1171 2680 1240 2758 die
1267 2677 1421 2758 xxm.

318 2800 410 2877 Iulii
453 2824 575 2880 manu
617 2799 766 2879 Sirotti
809 2801 923 2878 Petri
963 2803 1016 2879 de
1058 2803 1233 2881 Ancona
1268 2785 1426 2905 pontici

318 2919 471 2998 notorii
500 2921 749 3006 contectos
778 2945 845 3000 me
873 2921 1145 3026 infrascripto
1176 2920 1342 2998 notario
1367 2920 1409 2995 ri

318 3065 366 3116 so
396 3045 438 3116 et
468 3042 595 3128 lecto,
621 3039 852 3118 sindicario
881 3042 1050 3118 nornine
1077 3065 1156 3145 pro
1184 3041 1286 3144 ipsis
1315 3029 1422 3141 capi·

319 3170 456 3246 teneo,
485 3159 753 3246 consitio,.et
781 3161 967 3248 comuni,
997 3159 1295 3238 otlrorninibus
1321 3160 1422 3236 Tro·

319 3281 441 3382 gorii,
469 3281 609 3358 eidem
648 3279 841 3381 predicto
870 3280 1047 3358 domino
1076 3283 1185 3373 duci,
1213 3289 1256 3360 et
1285 3303 1422 3358 como·

318 3403 359 3478 ni
388 3399 621 3504 recipiente
651 3401 821 3478 nomine
850 3424 928 3478 suo
959 3401 1123 3480 consilii
1138 3401 1330 3480 comunis
1345 3401 1423 3480 Vc·

317 3521 521 3600 netiarum
538 3517 768 3608 hominnm,
798 3528 839 3598 et
856 3521 1077 3619 cujustibet
1099 3521 1318 3620 singularis
1333 3545 1425 3625 per·

316 3667 420 3719 sone
450 3640 746 3732 Venetiarum‚'
766 3651 809 3718 et
836 3640 1062 3734 districtos
1088 3643 1208 3739 cujus
1235 3645 1425 3730 interest,

317 3763 381 3838 rei
411 3761 543 3862 possit
570 3760 798 3838 interesse:
828 3760 943 3862 quod
972 3759 1152 3864 predicti
1182 3763 1423 3866 capitaneus

316 3881 556 3973 consitium,
584 3905 794 3974 comune,
824 3888 867 3960 et
894 3882 1089 3962 homines
1116 3883 1317 3984 Tragurii
1344 3883 1425 3960 soi·

316 4009 443 4096 rent,
484 4009 526 4082 et
565 4005 725 4082 dobunt
751 4005 790 4082 in
819 4005 988 4084 civitate
1031 4003 1307 4084 Venetinrum
1345 4001 1423 4107 ipsi

315 4123 487 4199 domino
529 4125 654 4216 doci,
681 4129 726 4201 et
748 4125 938 4201 comuni
975 4111 1265 4210 venetiarum,
1294 4125 1422 4202 libros

314 4241 386 4320 111.
417 4245 539 4324 mona
568 4245 837 4324 denariorum
855 4248 905 4325 od
932 4248 1138 4328 rationem
1168 4239 1221 4324 dc'
1249 4243 1422 4326 xxxrl.
