3226 5112
351 373 426 448 Μ

352 581 622 662 nibilominus
670 585 859 686 prointus
899 587 1075 666 illustris
1123 589 1320 670 dominus
1360 590 1440 670 dca-

349 710 497 806 potus,
537 713 583 782 ut
621 706 810 806 prelatus
846 708 1038 790 dominus
1073 709 1272 790 Nicolaus
1297 715 1440 790 orator

354 829 436 901 etc.
467 825 675 929 precipiat
703 827 900 906 omnibus
928 829 1156 908 comitibus
1199 839 1241 910 et
1269 829 1438 909 rectori·

353 943 431 1018 bos
472 943 626 1044 prefati
662 944 928 1024 illustrissimi
956 947 1128 1046 dominij
1168 950 1211 1028 in
1252 949 1437 1050 partibus

352 1061 485 1140 Zente
515 1063 767 1154 constitutis,
796 1065 1437 1171 utomnibosllamniiicatispre·

353 1181 426 1258 iati
454 1181 481 1260 i.
498 1182 656 1262 domini
684 1185 862 1288 despoti‚
893 1187 993 1266 licet
1020 1187 1091 1267 hic
1118 1188 1436 1291 nonsintscrip·

351 1303 380 1378 ti
410 1307 452 1378 et
479 1303 695 1391 nominati,
720 1304 926 1404 justitiam
954 1307 1112 1386 facient
1139 1332 1235 1386 cum
1260 1309 1437 1412 comple·

235 1529 237 1535 Ι
351 1426 495 1500 mento
525 1426 667 1502 debite
708 1426 1031 1516 satisfactionis,
1071 1429 1304 1511 secundum
1334 1427 1438 1526 juris

352 1548 546 1627 ordinem
590 1555 632 1625 et
670 1548 952 1650 capitulorum
994 1549 1110 1652 pacis
1151 1548 1438 1630 continentias

350 1667 427 1766 Qui
450 1667 643 1746 dominus
668 1667 865 1748 Nicolaus
895 1675 1044 1748 orator
1070 1679 1153 1750 etc.
1184 1671 1332 1748 libenti
1358 1669 1438 1750 eni·

350 1813 435 1878 mo,
462 1787 630 1868 nomine
661 1813 743 1888 quo
773 1813 900 1892 supra
927 1788 1123 1891 promisit
1149 1815 1196 1866 se
1222 1789 1439 1880 iacturum,

351 1915 397 1986 et
421 1913 515 1986 cuin
545 1904 696 1986 eiiectu
716 1907 1059 2012 complecturos,
1078 1910 1251 1988 ratione
1266 1911 1383 2012 pacis
1397 1917 1438 1987 et

350 2027 571 2128 concordij
601 2028 898 2107 convenientia
929 2029 1185 2132 requirente.

855 2221 1131 2282 Commemoriale
1154 2223 1223 2282 ΧΠ.
1246 2225 1297 2282 cb.
1323 2219 1395 2284 1219.

350 2490 606 2594 ccccv.
649 2514 761 2590 mes.
799 2515 863 2589 26.
907 2509 1136 2600 Martii,
1177 2509 1284 2590 ind.
1326 2507 1436 2588 xlv,

347 2719 559 2796 Ilpeeaueris
583 2738 620 2777 na
646 2737 873 2780 praeveneras
887 2723 1076 2790 Mamaeae,
1099 2735 1173 2776 soro
1195 2735 1307 2794 symes
1321 2719 1438 2794 ‹ripae-

345 2843 468 2896 uenum
494 2827 659 2900 spocrape
689 2841 746 2895 aas
770 2822 953 2898 Cpbcnorrs
976 2839 1126 2898 pecnory
1149 2821 1264 2898 bopby
1287 2825 1437 2900 Bpaano·

275 2961 277 2965 ·
434 2915 532 3005 'easy
556 2949 574 2988 n
599 2923 777 2989 sbronuun
802 2929 1071 3000 sacebpaenrrua.
1111 2923 1335 3010 (Cnpabeeo).

447 3113 721 3213 Privilegium
735 3113 908 3191 illustris
937 3120 979 3192 et
1006 3136 1045 3189 m
1062 3137 1083 3189 a
1099 3135 1127 3212 g
1142 3137 1166 3188 o
1184 3112 1197 3188 i
1212 3111 1232 3186 f
1240 3110 1251 3188 i
1268 3139 1293 3191 c
1308 3112 1320 3190 i
1348 3115 1374 3191 d
1392 3137 1435 3190 o·

344 3233 483 3310 mini
536 3232 811 3332 Georgii,
875 3232 968 3310 dei
1010 3233 1208 3332 gratia
1262 3231 1435 3329 regni

344 3350 553 3430 Ressie
582 3350 824 3452 despoti
862 3377 926 3430 ac
959 3349 1179 3428 domini
1221 3348 1436 3430 Servis

344 3475 428 3549 etc.
458 3469 507 3546 ad
536 3469 747 3548 honorem
776 3470 947 3548 maioris
985 3469 1165 3556 consilii,
1207 3493 1302 3549 cum
1339 3467 1436 3548 liliis

343 3599 386 3669 et
412 3590 643 3671 heredibus
674 3591 877 3690 legitimis.
1003 3617 1006 3630 ·

444 3709 694 3790 Franciscus
721 3709 896 3790 Fuscari
934 3710 1001 3790 dei
1029 3709 1159 3810 gratia
1187 3711 1271 3788 dux
1298 3709 1437 3788 Vene-

343 3830 494 3908 tiarum
523 3839 606 3909 etc.
648 3828 860 3910 Universis
888 3841 932 3910 et
959 3885 1197 3910 .......
1227 3830 1438 3909 affectum.

342 3947 511 4028 [localis
540 3948 774 4049 benignitas
805 4005 811 4022 .
842 4003 853 4026 .
883 4009 889 4023 .
919 4007 930 4028 .
958 4005 970 4027 .
1000 4006 1010 4030 .
1040 4007 1050 4026 .
1086 3955 1201 4028 tauto
1227 3971 1437 4052 personas

342 4067 526 4149 illustres
542 4070 821 4150 excellentiae
851 4094 902 4148 ao
926 4069 1135 4170 dignitatis
1150 4069 1321 4152 bonore
1337 4095 1437 4150 cou-

341 4189 506 4294 spicues
532 4191 767 4274 maioribus
792 4192 1018 4296 prevenire
1037 4195 1183 4274 studet
1195 4189 1438 4276 bonoribus
