3206 5110
327 393 393 460 set

726 577 889 678 Bith.
920 601 1032 679 rene.
1165 571 1168 576 “

327 747 457 802 Kieros
482 759 650 822 nepuocrn
673 758 817 818 reperere
841 739 998 804 eraitse
1029 741 1181 810 Bonane,
1211 755 1289 816 nera
1323 757 1433 815 tm!

573 849 801 906 Mnemeion
826 863 862 904 aa
885 848 993 908 sensi
1017 848 1156 922 Mense.

303 989 310 1000 ·
412 961 698 1060 Privitegium
727 960 1009 1060 Dyrrhachini
1025 961 1154 1052 feudi,
1181 960 1219 1036 id
1242 967 1308 1038 est
1334 957 1432 1038 tide·

327 1079 454 1160 titntis
482 1081 701 1160 Michaelis
730 1083 923 1164 Commo
949 1082 1096 1184 ducis2
1120 1082 1191 1160 titii
1220 1083 1432 1180 quondam

329 1202 710 1291 Serestccrctoris,
738 1202 835 1283 duci
863 1203 1073 1314 Veneto.v
1112 1263 1115 1268 .
1169 1263 1171 1268 ,

285 1435 287 1438 ι
426 1339 472 1418 ln
503 1341 672 1426 nominc
700 1339 874 1420 domini.
919 1340 1023 1438 Quia
1049 1365 1128 1419 nos
1154 1339 1324 1418 dominc
1353 1337 1427 1414 re·

326 1469 393 1539 tro
419 1459 522 1536 ztan
553 1460 631 1536 Dei
658 1461 792 1558 gretie
821 1459 1111 1545 venetiarum,
1140 1459 1345 1538 ttsimatie
1374 1467 1430 1536 et·

326 1603 409 1682 que
449 1577 652 1656 Chrontie
689 1580 777 1664 dnn
818 1585 967 1680 quarte
1007 1579 1139 1681 partis
1178 1587 1220 1657 et
1261 1579 1429 1656 dimidie

327 1699 491 1804 imperii
518 1700 714 1777 dominns
742 1699 967 1790 Romenie;
997 1743 1042 1758 —-
1080 1701 1130 1778 ed
1156 1723 1311 1802 preces
1337 1725 1431 1800 snp-

326 1821 457 1922 ptioes
500 1845 601 1920 ques
642 1843 723 1924 per
749 1823 918 1899 nuntios
947 1843 1068 1898 meos
1096 1820 1233 1899 virum
1261 1843 1430 1896 venera·

212 2019 218 2024 ,
328 1939 452 2020 bilem
480 1937 758 2020 Theodorum
789 1939 1124 2034 Cernichcnscm
1167 1940 1430 2044 episcopum,

327 2070 369 2154 ct
410 2059 663 2165 Symeoocm
707 2064 904 2138 cunatem
960 2060 1233 2158 magnitudini
1290 2067 1429 2138 vestre

325 2180 516 2284 porrexi,
546 2177 815 2258 concessistis
844 2179 959 2268 mihi,
985 2187 1027 2256 ct
1053 2179 1284 2258 heredibus
1313 2181 1429 2266 meis,

326 2300 566 2410 etnomine
595 2299 708 2376 tendi
734 2297 908 2378 dedistis
949 2306 1111 2390 terres,
1152 2323 1236 2404 que
1276 2301 1427 2378 vestris

223 2451 234 2462 ·
327 2465 371 2476 -
395 2422 505 2518 juris
532 2429 640 2508 sunt,
669 2443 774 2522 quas
802 2443 883 2518 ego
901 2419 1117 2511 tenebam,
1156 2419 1324 2521 qnando
1346 2421 1428 2500 Ma·

327 2539 441 2618 rinus
484 2539 751 2620 Vallarcssns
793 2544 857 2618 vir
900 2541 1054 2623 nobilis
1096 2542 1181 2619 dux
1232 2539 1425 2639 Dyrechii

233 2689 236 2696 ’
324 2659 438 2736 venit
465 2659 515 2737 ed
544 2687 637 2750 me,
665 2689 686 2740 a
717 2659 886 2740 flumine
922 2661 1125 2742 videlicet
1165 2663 1235 2762 qui
1275 2661 1428 2738 dicitnr

327 2781 636 2884 Vrecns,quod
666 2791 731 2860 est
759 2779 812 2858 de
839 2785 993 2860 ducetn
1021 2781 1231 2882 Dyrechii
1272 2789 1315 2861 et
1342 2806 1427 2858 snr-

325 2925 415 2976 sum
443 2923 576 3004 usque
600 2897 845 3008 Nepantum,
862 2901 1033 2978 nomina
1059 2923 1236 3000 querum
1263 2899 1428 3004 provin·

325 3024 484 3102 ciarum
513 3021 595 3099 hcc
622 3027 733 3114 simt.
791 3021 976 3100 Ducetns
1019 3023 1072 3099 de
1101 3012 1302 3130 Nicopeia
1332 3045 1426 3100 curn

324 3139 591 3246 pertinentiis
619 3139 672 3216 de
690 3139 825 3226 Larte,
856 3141 978 3219 etde
1006 3141 1176 3230 Achilo,
1205 3149 1249 3240 et
1276 3143 1330 3220 dc
1356 3141 1427 3216 Ne·

325 3261 452 3340 tetico
481 3269 523 3338 et
549 3259 774 3353 Totidem,
803 3261 855 3338 de
884 3259 1028 3356 Coris,
1057 3269 1100 3342 ct
1139 3259 1428 3341 ercontorinm

325 3381 693 3480 monasteriorum,
722 3382 940 3484 provincie
967 3381 1109 3462 lanice
1136 3379 1315 3480 grandis,
1335 3401 1430 3484 pro·

322 3501 459 3580 vincio
487 3499 539 3578 de
567 3499 855 3601 Vagenichis,
883 3501 1104 3616 provincia
1145 3497 1431 3602 istronopoiis

325 3627 366 3696 et
395 3619 552 3716 Crete,
579 3623 803 3726 provincia
833 3622 1001 3704 colonie
1043 3623 1358 3702 Certoioratnm
1387 3627 1429 3695 et

323 3738 586 3822 Gtavinnezn.
640 3743 729 3841 Ego
758 3751 897 3824 eutem
927 3767 1075 3823 omnes
1117 3741 1313 3822 homines
1345 3739 1425 3816 Ve-

324 3859 447 3939 nccie
474 3857 609 3938 s'etvos
639 3873 681 3942 et
708 3844 882 3945 securos
906 3861 1065 3941 hebere
1094 3860 1234 3942 debeo
1264 3862 1303 3938 in
1332 3885 1425 3962 per·

298 3979 441 4072 ¹sonis
468 3985 509 4058 et
537 3977 662 4058 rebus
691 3979 862 4091 ubique,
889 3991 933 4061 et
960 3981 1239 4094 Dyrachinos
1267 3987 1310 4058 ct
1338 3981 1428 4060 sine

321 4101 403 4180 nite
431 4099 653 4180 exactione
684 4108 725 4176 ct
753 4103 925 4182 datione
953 4103 993 4182 in
1011 4103 1205 4182 omnibus
1236 4101 1426 4216 partibus

323 4227 366 4297 et
394 4221 515 4315 iocis,
542 4225 582 4305 in
612 4221 758 4324 quibus
797 4251 904 4306 nunc
932 4223 1161 4304 dominium
1191 4222 1358 4318 habco,
1386 4233 1426 4302 et
