3226 5112
1192 407 1330 480 25⁷.

162 609 285 689 solita
313 603 606 700 communitis,
646 620 832 712 presens
850 610 1171 692 instrumentum
1214 597 1259 690 e't

163 731 299 808 omnia
341 733 383 805 et
422 726 583 828 singula
611 734 808 808 contenta
847 729 888 809 in
918 756 999 821 eo,
1035 729 1257 810 ratifleabit

162 848 433 955 approbabit,
461 859 504 928 et
532 847 789 948 emologabil
816 858 940 951 atque
969 851 1257 942 confirmabit;

163 979 205 1050 et
231 971 350 1049 lirma
377 977 466 1049 rata
494 977 611 1070 grata
639 979 681 1049 et
707 971 843 1052 valida
877 971 1048 1051 habebit
1075 977 1119 1050 et
1144 978 1256 1050 tene·

163 1097 243 1184 bit3
284 1101 326 1172 et
365 1093 407 1170 in
443 1093 557 1170 nullo
597 1092 877 1172 contrafaciet
903 1095 970 1173 vel
999 1095 1154 1175 veniel.¹
1205 1095 1259 1172 lut

161 1216 351 1318 prefatus
377 1215 570 1293 dominus
585 1214 837 1294 Francisens
858 1217 1027 1294 nomine
1044 1219 1257 1298 antedicto

162 1336 368 1440 promisit,
396 1337 508 1437 quod
535 1333 767 1438 prelibatus
789 1335 1082 1414 serenissimus
1099 1342 1143 1416 et
1169 1339 1260 1415 illu·

161 1457 392 1534 strissimns
431 1455 625 1536 dominus
651 1455 845 1533 dominus
874 1455 958 1534 dux
985 1458 1259 1538 Venetiarum

161 1589 204 1660 et
230 1582 320 1678 ejus
347 1575 656 1658 inclitissimum
684 1577 833 1657 ducale
848 1577 1093 1669 dominium,
1120 1579 1258 1658 simili·

162 1707 229 1778 ter
255 1722 435 1802 presens
462 1697 783 1777 instrumentum
812 1704 855 1776 et
885 1700 1026 1776 omnia
1042 1701 1261 1800 etsingula

162 1823 202 1898 in
239 1843 292 1896 eo
321 1826 536 1909 contenta,
574 1819 870 1922 approbabunt
909 1815 1175 1898 ratifieabunt
1217 1825 1261 1900 et

134 1925 138 1934 ’
163 1941 463 2039 emologabont
477 1946 603 2041 atque
619 1937 1031 2041 confirmabuntper
1040 1939 1257 2044 publicum

161 2062 483 2140 instrumentum
522 2059 590 2136 rel
630 2084 709 2162 per
751 2059 894 2138 literas
929 2083 1025 2136 snas
1064 2068 1285 2162 patentes-

162 2207 238 2260 sua
267 2181 381 2259 bolla
406 2179 604 2284 plumbea
630 2177 842 2284 pendente
858 2177 1049 2267 bullatas,
1071 2205 1121 2260 an
1136 2179 1254 2262 firma

162 2308 253 2382 rata
281 2308 396 2401 grata
423 2306 467 2381 et
494 2301 629 2380 valida
656 2299 873 2379 habebunt
900 2309 943 2380 et
969 2303 1186 2391 tenebunt,
1214 2311 1258 2384 et

163 2424 204 2500 in
231 2425 347 2502 nollo
376 2423 683 2504 contrafacient
707 2423 775 2500 vel
803 2423 986 2502 venient.
1199 2439 1203 2446 '

263 2541 356 2646 Ego
383 2541 673 2622 Manlredinus
714 2567 785 2622 ser
821 2541 1031 2621 Guilielmi
1058 2543 1111 2622 de
1138 2544 1256 2624 Mon·
1389 2595 1393 2602 -

162 2665 543 2771 teelaro‚publinus
570 2663 779 2769 imperiali
800 2665 1052 2745 auctoritate
1067 2667 1256 2746 notarius

162 2794 205 2866 et
224 2787 358 2886 judex
387 2786 640 2877 ordinarius,
681 2791 724 2864 et
748 2784 900 2888 prelati
940 2786 1184 2886 spectabilis
1212 2795 1255 2868 et

163 2907 364 3008 generosi
418 2906 575 2984 domini
625 2905 949 2984 Francisei
1003 2905 1253 3006 Quirino

162 3027 332 3108 comitis
361 3035 405 3106 et
430 3026 637 3129 capitanei
664 3034 878 3131 utsupra,
905 3027 1183 3108 cancellarius
1212 3035 1256 3107 et

159 3149 200 3226 in
228 3146 308 3228 hau
335 3153 455 3252 parte
483 3144 622 3226 scriba
649 3148 846 3252 prelibati
873 3145 1082 3246 magnifici
1110 3155 1153 3226 et
1178 3173 1251 3252 po·

158 3269 285 3347 tentis
311 3267 472 3346 domini
500 3267 657 3347 domini
672 3268 843 3372 Georgii
858 3271 1070 3373 quondam
1086 3267 1255 3356 Vulebi,
1342 3349 1347 3358 ,

159 3386 256 3489 quia
296 3387 489 3466 omnibus
529 3397 572 3468 et
612 3389 784 3490 singulis
825 3389 1139 3494 suprascriptis,
1164 3413 1255 3466 -una

160 3531 256 3586 cum
295 3507 600 3612 prenominatis
640 3511 821 3591 testibus
860 3509 1032 3589 interlui
1068 3517 1254 3609 rogatus,

157 3627 254 3705 ideo
282 3629 435 3731 sorIpsi
462 3639 504 3711 et
520 3631 732 3736 publicavi
760 3639 803 3711 et
831 3635 872 3710 in
901 3633 1009 3712 bane
1036 3633 1252 3735 publicum

158 3747 339 3828 formam
369 3751 529 3852 redegi,
558 3753 680 3854 signo
710 3777 878 3856 quoque
907 3761 949 3832 et
962 3755 1133 3831 nomine
1148 3753 1254 3833 meis

157 3869 311 3959 solitis,
337 3895 419 3950 una
446 3897 540 3952 eom
559 3874 723 3979 ‘prelati
749 3872 957 3975 magnilloi
985 3851 1140 3954 (lamini
1183 3875 1251 3955 do·

157 3987 257 4070 mini
284 3992 458 4093 Georgii
487 3996 767 4100 impressione
795 3993 919 4095 sigilli
947 3993 1162 4074 roboravi.

687 4155 963 4215 Commemoriale
987 4157 1040 4215 xl,
1063 4159 1114 4217 eh.
1138 4151 1211 4216 148.

1008 4341 1050 4405 1⁷
