3226 5112
159 619 237 700 pro
265 604 309 674 nt
335 589 478 672 hebuit
505 597 701 697 tempore
729 591 876 692 elapso
903 595 947 665 et
972 587 1049 665 sub
1083 586 1250 684 regimi-

128 739 214 794 vno
254 713 552 794 dominationis
598 711 881 792 Venetionum.
921 707 1066 786 item
1104 713 1162 784 ut·
1183 705 1248 784 ein

53 919 55 924 .
162 835 272 914 betie
301 842 448 914 nostra
474 833 605 912 saneti
627 831 833 910 iohannis
860 830 914 908 de
948 827 1070 906 Stoie
1095 825 1252 904 hebeat

162 979 263 1034 suos
292 952 493 1044 contines,
521 979 628 1055 quoe
654 953 791 1056 primo
833 955 1027 1051 temporo
1069 944 1252 1025 domine·

161 1073 286 1150 tionis
313 1085 462 1152 nostre
501 1072 649 1152 hebuit
677 1077 720 1150 et
747 1070 838 1148 eliis
879 1066 1161 1172 temporibus.
1201 1063 1253 1140 let

163 1198 209 1270 ut
234 1194 465 1272 dominatio
492 1191 762 1272 venetiarum
791 1189 969 1294 prebeat
995 1209 1120 1264 omne
1143 1183 1253 1262 noxi·

165 1314 265 1392 lium
283 1311 335 1390 ‘et
362 1314 550 1391 foverem
578 1314 629 1392 ed
656 1313 963 1390 sanctissimum
994 1317 1154 1413 petrem
1184 1328 1255 1382 no·

128 1439 317 1526 ,strum
351 1443 395 1512 ut
421 1457 591 1536 semper
619 1433 659 1509 in
689 1433 873 1511 futurum
915 1431 1046 1506 obbas
1087 1425 1143 1503 sit
1169 1421 1255 1500 [nt-

164 1555 368 1643 veetinus,
396 1561 440 1632 et
467 1561 512 1633 ut
539 1577 635 1632 eum
663 1552 816 1633 debeat
852 1547 1104 1632 confirmare
1131 1546 1257 1650 preli·

166 1675 260 1755 bata
287 1673 517 1755 dominatio
546 1673 830 1754 venetiorum.
869 1673 1016 1750 item
1043 1675 1089 1746 ut
1114 1671 1257 1744 nostre

167 1795 350 1874 eooieeie
393 1791 657 1880 cathedreiie,
684 1799 727 1871 et
760 1792 941 1874 eooieeie
969 1790 1102 1868 saneti
1129 1785 1258 1864 Geor·

168 1913 238 2015 gii,
265 1923 308 1991 et
334 1921 423 1994 tneo
463 1916 583 1995 sooie
609 1917 820 2002 maiores,
848 1911 1073 1990 videlieet:
1114 1914 1260 1988 ennete

170 2037 321 2126 ononis,
348 2035 482 2114 eonoti
504 2035 685 2136 Gemgij,
713 2043 859 2116 sancte
873 2033 1009 2112 Manio
1024 2031 1108 2108 sint
1121 2051 1261 2105 exem·

168 2161 240 2260 pte
255 2155 305 2233 ob
323 2180 454 2236 onere
476 2159 748 2249 deeimarum,
775 2161 903 2262 prout
931 2158 1051 2234 antee
1079 2149 1260 2228 inerunt.

170 2275 312 2354 item
341 2301 486 2356 omnes
513 2279 635 2358 vinee
662 2279 845 2383 plantate
882 2299 959 2380 pen
985 2273 1262 2358 Albanenees,

170 2395 237 2472 vei
276 2396 377 2476 elios
418 2399 611 2478 forenses
635 2400 678 2478 in
706 2398 864 2478 nostris
907 2392 1143 2474 confinibus
1182 2389 1263 2470 eiot

171 2513 401 2610 destructe,
441 2527 484 2597 et
523 2520 757 2623 extirpate,
796 2525 841 2596 ut
871 2517 1021 2615 jubent
1048 2519 1091 2592 et
1115 2511 1264 2590 volunt

171 2641 322 2714 statuta
345 2634 526 2716 civitatis
554 2663 717 2716 eorum.
761 2637 909 2715 item
936 2661 989 2713 ne
1018 2633 1166 2734 aliquis
1194 2631 1262 2711 Ai-

172 2754 364 2832 benensis
390 2755 457 2832 vei
485 2755 665 2835 forensis
701 2757 835 2859 possit
877 2755 1023 2835 iacere
1050 2754 1115 2831 vet
1144 2749 1264 2829 febri·
1298 2785 1302 2792 ·

172 2887 272 2952 eane
311 2877 460 2954 domos
494 2877 561 2954 vei
604 2877 758 2979 aliquid
801 2874 1008 2956 editicium
1037 2875 1079 2952 in
1107 2873 1266 2952 nostris

172 2993 324 3074 finibus
352 3003 501 3076 eontra
528 2998 789 3077 voluntatem
816 3005 1018 3077 nostram.
1047 2996 1185 3074 Item
1213 3015 1267 3070 ne

173 3115 322 3218 eiiquie
348 3117 594 3198 Atheneneie
622 3121 760 3222 possit
786 3117 946 3198 hebere
970 3117 1146 3220 ntiquom
1175 3137 1269 3216 peo-

173 3236 283 3314 oiem
320 3237 388 3314 vei
415 3236 455 3313 in
484 3237 680 3330 civitate,
719 3239 788 3316 vei
829 3246 949 3318 extre
988 3236 1199 3316 civitatem
1225 3231 1268 3308 in

175 3356 330 3434 nosne
372 3357 537 3436 tinibus.
581 3357 727 3434 item
754 3381 880 3460 snpra
911 3353 1104 3434 omnibus
1133 3352 1267 3457 copiis

121 3505 123 3510 ·
175 3478 260 3554 tem
296 3476 502 3569 civitatis,
544 3501 669 3580 quem
709 3477 924 3579 districtus
952 3473 1146 3571 Drimati,
1175 3472 1269 3550 mis·

174 3595 230 3674 eie
259 3597 310 3674 ed
338 3597 564 3677 servicium
594 3600 785 3702 profecte
814 3595 1108 3678 dominationis
1134 3597 1270 3674 Vene-

71 3817 75 3828 Ι
175 3715 337 3802 tiorum,
365 3718 420 3796 sit
440 3725 574 3857 nepot
600 3725 643 3799 et
669 3719 915 3821 voyvode
878 3719 981 3797 cuvio
997 3715 1271 3796 Dtiveetinue.

175 3834 320 3916 item
357 3861 411 3916 ne
448 3837 565 3914 nives
593 3837 817 3918 Deiveetini
857 3846 1081 3918 teneantur
1118 3836 1180 3914 ire
1218 3836 1270 3913 ed

175 3955 342 4036 hoetem
371 3955 479 4032 uitro
507 3979 628 4033 unam
657 3957 811 4037 dietam
839 3959 1014 4046 itineris,
1042 3981 1095 4035 ne
1124 3955 1277 4036 eivitee

177 4075 412 4154 denudetur
439 4077 526 4154 enis
553 4077 861 4168 defensoribus,
887 4086 932 4157 et
944 4101 998 4156 ne
1014 4078 1164 4180 aliquis
1177 4099 1270 4154 enm
1310 4123 1314 4130 ·

178 4193 393 4276 offendere
420 4193 564 4298 possit.
599 4195 744 4278 item
780 4206 825 4279 ut
852 4197 969 4280 oives
996 4221 1145 4276 eorum
1171 4202 1270 4302 poet

1047 4319 1071 4382 5
