3234 5116
202 282 516 368 omn.

296 501 671 610 'sumus'dispositi
705 508 881 584 'habere‘
911 521 1056 583 seeum
1087 506 1317 586 amicitiam
1347 511 1390 583 et

299 632 452 709 bonam
480 651 648 732 paoem,
675 630 750 704 sed
772 627 1067 730 uthocpossit·
1096 627 1294 725 obtineri,
1325 630 1391 705 de-

296 749 570 828 beatcomes
597 747 815 824 dolrannes
843 748 1070 825 restituere
1099 773 1158 840 ea,
1189 773 1295 850 quae
1324 773 1391 828 oc-

302 873 450 972 cupata
490 875 630 954 tenet,
673 874 715 945 et
744 893 850 969 quae
888 871 1101 970 pertinent
1143 869 1391 947 comunitati

301 985 474 1070 nostrae
504 991 690 1094 Spaleti;
733 992 767 1068 si
795 992 882 1068 hoc
910 991 998 1067 vult
1039 991 1208 1078 facere,
1240 982 1392 1068 'sumus

194 1113 196 1120 ’
303 1112 504 1198 contenti,
535 1111 648 1212 quod
678 1107 832 1186 subditi
861 1109 936 1197 sui,
965 1133 1058 1186 cum
1089 1110 1285 1188 rebus·et
1313 1110 1393 1188 aui-

303 1233 479 1310 malibus
520 1232 631 1320 suis,
673 1230 839 1334 possint
879 1257 924 1304 se
966 1234 1175 1309 reducere
1219 1233 1271 1308 ad
1301 1231 1390 1308 loca

301 1347 445 1429 ¹nostra
474 1376 552 1453 pro
582 1369 730 1430 eorum
759 1353 999 1439 securitate,
1030 1353 1069 1426 in
1087 1378 1187 1431 casu
1215 1352 1393 1428 necessi-

303 1474 412 1560 tatis,
442 1474 512 1574 qni
540 1472 695 1550 subditi
723 1473 784 1548 sui
813 1499 837 1550 a
865 1476 1017 1550 nostris
1047 1499 1199 1552 secure
1230 1478 1272 1549 et
1299 1471 1393 1548 ami-

304 1594 500 1672 cabiliter
527 1595 831 1670 tractabuntur.

407 1712 452 1790 Si
480 1714 564 1791 hoc
592 1716 725 1792 nollet
752 1714 916 1802 facere,
953 1716 1050 1816 quia
1078 1713 1206 1791 lrabet
1234 1715 1284 1791 do
1313 1715 1397 1792 illis

305 1831 523 1937 occupatis
554 1833 704 1912 bonam
734 1834 974 1918 utilitatem,
1008 1837 1187 1934 potestis
1218 1835 1273 1910 illi
1302 1857 1396 1928 pro·

196 2005 199 2011 ,
306 1956 471 2034 mittere
509 1955 560 2031 de
590 1955 829 2033 introitibus
865 1954 1029 2058 Spaleti
1058 1955 1237 2034 ducatos
1280 1954 1427 2075 quin·¹

307 2084 457 2178 gentos
483 2077 648 2175 singulo
678 2101 800 2155 anno.

410 2195 455 2273 Si
482 2222 562 2295 nec
599 2197 685 2276 hoc
725 2199 880 2294 vellet,
921 2196 1101 2300 potestis
1143 2195 1396 2300 promittere

306 2318 415 2395 ultra
435 2317 700 2419 supradicta,
730 2321 843 2421 quod
871 2343 1016 2396 sumus
1045 2316 1179 2420 parati
1206 2315 1398 2392 subveni·

307 2461 355 2514 re
383 2439 521 2516 eidem
560 2455 654 2518 cum
686 2445 759 2516 100
785 2440 1052 2526 hominibus,
1095 2440 1169 2515 sed
1207 2439 1401 2514 restituat

310 2560 463 2637 omnia.

411 2679 524 2757 Etsi
551 2683 753 2760 veniretis
781 2685 833 2760 ad
863 2681 1181 2760 conclusionem
1211 2682 1334 2776 bene,
1367 2677 1404 2754 si

309 2824 412 2878 uero
444 2801 619 2878 caderet
647 2803 781 2904 aliqua
811 2803 1064 2892 differentia,
1093 2825 1172 2904 per
1199 2797 1401 2877 barcham

310 2924 525 3024 propriam
568 2921 754 2999 debeatis
785 2947 907 3024 quam
936 2923 1120 3000 celerius
1149 2921 1274 2998 nobis
1300 2918 1401 2996 sori·

307 3041 440 3128 -bere,
482 3051 527 3121 ut
553 3043 764 3147 possimus
801 3045 999 3122 mandare
1028 3043 1140 3146 quod
1168 3039 1401 3120 videbimus

308 3155 405 3242 esse
432 3175 698 3266 oportunum.

414 3281 458 3360 Si
500 3285 679 3388 possetis
722 3285 916 3364 obtinere
958 3287 1008 3362 ab
1048 3309 1101 3363 eo
1144 3291 1403 3362 castrum

311 3393 439 3481 'Ctis
456 3403 509 3493 ii,
540 3407 653 3506 quod
671 3413 737 3484 est
763 3407 887 3482 situm
916 3430 1054 3507 prope
1083 3403 1313 3505 Spatotum,
1340 3401 1405 3476 da-

311 3543 404 3600 mus
431 3523 551 3600 vohis
581 3525 822 3602 libertatem
849 3525 1123 3629 promittendi
1162 3523 1309 3602 comiti
1334 3520 1406 3596 do·
1487 3585 1490 3595 .

312 3643 437 3721 hanni
466 3647 509 3720 et
535 3644 647 3740 suis,
690 3669 771 3748 pro
801 3645 996 3725 habendo
1036 3649 1193 3732 dictum
1222 3650 1405 3722 castrum

313 3763 355 3838 in
383 3765 571 3842 manibus
612 3765 794 3858 nostris,
834 3791 967 3869 usque
997 3767 1047 3842 ad
1076 3769 1252 3844 ducatos
1294 3761 1405 3864 qnin-

312 3905 398 3984 que
427 3881 568 3963 millia.
684 3907 686 3910 ’

360 4021 363 4030 ·
417 4003 462 4080 Si
488 4027 593 4084 vero
623 4007 758 4084 nollet
785 4007 835 4083 ad
864 4033 1011 4111 pacem
1048 4006 1405 4094 condescendere,

316 4123 392 4199 sed
418 4125 554 4200 vellet
583 4131 778 4225 treuguas
809 4127 1094 4226 concludere,
1138 4126 1314 4229 potestis
1355 4125 1406 4201 fa·

1581 2227 1583 2356 l

1581 2617 1583 2694 t
