3206 5110
330 353 395 420 oce

332 560 632 660 omi-regimen
662 585 740 663 per
767 583 854 650 vos,
877 563 944 639 vei
974 587 1248 642 successores
1275 572 1446 642 vestros

332 681 555 772 habuerit,
596 681 736 758 vocati
780 679 982 768 fuerimus
1032 682 1082 759 ad
1132 684 1445 761 consiliandum

277 806 290 828 '
333 825 442 888 eum,
472 801 787 878 consiiinbimur
813 801 949 903 ipsum
979 799 1090 878 bona
1120 800 1200 879 tide
1230 803 1279 878 ad
1308 803 1445 878 hono·

335 947 423 998 rem
453 929 664 1008 vestrum.
708 927 750 998 et
778 944 1073 1001 successorum
1101 931 1369 1010 vestrorum,
1400 927 1448 996 et

334 1043 619 1132 venetiarum,
647 1051 688 1118 et
720 1041 985 1120 comunimus
1013 1040 1229 1142 Dyrrachii.
1259 1051 1300 1120 et
1329 1043 1443 1142 quod

266 1207 273 1214 ·
333 1161 570 1240 credentias
613 1157 874 1237 servabimus
912 1185 1012 1262 quas
1050 1162 1277 1238 servandas
1314 1159 1440 1237 uobis

332 1285 496 1371 dixerit,
524 1281 661 1378 donec
677 1279 727 1358 ab
757 1303 810 1356 eo
840 1280 1042 1357 fuerimus
1060 1283 1112 1358 de
1130 1281 1359 1359 credentiis
1379 1280 1439 1380 ip·

330 1405 386 1480 sis
402 1403 542 1508 spiuti.
560 1401 795 1476 iuravimus
808 1423 991 1502 quoque,
1008 1399 1121 1500 quod
1137 1398 1273 1487 vobis,
1292 1406 1333 1476 et
1347 1423 1439 1476 suc·

335 1523 579 1603 sessoribus
608 1520 761 1596 restris
790 1519 933 1596 iaudes
951 1521 1064 1596 omni
1081 1543 1191 1597 anno
1215 1520 1442 1621 quinquies

334 1642 535 1723 iaciemus
565 1638 729 1729 levari„
766 1639 805 1714 iu
835 1637 1001 1748 pascha.
1020 1637 1231 1730 videlicet,
1260 1645 1302 1714 et
1329 1645 1441 1715 nata-

335 1767 376 1854 Ιῑ,
404 1761 442 1839 in
473 1760 707 1864 epiphania,
735 1767 776 1836 et
806 1760 845 1837 in
876 1759 983 1836 sesto
1015 1759 1126 1835 beati
1152 1757 1284 1836 Marci
1313 1783 1439 1834 evan·

334 1885 485 1983 getiste
512 1891 553 1960 et
580 1884 713 1959 sancti
742 1881 911 1971 Yssaci‚
940 1888 981 1958 et
1009 1882 1122 1982 quod
1150 1879 1203 1960 ad
1233 1879 1438 1980 recipies·

333 2004 430 2078 dnm
458 1997 557 2104 ros,
584 2009 625 2076 et
662 2023 939 2080 successores
967 2006 1134 2077 vestros
1165 2025 1258 2079 cum
1303 2003 1441 2088 ciero,

333 2145 463 2203 cruce
492 2119 750 2224 precedente
791 2105 1007 2198 veniemus
1048 2121 1098 2197 od
1128 2121 1258 2223 ripam
1288 2146 1440 2222 usque,

332 2247 384 2324 ad
411 2245 638 2324 ecetesiam
680 2241 901 2321 vobiscum
932 2251 1078 2320 euntes
1106 2242 1314 2344 solempni
1345 2267 1439 2322 can·

333 2367 446 2452 tico,
485 2365 521 2458 si
565 2363 729 2465 quando
772 2389 846 2440 vos
873 2365 938 2440 rei
966 2389 1240 2444 successores
1269 2372 1439 2442 vestros

333 2483 432 2560 iiiuc
460 2485 605 2562 venire
634 2487 904 2586 contingerit.
930 2484 1177 2564 iiecomnia
1199 2485 1440 2580 juravimus

331 2601 598 2708 presentibus
629 2605 804 2683 testibus
832 2605 1143 2710 suprascriptis.

383 2827 524 2927 iiigo
554 2827 798 2906 Maniredus
827 2831 1176 2935 archiepiscopus
1207 2855 1440 2910 monumen

332 2946 574 3048 subscripsi.

384 3163 406 3229 t
435 3153 524 3252 ugo
553 3159 744 3242 Andreas
774 3165 905 3242 florio
936 3163 1155 3267 presbiter
1183 3169 1357 3262 rogatus
1387 3169 1444 3239 te·

331 3273 406 3352 stis
434 3272 679 3380 subscripsi.

384 3437 523 3581 {Ego
568 3473 839 3555 Sebastianus
879 3470 1141 3552 Borbadicus
1185 3471 1304 3551 testis
1345 3473 1441 3550 sub·

334 3625 501 3703 scrrpsr.

384 3806 522 3905 iligo
550 3807 746 3886 Nicotaus
774 3773 974 3881 (iirarrius
1004 3799 1214 3906 presbiter
1252 3807 1293 3874 et
1324 3807 1439 3876 nota·

335 3929 422 4004 rius
451 3927 675 4030 compleri,
704 3935 744 4004 et
773 3926 990 4004 roboravi.

780 4172 851 4237 Lib.
875 4179 1068 4258 pactorum
1095 4176 1163 4241 vot.
1188 4173 1214 4239 Ι.
1240 4177 1297 4242 ch.
1323 4179 1397 4273 118.Ι

1581 4106 1593 4185 t
