3224 5110
1220 275 1283 346 383

191 485 252 579 bis
268 485 401 586 magis
415 487 622 590 placeant,
651 491 694 572 et
721 507 740 559 a
757 509 779 566 e
795 507 822 560 x
839 491 893 562 to
923 491 964 562 et
990 485 1153 578 ultimo,
1169 486 1283 588 quod

190 631 312 684 unum
336 601 533 686 'nostrum
562 606 749 684 nobilem
786 605 1024 698 mittamus,
1065 607 1134 709 qui
1176 605 1282 708 apud

158 725 455 805 ‚serenitatem
496 751 614 804 suam
651 733 921 827 permaneat;
962 727 1299 826 respondemur:-
1356 717 1358 720 ’

189 855 232 928 et
257 849 406 954 prim
422 872 448 924 o
477 851 529 928 ad
557 849 749 951 primum:
778 847 831 926 de
860 847 1119 926 adrisatione
1159 845 1283 924 nobis

188 968 304 1060 data,
333 971 445 1071 quod
485 967 687 1070 despotus
719 973 761 1042 et
790 990 937 1046 comes
964 966 1159 1044 stefanus
1187 989 1282 1044 con·

187 1093 339 1170 cordes
368 1090 449 1166 sint
478 1093 561 1166 etc.
1180 1092 1185 1108 ‘

287 1209 407 1308 Quod
436 1213 748 1308 cognoscentes
791 1209 924 1312 ipsum
966 1207 1281 1288 serenissimum

186 1331 398 1410 dominum
440 1351 587 1427 regem
628 1326 915 1406 sincerissime
954 1337 996 1406 et
1025 1327 1079 1404 ob
1108 1329 1282 1430 singula-

186 1477 274 1530 rem
304 1450 631 1530 benivolentiam
662 1456 704 1526 et
733 1449 1010 1534 affectionem,
1039 1474 1172 1551 quam.
1190 1451 1280 1534 eins

184 1574 388 1652 serenitas
430 1568 556 1648 babet
584 1569 634 1646 ad
662 1577 850 1648 nostram
880 1571 1195 1674 rempublicam,
1236 1596 1281 1648 se

184 1719 358 1773 movere
394 1692 446 1770 de
484 1692 724 1770 huiusmodi
767 1691 976 1770 amicabili
1019 1690 1281 1770 advisatione

184 1813 307 1892 nobis
333 1817 440 1900 data,
469 1836 570 1890 suae
598 1811 817 1891 serenitati
839 1819 1037 1912 quantum
1065 1812 1159 1916 plus
1186 1837 1280 1914 pos·

183 1957 326 2012 sumus
357 1931 644 2031 regratiamur3
670 1932 746 2008 sed
776 1930 823 2031 ei
841 1929 1137 2030 significamus,
1165 1932 1279 2033 quod

185 2078 279 2132 cum
321 2053 488 2157 prefato
537 2052 774 2128 domino
825 2050 1082 2153 despoto
1126 2053 1279 2138 bonam

184 2173 386 2254 babemus
416 2182 459 2252 et
486 2181 676 2252 tenemus
714 2173 935 2252 amicitiam
972 2181 1014 2249 el
1042 2172 1280 2250 benivolen-

183 2296 309 2387 tiam,
337 2319 460 2396 quam
502 2301 693 2373 tenemus
736 2319 832 2372 eum
868 2317 1125 2371 conservare
1153 2292 1277 2370 velle.

182 2417 235 2498 Et
275 2441 471 2494 comes
513 2413 798 2492 stefanus
833 2416 884 2492 ad
914 2439 991 2492 nos
1020 2414 1143 2492 mittit
1171 2415 1279 2514 lega·

182 2539 340 2616 tionem
381 2561 495 2613 suam
525 2543 568 2614 et
595 2536 760 2614 ridetur
797 2533 1025 2636 dispositus
1067 2535 1178 2614 velle
1206 2560 1280 2612 no·

183 2658 344 2738 hiscum
386 2655 565 2758 pacifice
605 2658 777 2743 vivere;
806 2661 847 2732 et
888 2655 1156 2744 nibilominus
1198 2656 1312 2732 sub'

185 2780 255 2860 tali
282 2779 484 2856 stabimus
526 2776 717 2856 custodia
747 2784 789 2852 et
817 2775 1079 2852 advertentia
1117 2779 1161 2850 ut
1187 2799 1276 2852 sua·

182 2901 265 2997 det,
295 2897 408 3010 quod
437 2895 604 2998 quande
635 2896 760 2973 etiam
789 2917 938 2972 eorum
967 2893 1115 2996 aliquis
1141 2893 1279 2984 vellet,

182 3019 304 3100 nobis
333 3043 495 3100 nocere
518 3022 605 3117 jam
634 3041 719 3096 non
747 3019 949 3118 poterit„

283 3141 346 3222 Ad
375 3137 699 3218 secundum
733 3135 785 3214 de
815 3138 929 3214 bello
957 3137 1179 3218 inferendo
1210 3163 1277 3218 co·

182 3260 248 3338 mi
262 3261 303 3338 ti
342 3261 372 3338 S
389 3261 478 3338 ter
488 3286 510 3338 a
524 3287 550 3340 n
567 3287 593 3340 ο
610 3321 619 3353 ,
649 3261 970 3362 respondeatur:
999 3259 1111 3362 quod
1143 3263 1276 3362 quoti·

80 3487 82 3490 Ι
182 3382 250 3460 die
279 3380 436 3459 clarius
463 3381 765 3480 cognoscimus
780 3378 980 3484 optimam
1009 3385 1192 3458 mentem
1216 3407 1276 3460 se·

183 3500 373 3580 renitatis
400 3501 510 3579 suae
529 3524 630 3602 erga
657 3509 845 3582 nestram
876 3500 1199 3606 rempublicam,
1225 3505 1277 3582 de

183 3647 265 3724 quo
307 3630 351 3700 ut
388 3623 667 3724 praediximus
696 3623 733 3702 ei
762 3623 1065 3722 regratiamur,
1099 3628 1142 3700 et.
1176 3623 1277 3702 obii·

181 3742 266 3842 gati
293 3767 449 3822 sumus.
492 3743 577 3822 Sed
607 3743 880 3825 considerato
922 3767 1052 3848 super
1092 3743 1171 3821 bac
1199 3765 1277 3818 ma·

182 3864 315 3955 teria,
356 3865 469 3944 clare
523 3865 819 3965 intelligimus
846 3888 925 3969 per
961 3889 1077 3944 mare
1131 3887 1276 3965 parum

182 3985 282 4066 belli
333 3986 448 4066 dieto
504 3987 649 4064 comiti
704 3986 877 4066 Stefana
935 3987 1080 4064 inferri
1135 4007 1276 4088 posse,
1419 4033 1421 4041 ,
1473 4043 1475 4052 ,

183 4108 256 4186 sel
297 4129 374 4211 per
402 4115 557 4186 terram
586 4131 608 4186 a
637 4109 769 4184 latere
810 4132 915 4198 suo,
956 4109 1046 4186 eius
1074 4103 1276 4184 serenitas
