3234 5116
423 602 594 704 Quando
637 608 775 682 autom
804 600 856 680 ad
884 601 1160 681 concordium
1189 609 1233 682 st
1257 627 1406 706 paoem

322 748 417 805 cum
446 723 559 822 dicto
588 721 759 802 domiuo
803 722 909 803 duce
938 720 1107 802 Bassiue
1148 724 1297 802 venire
1325 747 1407 802 non

320 866 483 952 posses,
511 848 554 922 et
571 841 678 934 fucta
698 866 784 946 'per
811 849 853 921 to
872 844 987 936 omni
1015 843 1208 924 instantia
1234 843 1407 949 possibi-

321 961 539 1062 liyidores,
567 987 654 1040 non
676 985 803 1064 posse
818 969 1005 1040 nostrum
1032 963 1305 1043 intentionem
1334 965 1406 1044 ob·

171 1122 176 1138 ,
321 1082 469 1172 tinere,
497 1081 642 1162 damus
670 1081 744 1160 tibi
774 1081 1228 1188 libertatompossondi
1249 1083 1405 1190 potnit·

321 1211 414 1282 tore
443 1202 557 1281 dioto
598 1203 769 1282 domino
798 1202 974 1284 ducatos
1003 1202 1117 1282 mitis
1144 1205 1186 1284 in
1213 1229 1324 1283 anuo
1352 1203 1407 1282 de

155 1394 163 1410 ,
319 1322 559 1404 introitibus
588 1321 782 1416 Scutari,
813 1328 949 1438 ¹prout
989 1312 1187 1404 dabamus
1229 1325 1406 1406 condam

168 1479 171 1494 ·
322 1443 511 1544 Georgio
552 1440 817 1542 Strazimiri,
869 1449 1040 1543 teranto
1080 1446 1194 1530 dioto
1238 1441 1407 1540 domino

321 1565 428 1642 duos
453 1561 688 1656 Drivastum
718 1561 1020 1642 otAntibarum
1050 1589 1144 1644 oum
1172 1561 1408 1648 confinibus

320 1684 421 1774 suis,
450 1691 493 1764 et
517 1689 665 1763 nostro
694 1683 882 1778 dominio
899 1684 1088 1768 Buduam
1117 1683 1407 1780 otDuloinium

322 1830 416 1892 oum
446 1803 681 1910 confinibus
709 1807 796 1883 suis
824 1815 867 1886 et
894 1807 1171 1912 pertiuentiis,
1199 1809 1253 1884 et
1271 1803 1409 1883 civita·

323 1933 405 2006 tem
432 1923 601 2036 ¹Scutari
629 1951 727 2008 oum
754 1927 945 2007 districtu
975 1931 1018 2006 et
1046 1924 1280 2008 confinibus
1306 1921 1408 2010 suis,

322 2055 364 2128 ot
389 2072 468 2153 por
495 2048 611 2150 illurn
638 2048 831 2138 modum,
873 2075 958 2151 quo
1002 2047 1155 2129 dictam
1198 2043 1408 2146 oivitatem

268 2169 541 2255 &habuimus
569 2188 591 2247 a
621 2171 801 2250 condam
836 2168 1008 2250 domino
1045 2167 1228 2278 Gourgio
1258 2162 1409 2242 Straui-

322 2275 714 2392 miri-utsuperius¹
740 2290 991 2370 continetur.
1020 2289 1072 2367 Iit
1085 2288 1119 2386 si
1133 2311 1211 2390 per
1225 2285 1408 2387 aliquem

321 2409 544 2498 modorum
584 2409 970 2515 suprascriptorum
1025 2409 1186 2511 poteris
1243 2404 1411 2506 conotu-

323 2546 442 2636 ἀπο,
471 2547 655 2630 inbono
682 2549 814 2648 gratia
844 2546 1113 2629 concludas„
1164 2589 1171 2603 ·
1203 2603 1206 2610 .

425 2668 586 2750 Sivsro
615 2649 860 2753 ooui‘risset.
889 2668 1002 2770 quod
1017 2669 1126 2750 ioca
1152 2664 1292 2744 Driv
1308 2665 1414 2744 asti

324 2796 368 2868 ot
407 2792 482 2870 An
498 2792 540 2868 ti
556 2789 581 2865 b
597 2791 691 2868 ari·
722 2789 790 2866 rei
817 2785 988 2890 aliquod
1017 2811 1168 2866 sorum
1197 2785 1409 2887 pervenis·

323 2911 615 2990 setrid-manus
641 2915 821 2998 nostras,
846 2909 911 2984 rei
927 2898 1409 3012 pervoniretantsquam

322 3029 570 3136 pervenires
584 3028 636 3108 od
651 3029 832 3132 aliquam
854 3027 1174 3106 conclusionem
1204 3049 1298 3106 oum
1328 3023 1411 3104 dio·

190 3153 191 3156 ‘
324 3155 367 3230 to
396 3151 567 3237 domino
596 3151 745 3230 duco
781 3148 1043 3241 trissino,
1070 3145 1233 3232 densas,
1252 3145 1412 3227 instare

324 3279 367 3350 ot
388 3292 636 3376 procurare,
666 3270 779 3372 quod
805 3268 919 3350 diota
947 3270 1041 3350 toea
1069 3274 1322 3348 remaneant,
1342 3285 1410 3342 uo·

324 3399 414 3472 stro
440 3391 643 3480 dominio,
672 3409 767 3470 cum
795 3389 1054 3470 districtibus
1082 3393 1125 3469 et
1150 3385 1412 3492 pertinentiis

323 3514 421 3598 suia,
444 3517 487 3590 et
514 3511 627 3592 ciros
655 3512 741 3592 hoo
768 3511 925 3592 debeas
953 3510 1096 3588 iacere
1125 3530 1252 3612 posse
1280 3513 1411 3594 tuum;

261 3657 264 3671 ·
324 3639 367 3718 et
394 3631 560 3736 quando
596 3630 684 3710 hoo
720 3629 913 3711 obtinere
940 3655 1023 3710 nou
1048 3653 1229 3732 posses,
1268 3627 1412 3706 damus

325 3751 398 3840 tibi
425 3753 665 3840 libertatum
699 3749 970 3855 promittendi
996 3773 1077 3855 pro
1106 3751 1214 3831 tono.
1232 3747 1414 3826 Drivasti

324 3873 488 3974 singulo
517 3897 627 3955 anno
657 3873 835 3954 ducatos
863 3877 1111 3960 sexcentos,
1136 3871 1245 3948 ultra
1272 3867 1412 3951 dictos

314 3996 501 4076 siuootos
530 3993 666 4084 mitts3
709 4000 751 4072 ot
778 4015 858 4096 pro
888 3986 1205 4074 {ooo-Antibari
1233 3989 1414 4068 ducatos

327 4114 668 4217 quadringentos.
694 4112 791 4192 Etsi
808 4113 895 4192 hoo
919 4113 1113 4195 obtinere
1140 4133 1223 4184 non
1248 4131 1416 4210 posses,

329 4234 431 4342 quia.
452 4233 587 4314 diotus
613 4234 806 4332 domiuus
833 4231 962 4314 veltet
986 4230 1099 4324 dicta
1127 4230 1221 4322 ioca
1239 4227 1323 4306 sibi
1351 4251 1414 4306 rs·
