3224 5110
334 393 399 460 8¹7¹7

331 575 525 684 possibili
553 573 826 680 experientia,
855 599 938 657 non
968 599 1121 680 posses
1155 573 1317 654 habere
1344 573 1432 654 dle·

237 775 240 782 ⁴
330 707 418 778 tum
447 700 587 777 locum
615 695 874 775 Narente
902 698 955 775 de
997 697 1121 798 plano
1164 704 1209 774 et
1245 720 1427 778 eoncor-

330 822 400 899 dio
441 819 550 895 sicut
591 815 783 920 superius
824 817 899 895 tibi
940 815 1210 906 οοῐηίεἰηιυε,
1263 823 1306 893 et
1345 815 1426 893 tibi

329 939 548 1017 videretur
597 963 692 1014 cum
748 939 880 1037 galeis
934 945 975 1014 et
1017 935 1213 1036 gentibus
1266 937 1429 1012 nostris

333 1061 400 1140 vel
440 1086 533 1139 cum
578 1058 790 1138 favoribus
832 1058 932 1138 dicti
972 1061 1143 1138 ducis
1185 1055 1429 1136 stefani

301 1171 305 1190 ’
332 1205 461 1286 posse
488 1180 647 1260 habere
673 1182 906 1270 Narentann
935 1182 1090 1258 debeas
1117 1201 1353 1282 procurare
1368 1177 1424 1252 de

332 1303 525 1383 habendo
563 1303 719 1383 dictum
762 1304 902 1381 locum
931 1357 1215 1380 ........

434 1481 635 1580 Quoniam
677 1478 830 1559 nobilis
869 1482 934 1558 vir
961 1479 1216 1558 Carolus
1253 1477 1426 1556 Geor·

333 1602 424 1701 giu
454 1601 614 1678 hebere
642 1598 771 1678 debet
798 1605 960 1680 cerum
987 1622 1190 1679 summam
1217 1595 1428 1700 pecuniae

332 1725 384 1804 ab
414 1722 486 1800 illo
516 1723 791 1803 serenissimo
821 1721 992 1801 domino
1031 1744 1208 1820 rege..
1239 1773 1249 1796 .
1278 1716 1427 1796 facere

333 1845 493 1922 debeas
519 1841 629 1924 illam
672 1840 908 1922 instantiam
937 1897 948 1921 .
974 1897 984 1920 .
1012 1899 1021 1918 .
1049 1847 1095 1916 ut
1130 1839 1240 1916 idem
1282 1847 1431 1918 noster

333 1960 488 2040 nobilis
523 1962 677 2040 habeat
702 1962 901 2064 pecuniae
927 1985 1038 2041 auae.
1066 1959 1117 2039 Et
1144 1959 1343 2041 hanamet
1371 1958 1430 2034 in-

293 2133 298 2138 ·
333 2085 527 2164 stantiam
556 2084 686 2162 facies
712 2084 822 2188 apud
861 2082 1070 2184 prefatum
1112 2080 1331 2160 dominum
1359 2105 1427 2160 re·

333 2229 442 2306 gem,
468 2213 514 2282 nt
541 2205 619 2281 viri
658 2203 823 2284 nobiles
863 2201 1232 2287 Franciseus
1275 2199 1427 2280 etse-

334 2326 593 2408 ronimua
635 2327 876 2406 nondam
918 2349 1011 2406 aer
1051 2321 1290 2404 Fantini
1330 2320 1427 2402 Ma·

334 2448 565 2551 ripetro
608 2447 792 2526 habeant
832 2447 1032 2550 quidquid
1084 2447 1253 2526 lubere
1301 2443 1427 2523 debe·

333 2577 404 2651 ant
406 2625 688 2648 ........

436 2742 641 2844 Quoniam
671 2741 837 2846 quidam
865 2739 1083 2819 vaivoda
1117 2739 1306 2826 Ivanis,
1336 2765 1428 2818 ser·

334 2866 447 2943 vitor
488 2863 730 2942 comitis
791 2859 1093 2940 vladisrai
1163 2857 1233 2938 fllu
1301 2857 1425 2937 ducis

335 2983 711 3088 Stefan1,scr'1psit
739 2982 885 3064 comiti
924 2983 1073 3056 nostro
1105 2977 1262 3082 Spalefi
1292 3033 1303 3054 .
1332 3031 1342 3051 .
1372 3035 1384 3054 .
1414 3034 1426 3056 .

335 3104 450 3210 quod
492 3101 601 3182 bona
642 3127 717 3181 sua
759 3127 864 3204 quae
914 3101 1044 3178 habet
1085 3101 1124 3175 in
1153 3097 1426 3188 Narem,

178 3324 181 3332 1
333 3235 376 3304 et
405 3225 627 3328 Crayna
668 3223 747 3300 sibi
789 3225 1119 3308 reservarentur,
1159 3215 1426 3296 venientibus

333 3347 439 3425 locis
465 3345 638 3422 illiesub
666 3349 813 3423 nostro
841 3339 1047 3428 dominio,
1075 3397 1086 3418 .
1117 3395 1127 3416 .
1158 3395 1168 3416 .
1197 3339 1337 3440 ponis
1366 3340 1426 3417 lo·

334 3469 406 3571 qui
436 3491 530 3544 curn
559 3465 748 3567 vayvoda
789 3464 918 3542 {vane
945 3519 955 3539 .
1061 3468 1103 3540 et
1130 3460 1267 3564 ipsum
1310 3459 1426 3536 iudu-

334 3611 434 3667 cere
463 3642 474 3663 .
503 3643 514 3664 .
545 3647 551 3661 .
580 3587 630 3664 ad
659 3587 828 3663 favores
868 3607 970 3662 auos
995 3581 1279 3686 prestandum,
1309 3581 1423 3681 quod

332 3707 401 3787 ina
429 3709 523 3788 lona
551 3707 790 3786 habeamus.

657 3883 760 3948 Seer.
786 3901 889 3947 cons.
913 3899 997 3966 rog.¹
1015 3876 1088 3942 Lib.
1112 3871 1206 3938 XIX.
1230 3870 1285 3936 ch.
1310 3871 1382 3934 151.
