3234 5116
299 339 346 406 ’10

303 545 424 625 timos
464 554 507 625 et
533 544 679 624 finales
719 543 983 622 conditiones
1010 549 1175 623 nostras
1208 545 1388 623 descan-

304 669 409 746 dere
437 666 607 744 noluit.
660 722 670 743 .
725 723 733 737 .
787 663 904 751 dixit,
932 663 1048 767 quod
1073 664 1265 742 dominus
1291 691 1391 744 suus

304 789 432 868 veltet
473 787 665 865 retinere
720 784 1065 865 Antivarum
1104 792 1160 864 et
1196 785 1389 864 liriva-

303 915 451 988 stum
480 913 577 988 oum
606 909 797 988 contrata
824 905 877 983 de
904 927 1032 1008 supra
1060 904 1313 996 Scutari,
1349 915 1392 986 et

303 1030 490 1107 vultaut
529 1023 882 1126 Duicign'um
924 1030 994 1105 aut
1032 1025 1308 1114 Budvam,
1349 1033 1392 1104 et

303 1151 480 1229 ducatos
495 1147 606 1225 mitia
620 1148 660 1224 in
681 1171 807 1245 anno,
835 1146 943 1223 sicut
957 1145 1158 1224 dabamus
1185 1146 1393 1236 Batnae,

302 1322 311 1365 ·.
366 1326 377 1348 .
429 1267 683 1348 .,‘videntes
713 1265 898 1367 deputati
926 1265 1058 1344 nostri
1098 1263 1155 1343 nii
1183 1265 1294 1343 aliud
1320 1264 1387 1340 ba·

217 1405 219 1416 '
304 1393 408 1470 bere
438 1413 583 1493 posse,
610 1390 833 1484 dixerunt,
862 1388 975 1488 quod
1003 1385 1104 1463 iliud
1132 1393 1225 1465 erat
1250 1385 1392 1464 ultima

304 1520 347 1589 et
380 1508 515 1589 finalis
554 1510 778 1612 responsio
819 1515 988 1597 nostra3
1031 1509 1100 1608 qui
1141 1511 1390 1588 ambaxator

303 1631 536 1736 respondit,
565 1629 678 1732 quod
705 1629 833 1707 veltet
862 1652 1115 1732 comparere
1131 1632 1184 1709 ad
1198 1653 1390 1732 praesen·

303 1752 400 1832 tiam
429 1751 564 1830 nostri
592 1748 764 1828 dominii
793 1755 835 1826 et
861 1757 1010 1853 petere
1038 1750 1246 1828 licentiam
1275 1772 1392 1829 rece-

302 1871 441 1950 dendi.
495 1927 505 1947 .
559 1925 570 1948 .
624 1867 748 1948 Vadit
774 1890 886 1970 pars,
914 1869 1027 1971 quod
1054 1870 1089 1946 si
1118 1867 1393 1946 ambassiator

302 1991 353 2068 ad
382 1991 665 2094 praesentiam
697 1988 854 2067 domini
883 1991 1003 2072 ducis
1029 1994 1161 2068 staret
1185 1991 1226 2066 in
1250 1989 1393 2068 volen-

302 2114 358 2189 do
385 2105 666 2192 Antibari
706 2119 750 2186 et
780 2108 1119 2186 Brivastum
1156 2117 1198 2188 ct
1227 2117 1393 2189 eontra-

301 2239 389 2310 tum
418 2229 627 2334 desupra
655 2229 980 2322 scutorum,
1007 2237 1050 2308 et
1078 2229 1395 2330 Dulcignum

301 2357 373 2430 aut
398 2350 475 2428 Bu
491 2349 586 2430 dva
602 2375 656 2444 m,
685 2359 729 2428 et
755 2352 934 2430 ducatos
963 2351 1078 2428 mille
1105 2351 1147 2428 in
1173 2375 1298 2440 ann03
1325 2349 1392 2426 de

300 2471 400 2552 beat
439 2473 738 2552 serenissimus
778 2471 972 2550 dominus
1024 2472 1109 2551 dux
1148 2472 1188 2550 ei
1233 2472 1396 2561 dicere,

302 2592 417 2695 quod
444 2592 665 2670 videbatur
700 2594 824 2670 nobis
849 2593 1020 2671 'iustum
1063 2601 1106 2671 et
1133 2592 1396 2679 rationabile,

194 2719 199 2740 ·
289 2715 416 2816 ·quod
455 2713 496 2792 ei
522 2713 708 2816 proponi
736 2713 987 2806 feceramus,
1014 2711 1238 2792 videlicet:
1281 2711 1396 2814 quod

300 2837 468 2912 teneret
495 2830 744 2912 Antibarum
773 2839 816 2912 et
843 2833 1080 2912 Drirastum
1108 2840 1151 2911 et
1176 2831 1299 2911 daret
1325 2855 1396 2910 no·

301 2952 365 3032 bis
391 2955 574 3033 ducatos
610 2955 724 3032 mitia
751 2955 793 3033 in
821 2979 958 3052 anno,
1000 2954 1075 3033 sed
1103 2954 1297 3056 quicum
1325 2953 1397 3030 do·

302 3073 414 3156 mino
456 3099 534 3154 suo
561 3077 755 3155 volumus
781 3079 936 3155 bonam
964 3075 1194 3156 amicitiam
1232 3072 1393 3154 babere
1461 3089 1468 3102 ·

300 3203 346 3275 et
372 3221 644 3285 conservare,
673 3193 814 3277 sumus
845 3199 1045 3286 contenti,
1073 3198 1186 3300 quod
1213 3196 1393 3275 ducatos

301 3316 416 3394 mitte
431 3318 472 3393 in
488 3317 598 3396 ann‘o
615 3344 699 3399 non
726 3321 875 3410 solvat,
902 3324 1048 3398 teneat
1073 3316 1322 3396 Antibarum
1350 3321 1395 3393 ct

300 3437 540 3516 Brivastum
577 3462 673 3516 cum
703 3438 963 3530 confinibus3
1004 3439 1101 3519 ioca
1130 3437 1326 3538 Dulcigni
1353 3442 1397 3514 et

301 3556 445 3636 Budva
475 3567 720 3637 remaneant
745 3567 894 3637 nostro
928 3557 1117 3638 dominio
1146 3581 1242 3640 eum
1271 3553 1395 3634 conti-

301 3677 437 3766 nibus,
463 3678 611 3758 civitas
628 3665 796 3757 Scutari
813 3703 908 3756 cum
926 3685 1017 3757 toto
1032 3677 1241 3766 districtu,
1268 3683 1397 3779 prout

301 3797 523 3878 habuimus
545 3801 764 3880 acondam
792 3800 965 3878 domino
992 3800 1231 3898 Georgio
1260 3799 1396 3877 Stra·

302 3919 515 4009 zimiri;
542 3921 577 3996 si
604 3949 691 4000 non
720 3928 835 4000 esset
862 3921 1000 4000 adhuc
1029 3925 1271 4007 contentus,
1298 3944 1395 4024 pos·

302 4039 384 4115 sint
410 4041 451 4118 ei
477 4043 667 4141 promitti
709 4044 849 4123 ducati
889 4042 1005 4120 mitte
1041 4043 1083 4120 in
1120 4065 1230 4120 anno
1257 4040 1312 4117 de
1339 4041 1395 4116 in·

301 4159 500 4239 troitibus
516 4161 697 4254 Scutari,
710 4173 839 4268 prout
853 4163 1052 4244 dabamus
1067 4163 1257 4264 (taorgio
1281 4159 1394 4241 Stra·
