<?xml version="1.0" encoding="UTF-8"?>
<!DOCTYPE html PUBLIC "-//W3C//DTD XHTML 1.0 Transitional//EN"
    "http://www.w3.org/TR/xhtml1/DTD/xhtml1-transitional.dtd">
<html xmlns="http://www.w3.org/1999/xhtml" xml:lang="en" lang="en">
 <head>
  <title>
</title>
<meta http-equiv="Content-Type" content="text/html;charset=utf-8" />
  <meta name='ocr-system' content='tesseract 3.04.00' />
  <meta name='ocr-capabilities' content='ocr_page ocr_carea ocr_par ocr_line ocrx_word'/>
</head>
<body>
  <div class='ocr_page' id='page_1' title='image "./actaarchivivene00sergoog_0619.png"; bbox 0 0 3234 5116; ppageno 0'>
   <div class='ocr_carea' id='block_1_1' title="bbox 183 595 1283 2505">
    <p class='ocr_par' dir='ltr' id='par_1_1' title="bbox 183 595 1283 2505">
     <span class='ocr_line' id='line_1_1' title="bbox 186 595 1282 712; baseline 0.005 -28"><span class='ocrx_word' id='word_1_1' title='bbox 186 605 271 694; x_wconf 79' lang='lat' dir='ltr'><strong>do,</strong></span> <span class='ocrx_word' id='word_1_2' title='bbox 312 603 426 682; x_wconf 81' lang='lat' dir='ltr'><strong>tuum</strong></span> <span class='ocrx_word' id='word_1_3' title='bbox 460 621 585 684; x_wconf 72' lang='lat' dir='ltr'><strong>strum</strong></span> <span class='ocrx_word' id='word_1_4' title='bbox 612 595 826 686; x_wconf 69' lang='lat' dir='ltr'><strong>«lominum</strong></span> <span class='ocrx_word' id='word_1_5' title='bbox 867 619 1038 712; x_wconf 82' lang='lat' dir='ltr'><strong>semper</strong></span> <span class='ocrx_word' id='word_1_6' title='bbox 1078 607 1211 688; x_wconf 75' lang='lat' dir='ltr'><strong>luisse</strong></span> <span class='ocrx_word' id='word_1_7' title='bbox 1238 614 1282 689; x_wconf 82' lang='lat' dir='ltr'><strong>st</strong></span> 
     </span>
     <span class='ocr_line' id='line_1_2' title="bbox 187 725 1281 831; baseline 0.003 -29"><span class='ocrx_word' id='word_1_8' title='bbox 187 725 469 807; x_wconf 76' lang='lat' dir='ltr'><strong>essebonum</strong></span> <span class='ocrx_word' id='word_1_9' title='bbox 499 727 677 808; x_wconf 84' lang='lat' dir='ltr'><strong>amicum</strong></span> <span class='ocrx_word' id='word_1_10' title='bbox 716 726 855 804; x_wconf 78' lang='lat' dir='ltr'><strong>nostrl·</strong></span> <span class='ocrx_word' id='word_1_11' title='bbox 877 725 1069 814; x_wconf 86' lang='lat' dir='ltr'><strong>dominii,</strong></span> <span class='ocrx_word' id='word_1_12' title='bbox 1111 727 1281 831; x_wconf 77' lang='lat' dir='ltr'><strong>petierit</strong></span> 
     </span>
     <span class='ocr_line' id='line_1_3' title="bbox 187 843 1279 948; baseline 0.004 -24"><span class='ocrx_word' id='word_1_13' title='bbox 187 853 310 948; x_wconf 84' lang='lat' dir='ltr'><strong>parte</strong></span> <span class='ocrx_word' id='word_1_14' title='bbox 338 847 497 926; x_wconf 87' lang='lat' dir='ltr'><strong>domini</strong></span> <span class='ocrx_word' id='word_1_15' title='bbox 520 848 610 944; x_wconf 76' lang='lat' dir='ltr'><strong>sul.</strong></span> <span class='ocrx_word' id='word_1_16' title='bbox 639 845 750 948; x_wconf 86' lang='lat' dir='ltr'><strong>quod</strong></span> <span class='ocrx_word' id='word_1_17' title='bbox 780 843 1041 924; x_wconf 74' lang='lat' dir='ltr'><strong>Scutnru</strong></span> <span class='ocrx_word' id='word_1_18' title='bbox 1056 865 1105 923; x_wconf 90' lang='lat' dir='ltr'><strong>m·</strong></span> <span class='ocrx_word' id='word_1_19' title='bbox 1132 860 1173 928; x_wconf 81' lang='lat' dir='ltr'><strong>et</strong></span> <span class='ocrx_word' id='word_1_20' title='bbox 1201 849 1279 928; x_wconf 78' lang='lat' dir='ltr'><strong>ulia</strong></span> 
     </span>
     <span class='ocr_line' id='line_1_4' title="bbox 188 965 1280 1070; baseline 0.001 -27"><span class='ocrx_word' id='word_1_21' title='bbox 188 969 283 1044; x_wconf 81' lang='lat' dir='ltr'><strong>loon</strong></span> <span class='ocrx_word' id='word_1_22' title='bbox 312 977 421 1070; x_wconf 80' lang='lat' dir='ltr'><strong>qlrae</strong></span> <span class='ocrx_word' id='word_1_23' title='bbox 449 973 639 1044; x_wconf 85' lang='lat' dir='ltr'><strong>tenemus</strong></span> <span class='ocrx_word' id='word_1_24' title='bbox 669 967 708 1044; x_wconf 92' lang='lat' dir='ltr'><strong>in</strong></span> <span class='ocrx_word' id='word_1_25' title='bbox 737 965 927 1069; x_wconf 85' lang='lat' dir='ltr'><strong>partibus</strong></span> <span class='ocrx_word' id='word_1_26' title='bbox 957 967 1055 1054; x_wconf 86' lang='lat' dir='ltr'><strong>illis.</strong></span> <span class='ocrx_word' id='word_1_27' title='bbox 1084 989 1192 1070; x_wconf 84' lang='lat' dir='ltr'><strong>quae</strong></span> <span class='ocrx_word' id='word_1_28' title='bbox 1222 989 1280 1046; x_wconf 79' lang='lat' dir='ltr'><strong>ss-</strong></span> 
     </span>
     <span class='ocr_line' id='line_1_5' title="bbox 186 1087 1283 1192; baseline 0.004 -28"><span class='ocrx_word' id='word_1_29' title='bbox 186 1087 290 1170; x_wconf 85' lang='lat' dir='ltr'><strong>serit</strong></span> <span class='ocrx_word' id='word_1_30' title='bbox 315 1089 369 1164; x_wconf 76' lang='lat' dir='ltr'><strong>ad</strong></span> <span class='ocrx_word' id='word_1_31' title='bbox 395 1113 442 1166; x_wconf 89' lang='lat' dir='ltr'><strong>se</strong></span> <span class='ocrx_word' id='word_1_32' title='bbox 470 1093 666 1190; x_wconf 83' lang='lat' dir='ltr'><strong>spectare</strong></span> <span class='ocrx_word' id='word_1_33' title='bbox 697 1095 739 1166; x_wconf 90' lang='lat' dir='ltr'><strong>et</strong></span> <span class='ocrx_word' id='word_1_34' title='bbox 767 1088 1008 1192; x_wconf 86' lang='lat' dir='ltr'><strong>pertinere,</strong></span> <span class='ocrx_word' id='word_1_35' title='bbox 1051 1091 1200 1168; x_wconf 74' lang='lat' dir='ltr'><strong>domins</strong></span> <span class='ocrx_word' id='word_1_36' title='bbox 1228 1094 1283 1168; x_wconf 78' lang='lat' dir='ltr'><strong>ei·</strong></span> 
     </span>
     <span class='ocr_line' id='line_1_6' title="bbox 183 1206 1281 1314; baseline 0.001 -28"><span class='ocrx_word' id='word_1_37' title='bbox 183 1209 501 1297; x_wconf 81' lang='lat' dir='ltr'><strong>demdomino,</strong></span> <span class='ocrx_word' id='word_1_38' title='bbox 529 1231 582 1288; x_wconf 90' lang='lat' dir='ltr'><strong>ne</strong></span> <span class='ocrx_word' id='word_1_39' title='bbox 610 1233 779 1286; x_wconf 86' lang='lat' dir='ltr'><strong>causam</strong></span> <span class='ocrx_word' id='word_1_40' title='bbox 807 1207 960 1287; x_wconf 85' lang='lat' dir='ltr'><strong>babeat</strong></span> <span class='ocrx_word' id='word_1_41' title='bbox 993 1209 1120 1289; x_wconf 82' lang='lat' dir='ltr'><strong>aliter</strong></span> <span class='ocrx_word' id='word_1_42' title='bbox 1144 1206 1281 1314; x_wconf 84' lang='lat' dir='ltr'><strong>provi·</strong></span> 
     </span>
     <span class='ocr_line' id='line_1_7' title="bbox 186 1330 1278 1434; baseline 0.002 -28"><span class='ocrx_word' id='word_1_43' title='bbox 186 1331 326 1428; x_wconf 79' lang='lat' dir='ltr'><strong>(leudi,</strong></span> <span class='ocrx_word' id='word_1_44' title='bbox 357 1330 511 1410; x_wconf 87' lang='lat' dir='ltr'><strong>bonum</strong></span> <span class='ocrx_word' id='word_1_45' title='bbox 541 1332 707 1409; x_wconf 88' lang='lat' dir='ltr'><strong>sitnon</strong></span> <span class='ocrx_word' id='word_1_46' title='bbox 736 1330 932 1414; x_wconf 76' lang='lat' dir='ltr'><strong>differre,</strong></span> <span class='ocrx_word' id='word_1_47' title='bbox 975 1338 1058 1408; x_wconf 89' lang='lat' dir='ltr'><strong>tam</strong></span> <span class='ocrx_word' id='word_1_48' title='bbox 1087 1351 1168 1434; x_wconf 91' lang='lat' dir='ltr'><strong>pro</strong></span> <span class='ocrx_word' id='word_1_49' title='bbox 1198 1347 1278 1410; x_wconf 86' lang='lat' dir='ltr'><strong>res·</strong></span> 
     </span>
     <span class='ocr_line' id='line_1_8' title="bbox 185 1451 1279 1556; baseline 0 -28"><span class='ocrx_word' id='word_1_50' title='bbox 185 1454 413 1556; x_wconf 83' lang='lat' dir='ltr'><strong>pondendo</strong></span> <span class='ocrx_word' id='word_1_51' title='bbox 454 1475 534 1555; x_wconf 83' lang='lat' dir='ltr'><strong>pro</strong></span> <span class='ocrx_word' id='word_1_52' title='bbox 563 1451 859 1530; x_wconf 78' lang='lat' dir='ltr'><strong>iustificatione</strong></span> <span class='ocrx_word' id='word_1_53' title='bbox 901 1455 1141 1528; x_wconf 84' lang='lat' dir='ltr'><strong>nostrarum</strong></span> <span class='ocrx_word' id='word_1_54' title='bbox 1179 1452 1279 1550; x_wconf 77' lang='lat' dir='ltr'><strong>juri·</strong></span> 
     </span>
     <span class='ocr_line' id='line_1_9' title="bbox 187 1569 1281 1675; baseline 0.001 -27"><span class='ocrx_word' id='word_1_55' title='bbox 187 1593 279 1662; x_wconf 73' lang='lat' dir='ltr'><strong>urm,</strong></span> <span class='ocrx_word' id='word_1_56' title='bbox 318 1587 441 1674; x_wconf 79' lang='lat' dir='ltr'><strong>quam</strong></span> <span class='ocrx_word' id='word_1_57' title='bbox 482 1571 749 1675; x_wconf 87' lang='lat' dir='ltr'><strong>providendo</strong></span> <span class='ocrx_word' id='word_1_58' title='bbox 793 1578 837 1650; x_wconf 88' lang='lat' dir='ltr'><strong>et</strong></span> <span class='ocrx_word' id='word_1_59' title='bbox 878 1569 1083 1650; x_wconf 82' lang='lat' dir='ltr'><strong>trahendo</strong></span> <span class='ocrx_word' id='word_1_60' title='bbox 1125 1569 1176 1648; x_wconf 83' lang='lat' dir='ltr'><strong>ab</strong></span> <span class='ocrx_word' id='word_1_61' title='bbox 1213 1595 1281 1656; x_wconf 78' lang='lat' dir='ltr'><strong>eo.</strong></span> 
     </span>
     <span class='ocr_line' id='line_1_10' title="bbox 187 1690 1281 1794; baseline -0.001 -24"><span class='ocrx_word' id='word_1_62' title='bbox 187 1700 324 1773; x_wconf 84' lang='lat' dir='ltr'><strong>utrum</strong></span> <span class='ocrx_word' id='word_1_63' title='bbox 353 1692 601 1776; x_wconf 85' lang='lat' dir='ltr'><strong>babeatalin</strong></span> <span class='ocrx_word' id='word_1_64' title='bbox 632 1690 870 1780; x_wconf 81' lang='lat' dir='ltr'><strong>referenda,</strong></span> <span class='ocrx_word' id='word_1_65' title='bbox 898 1696 942 1784; x_wconf 88' lang='lat' dir='ltr'><strong>ul</strong></span> <span class='ocrx_word' id='word_1_66' title='bbox 968 1695 1117 1794; x_wconf 86' lang='lat' dir='ltr'><strong>presto</strong></span> <span class='ocrx_word' id='word_1_67' title='bbox 1147 1691 1281 1770; x_wconf 87' lang='lat' dir='ltr'><strong>venia·</strong></span> 
     </span>
     <span class='ocr_line' id='line_1_11' title="bbox 186 1810 1281 1916; baseline -0.004 -24"><span class='ocrx_word' id='word_1_68' title='bbox 186 1835 278 1902; x_wconf 87' lang='lat' dir='ltr'><strong>mus</strong></span> <span class='ocrx_word' id='word_1_69' title='bbox 306 1816 357 1892; x_wconf 89' lang='lat' dir='ltr'><strong>ad</strong></span> <span class='ocrx_word' id='word_1_70' title='bbox 386 1813 709 1894; x_wconf 76' lang='lat' dir='ltr'><strong>conclusionem</strong></span> <span class='ocrx_word' id='word_1_71' title='bbox 734 1813 962 1916; x_wconf 74' lang='lat' dir='ltr'>superinde</span> <span class='ocrx_word' id='word_1_72' title='bbox 989 1810 1180 1892; x_wconf 84' lang='lat' dir='ltr'><strong>flendam.</strong></span> <span class='ocrx_word' id='word_1_73' title='bbox 1206 1812 1281 1888; x_wconf 85' lang='lat' dir='ltr'><strong>Vn·</strong></span> 
     </span>
     <span class='ocr_line' id='line_1_12' title="bbox 188 1933 1282 2038; baseline -0.003 -26"><span class='ocrx_word' id='word_1_74' title='bbox 188 1935 248 2014; x_wconf 90' lang='lat' dir='ltr'><strong>dlt</strong></span> <span class='ocrx_word' id='word_1_75' title='bbox 275 1954 385 2038; x_wconf 85' lang='lat' dir='ltr'><strong>pars,</strong></span> <span class='ocrx_word' id='word_1_76' title='bbox 412 1933 527 2036; x_wconf 86' lang='lat' dir='ltr'><strong>quod</strong></span> <span class='ocrx_word' id='word_1_77' title='bbox 555 1935 671 2014; x_wconf 84' lang='lat' dir='ltr'><strong>dicto</strong></span> <span class='ocrx_word' id='word_1_78' title='bbox 699 1933 989 2012; x_wconf 84' lang='lat' dir='ltr'><strong>ambassiatovi</strong></span> <span class='ocrx_word' id='word_1_79' title='bbox 1031 1936 1282 2036; x_wconf 76' lang='lat' dir='ltr'><strong>respondea-</strong></span> 
     </span>
     <span class='ocr_line' id='line_1_13' title="bbox 187 2050 1281 2154; baseline 0.001 -24"><span class='ocrx_word' id='word_1_80' title='bbox 187 2062 254 2132; x_wconf 85' lang='lat' dir='ltr'><strong>tur</strong></span> <span class='ocrx_word' id='word_1_81' title='bbox 280 2057 329 2132; x_wconf 87' lang='lat' dir='ltr'><strong>in.</strong></span> <span class='ocrx_word' id='word_1_82' title='bbox 348 2053 429 2133; x_wconf 89' lang='lat' dir='ltr'><strong>hac</strong></span> <span class='ocrx_word' id='word_1_83' title='bbox 458 2050 619 2142; x_wconf 82' lang='lat' dir='ltr'><strong>forma.</strong></span> <span class='ocrx_word' id='word_1_84' title='bbox 645 2053 867 2132; x_wconf 71' lang='lat' dir='ltr'><strong>videlicetz</strong></span> <span class='ocrx_word' id='word_1_85' title='bbox 911 2053 1034 2154; x_wconf 81' lang='lat' dir='ltr'><strong>Quod</strong></span> <span class='ocrx_word' id='word_1_86' title='bbox 1062 2053 1212 2133; x_wconf 83' lang='lat' dir='ltr'><strong>auditis</strong></span> <span class='ocrx_word' id='word_1_87' title='bbox 1239 2061 1281 2131; x_wconf 82' lang='lat' dir='ltr'><strong>ot</strong></span> 
     </span>
     <span class='ocr_line' id='line_1_14' title="bbox 186 2173 1281 2279; baseline -0.001 -27"><span class='ocrx_word' id='word_1_88' title='bbox 186 2176 411 2255; x_wconf 70' lang='lat' dir='ltr'><strong>intellectis</strong></span> <span class='ocrx_word' id='word_1_89' title='bbox 441 2175 649 2279; x_wconf 85' lang='lat' dir='ltr'><strong>expositis</strong></span> <span class='ocrx_word' id='word_1_90' title='bbox 685 2197 764 2278; x_wconf 79' lang='lat' dir='ltr'><strong>pel·</strong></span> <span class='ocrx_word' id='word_1_91' title='bbox 789 2196 886 2254; x_wconf 89' lang='lat' dir='ltr'><strong>eum</strong></span> <span class='ocrx_word' id='word_1_92' title='bbox 915 2183 1065 2254; x_wconf 85' lang='lat' dir='ltr'><strong>nostro</strong></span> <span class='ocrx_word' id='word_1_93' title='bbox 1091 2173 1281 2252; x_wconf 86' lang='lat' dir='ltr'><strong>dominio</strong></span> 
     </span>
     <span class='ocr_line' id='line_1_15' title="bbox 187 2289 1282 2398; baseline -0.004 -22"><span class='ocrx_word' id='word_1_94' title='bbox 187 2301 308 2398; x_wconf 85' lang='lat' dir='ltr'><strong>parte</strong></span> <span class='ocrx_word' id='word_1_95' title='bbox 348 2295 627 2384; x_wconf 75' lang='lat' dir='ltr'><strong>commissi,</strong></span> <span class='ocrx_word' id='word_1_96' title='bbox 673 2303 716 2373; x_wconf 91' lang='lat' dir='ltr'><strong>et</strong></span> <span class='ocrx_word' id='word_1_97' title='bbox 743 2313 934 2397; x_wconf 76' lang='lat' dir='ltr'><strong>magnam</strong></span> <span class='ocrx_word' id='word_1_98' title='bbox 963 2289 1282 2375; x_wconf 73' lang='lat' dir='ltr'><strong>admirationem</strong></span> 
     </span>
     <span class='ocr_line' id='line_1_16' title="bbox 186 2415 1282 2505; baseline -0.003 -11"><span class='ocrx_word' id='word_1_99' title='bbox 186 2415 400 2505; x_wconf 81' lang='lat' dir='ltr'><strong>habemus,</strong></span> <span class='ocrx_word' id='word_1_100' title='bbox 428 2421 589 2494; x_wconf 82' lang='lat' dir='ltr'><strong>namet</strong></span> <span class='ocrx_word' id='word_1_101' title='bbox 613 2419 786 2498; x_wconf 84' lang='lat' dir='ltr'><strong>domino</strong></span> <span class='ocrx_word' id='word_1_102' title='bbox 808 2439 887 2496; x_wconf 90' lang='lat' dir='ltr'><strong>suo</strong></span> <span class='ocrx_word' id='word_1_103' title='bbox 917 2421 984 2494; x_wconf 84' lang='lat' dir='ltr'><strong>est</strong></span> <span class='ocrx_word' id='word_1_104' title='bbox 1002 2415 1282 2504; x_wconf 63' lang='lat' dir='ltr'><strong>manifestum,</strong></span> 
     </span>
    </p>
   </div>
   <div class='ocr_carea' id='block_1_2' title="bbox 185 2537 1283 2881">
    <p class='ocr_par' dir='ltr' id='par_1_2' title="bbox 185 2537 1283 2881">
     <span class='ocr_line' id='line_1_17' title="bbox 185 2537 1281 2646; baseline 0.001 -31"><span class='ocrx_word' id='word_1_105' title='bbox 185 2537 407 2618; x_wconf 78' lang='lat' dir='ltr'><strong>habuimus</strong></span> <span class='ocrx_word' id='word_1_106' title='bbox 448 2539 625 2642; x_wconf 77' lang='lat' dir='ltr'><strong>paullino</strong></span> <span class='ocrx_word' id='word_1_107' title='bbox 666 2566 745 2646; x_wconf 83' lang='lat' dir='ltr'><strong>per</strong></span> <span class='ocrx_word' id='word_1_108' title='bbox 772 2540 1035 2622; x_wconf 85' lang='lat' dir='ltr'><strong>amicabilem</strong></span> <span class='ocrx_word' id='word_1_109' title='bbox 1074 2539 1281 2644; x_wconf 88' lang='lat' dir='ltr'><strong>composi·</strong></span> 
     </span>
     <span class='ocr_line' id='line_1_18' title="bbox 187 2658 1281 2764; baseline 0.002 -28"><span class='ocrx_word' id='word_1_110' title='bbox 187 2660 358 2751; x_wconf 85' lang='lat' dir='ltr'><strong>tionem,</strong></span> <span class='ocrx_word' id='word_1_111' title='bbox 386 2665 599 2764; x_wconf 86' lang='lat' dir='ltr'><strong>quondam</strong></span> <span class='ocrx_word' id='word_1_112' title='bbox 627 2687 650 2740; x_wconf 88' lang='lat' dir='ltr'><strong>a</strong></span> <span class='ocrx_word' id='word_1_113' title='bbox 678 2665 903 2763; x_wconf 79' lang='lat' dir='ltr'><strong>magnillco</strong></span> <span class='ocrx_word' id='word_1_114' title='bbox 933 2662 1164 2742; x_wconf 82' lang='lat' dir='ltr'><strong>donnino</strong></span> <span class='ocrx_word' id='word_1_115' title='bbox 1191 2658 1281 2738; x_wconf 77' lang='lat' dir='ltr'><strong>lie·</strong></span> 
     </span>
     <span class='ocr_line' id='line_1_19' title="bbox 187 2779 1283 2881; baseline 0.003 -24"><span class='ocrx_word' id='word_1_116' title='bbox 187 2781 361 2881; x_wconf 81' lang='lat' dir='ltr'><strong>orgio</strong></span> <span class='ocrx_word' id='word_1_117' title='bbox 390 2782 743 2867; x_wconf 79' lang='lat' dir='ltr'><strong>Stranimivi.</strong></span> <span class='ocrx_word' id='word_1_118' title='bbox 772 2783 1080 2863; x_wconf 79' lang='lat' dir='ltr'><strong>Scotorum</strong></span> <span class='ocrx_word' id='word_1_119' title='bbox 1110 2779 1283 2860; x_wconf 71' lang='lat' dir='ltr'><strong>ellini-</strong></span> 
     </span>
    </p>
   </div>
   <div class='ocr_carea' id='block_1_3' title="bbox 184 2901 1284 3968">
    <p class='ocr_par' dir='ltr' id='par_1_3' title="bbox 184 2901 1284 3968">
     <span class='ocr_line' id='line_1_20' title="bbox 185 2901 1283 3003; baseline 0.003 -27"><span class='ocrx_word' id='word_1_120' title='bbox 185 2909 358 2980; x_wconf 83' lang='lat' dir='ltr'><strong>vastu</strong></span> <span class='ocrx_word' id='word_1_121' title='bbox 375 2925 431 2996; x_wconf 88' lang='lat' dir='ltr'><strong>m,</strong></span> <span class='ocrx_word' id='word_1_122' title='bbox 459 2923 554 2982; x_wconf 92' lang='lat' dir='ltr'><strong>cum</strong></span> <span class='ocrx_word' id='word_1_123' title='bbox 583 2904 822 2996; x_wconf 86' lang='lat' dir='ltr'><strong>territoriis,</strong></span> <span class='ocrx_word' id='word_1_124' title='bbox 844 2901 1211 3003; x_wconf 76' lang='lat' dir='ltr'><strong>jurisdictionibus</strong></span> <span class='ocrx_word' id='word_1_125' title='bbox 1240 2907 1283 2979; x_wconf 90' lang='lat' dir='ltr'><strong>el</strong></span> 
     </span>
     <span class='ocr_line' id='line_1_21' title="bbox 184 3021 1283 3126; baseline -0.002 -28"><span class='ocrx_word' id='word_1_126' title='bbox 184 3023 446 3125; x_wconf 87' lang='lat' dir='ltr'><strong>pertinentiis</strong></span> <span class='ocrx_word' id='word_1_127' title='bbox 473 3021 571 3113; x_wconf 84' lang='lat' dir='ltr'><strong>suis,</strong></span> <span class='ocrx_word' id='word_1_128' title='bbox 592 3045 645 3104; x_wconf 80' lang='lat' dir='ltr'><strong>ex</strong></span> <span class='ocrx_word' id='word_1_129' title='bbox 661 3023 877 3104; x_wconf 85' lang='lat' dir='ltr'><strong>habitione</strong></span> <span class='ocrx_word' id='word_1_130' title='bbox 907 3035 1086 3126; x_wconf 82' lang='lat' dir='ltr'><strong>quorum</strong></span> <span class='ocrx_word' id='word_1_131' title='bbox 1114 3039 1283 3098; x_wconf 84' lang='lat' dir='ltr'><strong>conser-</strong></span> 
     </span>
     <span class='ocr_line' id='line_1_22' title="bbox 186 3143 1283 3248; baseline 0.001 -32"><span class='ocrx_word' id='word_1_132' title='bbox 186 3144 373 3222; x_wconf 87' lang='lat' dir='ltr'><strong>vavimus</strong></span> <span class='ocrx_word' id='word_1_133' title='bbox 413 3143 553 3222; x_wconf 88' lang='lat' dir='ltr'><strong>omnia</strong></span> <span class='ocrx_word' id='word_1_134' title='bbox 595 3145 691 3226; x_wconf 88' lang='lat' dir='ltr'><strong>loca</strong></span> <span class='ocrx_word' id='word_1_135' title='bbox 718 3143 882 3222; x_wconf 87' lang='lat' dir='ltr'><strong>illarum</strong></span> <span class='ocrx_word' id='word_1_136' title='bbox 920 3143 1128 3248; x_wconf 85' lang='lat' dir='ltr'><strong>partium,</strong></span> <span class='ocrx_word' id='word_1_137' title='bbox 1174 3159 1283 3242; x_wconf 79' lang='lat' dir='ltr'><strong>quae</strong></span> 
     </span>
     <span class='ocr_line' id='line_1_23' title="bbox 186 3261 1282 3365; baseline -0.003 -26"><span class='ocrx_word' id='word_1_138' title='bbox 186 3261 268 3340; x_wconf 83' lang='lat' dir='ltr'><strong>lllsi</strong></span> <span class='ocrx_word' id='word_1_139' title='bbox 296 3263 447 3343; x_wconf 83' lang='lat' dir='ltr'><strong>luisset</strong></span> <span class='ocrx_word' id='word_1_140' title='bbox 477 3285 624 3364; x_wconf 83' lang='lat' dir='ltr'><strong>magna</strong></span> <span class='ocrx_word' id='word_1_141' title='bbox 651 3262 873 3342; x_wconf 81' lang='lat' dir='ltr'><strong>subventio</strong></span> <span class='ocrx_word' id='word_1_142' title='bbox 903 3273 1047 3346; x_wconf 87' lang='lat' dir='ltr'><strong>nostra</strong></span> <span class='ocrx_word' id='word_1_143' title='bbox 1078 3284 1156 3365; x_wconf 87' lang='lat' dir='ltr'><strong>per</strong></span> <span class='ocrx_word' id='word_1_144' title='bbox 1183 3267 1282 3340; x_wconf 73' lang='lat' dir='ltr'><strong>tem·</strong></span> 
     </span>
     <span class='ocr_line' id='line_1_24' title="bbox 187 3379 1283 3488; baseline -0.005 -27"><span class='ocrx_word' id='word_1_145' title='bbox 187 3400 296 3488; x_wconf 84' lang='lat' dir='ltr'><strong>poro</strong></span> <span class='ocrx_word' id='word_1_146' title='bbox 323 3383 458 3470; x_wconf 73' lang='lat' dir='ltr'><strong>illota,</strong></span> <span class='ocrx_word' id='word_1_147' title='bbox 485 3385 780 3486; x_wconf 86' lang='lat' dir='ltr'><strong>pervenissent</strong></span> <span class='ocrx_word' id='word_1_148' title='bbox 808 3409 863 3464; x_wconf 86' lang='lat' dir='ltr'><strong>ex</strong></span> <span class='ocrx_word' id='word_1_149' title='bbox 892 3379 1211 3487; x_wconf 83' lang='lat' dir='ltr'><strong>opressionibus</strong></span> <span class='ocrx_word' id='word_1_150' title='bbox 1238 3385 1283 3456; x_wconf 85' lang='lat' dir='ltr'><strong>et</strong></span> 
     </span>
     <span class='ocr_line' id='line_1_25' title="bbox 187 3499 1282 3595; baseline -0.004 -15"><span class='ocrx_word' id='word_1_151' title='bbox 187 3499 557 3584; x_wconf 70' lang='lat' dir='ltr'><strong>molestationibus</strong></span> <span class='ocrx_word' id='word_1_152' title='bbox 586 3505 723 3595; x_wconf 82' lang='lat' dir='ltr'><strong>illatis,</strong></span> <span class='ocrx_word' id='word_1_153' title='bbox 752 3505 963 3584; x_wconf 88' lang='lat' dir='ltr'><strong>admanus</strong></span> <span class='ocrx_word' id='word_1_154' title='bbox 991 3503 1282 3594; x_wconf 73' lang='lat' dir='ltr'><strong>Turonorum,</strong></span> 
     </span>
     <span class='ocr_line' id='line_1_26' title="bbox 188 3625 1284 3728; baseline -0.001 -27"><span class='ocrx_word' id='word_1_155' title='bbox 188 3629 232 3702; x_wconf 84' lang='lat' dir='ltr'><strong>et</strong></span> <span class='ocrx_word' id='word_1_156' title='bbox 259 3639 355 3705; x_wconf 85' lang='lat' dir='ltr'><strong>cum</strong></span> <span class='ocrx_word' id='word_1_157' title='bbox 382 3625 496 3706; x_wconf 86' lang='lat' dir='ltr'><strong>dicto</strong></span> <span class='ocrx_word' id='word_1_158' title='bbox 524 3626 697 3704; x_wconf 88' lang='lat' dir='ltr'><strong>domino</strong></span> <span class='ocrx_word' id='word_1_159' title='bbox 726 3627 939 3726; x_wconf 76' lang='lat' dir='ltr'><strong>lieorgio‚</strong></span> <span class='ocrx_word' id='word_1_160' title='bbox 982 3644 1107 3728; x_wconf 88' lang='lat' dir='ltr'><strong>quem</strong></span> <span class='ocrx_word' id='word_1_161' title='bbox 1135 3629 1178 3701; x_wconf 90' lang='lat' dir='ltr'><strong>et</strong></span> <span class='ocrx_word' id='word_1_162' title='bbox 1206 3625 1284 3700; x_wconf 79' lang='lat' dir='ltr'><strong>sta·</strong></span> 
     </span>
     <span class='ocr_line' id='line_1_27' title="bbox 187 3741 1283 3834; baseline -0.008 -11"><span class='ocrx_word' id='word_1_163' title='bbox 187 3751 273 3824; x_wconf 85' lang='lat' dir='ltr'><strong>tutu</strong></span> <span class='ocrx_word' id='word_1_164' title='bbox 302 3767 423 3824; x_wconf 88' lang='lat' dir='ltr'><strong>suum</strong></span> <span class='ocrx_word' id='word_1_165' title='bbox 453 3747 818 3834; x_wconf 74' lang='lat' dir='ltr'><strong>conservavimus,</strong></span> <span class='ocrx_word' id='word_1_166' title='bbox 860 3755 904 3825; x_wconf 89' lang='lat' dir='ltr'><strong>ut</strong></span> <span class='ocrx_word' id='word_1_167' title='bbox 931 3753 997 3823; x_wconf 83' lang='lat' dir='ltr'><strong>est</strong></span> <span class='ocrx_word' id='word_1_168' title='bbox 1024 3743 1203 3833; x_wconf 87' lang='lat' dir='ltr'><strong>dictum,</strong></span> <span class='ocrx_word' id='word_1_169' title='bbox 1228 3741 1283 3818; x_wconf 80' lang='lat' dir='ltr'><strong>ri.</strong></span> 
     </span>
     <span class='ocr_line' id='line_1_28' title="bbox 186 3861 1282 3968; baseline -0.005 -24"><span class='ocrx_word' id='word_1_170' title='bbox 186 3866 323 3944; x_wconf 69' lang='lat' dir='ltr'><strong>ulmus</strong></span> <span class='ocrx_word' id='word_1_171' title='bbox 349 3871 391 3946; x_wconf 93' lang='lat' dir='ltr'><strong>in</strong></span> <span class='ocrx_word' id='word_1_172' title='bbox 413 3865 525 3947; x_wconf 91' lang='lat' dir='ltr'><strong>bona</strong></span> <span class='ocrx_word' id='word_1_173' title='bbox 549 3867 837 3946; x_wconf 86' lang='lat' dir='ltr'><strong>benivolentia</strong></span> <span class='ocrx_word' id='word_1_174' title='bbox 865 3875 907 3944; x_wconf 88' lang='lat' dir='ltr'><strong>et</strong></span> <span class='ocrx_word' id='word_1_175' title='bbox 927 3888 1049 3968; x_wconf 81' lang='lat' dir='ltr'><strong>paoe3</strong></span> <span class='ocrx_word' id='word_1_176' title='bbox 1075 3865 1159 3942; x_wconf 42' lang='lat' dir='ltr'><strong>ssd«</strong></span> <span class='ocrx_word' id='word_1_177' title='bbox 1179 3861 1282 3938; x_wconf 81' lang='lat' dir='ltr'><strong>Ral-</strong></span> 
     </span>
    </p>
   </div>
   <div class='ocr_carea' id='block_1_4' title="bbox 188 3984 1440 4092">
    <p class='ocr_par' dir='ltr' id='par_1_4' title="bbox 188 3984 1440 4092">
     <span class='ocr_line' id='line_1_29' title="bbox 188 3984 1440 4092; baseline -0.01 -27"><span class='ocrx_word' id='word_1_178' title='bbox 188 4011 240 4064; x_wconf 88' lang='lat' dir='ltr'><strong>sn</strong></span> <span class='ocrx_word' id='word_1_179' title='bbox 265 3995 417 4092; x_wconf 78' lang='lat' dir='ltr'><strong>postea</strong></span> <span class='ocrx_word' id='word_1_180' title='bbox 446 3996 595 4069; x_wconf 84' lang='lat' dir='ltr'><strong>contro</strong></span> <span class='ocrx_word' id='word_1_181' title='bbox 619 3989 745 4068; x_wconf 85' lang='lat' dir='ltr'><strong>iidem</strong></span> <span class='ocrx_word' id='word_1_182' title='bbox 773 3997 817 4066; x_wconf 91' lang='lat' dir='ltr'><strong>et</strong></span> <span class='ocrx_word' id='word_1_183' title='bbox 843 3984 1147 4090; x_wconf 74' lang='lat' dir='ltr'><strong>promissiones</strong></span> <span class='ocrx_word' id='word_1_184' title='bbox 1172 4003 1283 4062; x_wconf 62' lang='lat' dir='ltr'><strong>suess</strong></span> <span class='ocrx_word' id='word_1_185' title='bbox 1437 4038 1440 4052; x_wconf 82' lang='lat'>.</span> 
     </span>
    </p>
   </div>
   <div class='ocr_carea' id='block_1_5' title="bbox 188 4108 1283 4336">
    <p class='ocr_par' dir='ltr' id='par_1_5' title="bbox 188 4108 1283 4336">
     <span class='ocr_line' id='line_1_30' title="bbox 189 4108 1283 4215; baseline -0.008 -25"><span class='ocrx_word' id='word_1_186' title='bbox 189 4110 355 4215; x_wconf 84' lang='lat' dir='ltr'><strong>accepit</strong></span> <span class='ocrx_word' id='word_1_187' title='bbox 404 4113 456 4188; x_wconf 89' lang='lat' dir='ltr'><strong>de</strong></span> <span class='ocrx_word' id='word_1_188' title='bbox 499 4112 690 4188; x_wconf 86' lang='lat' dir='ltr'><strong>manibus</strong></span> <span class='ocrx_word' id='word_1_189' title='bbox 731 4108 887 4187; x_wconf 83' lang='lat' dir='ltr'><strong>nostris</strong></span> <span class='ocrx_word' id='word_1_190' title='bbox 932 4108 1283 4186; x_wconf 77' lang='lat' dir='ltr'><strong>Drlvastum·</strong></span> 
     </span>
     <span class='ocr_line' id='line_1_31' title="bbox 188 4225 1283 4336; baseline -0.011 -23"><span class='ocrx_word' id='word_1_191' title='bbox 188 4257 314 4336; x_wconf 92' lang='lat' dir='ltr'><strong>quem</strong></span> <span class='ocrx_word' id='word_1_192' title='bbox 361 4231 539 4312; x_wconf 82' lang='lat' dir='ltr'><strong>invidiae</strong></span> <span class='ocrx_word' id='word_1_193' title='bbox 568 4229 940 4334; x_wconf 75' lang='lat' dir='ltr'><strong>recuperavimus,</strong></span> <span class='ocrx_word' id='word_1_194' title='bbox 995 4237 1038 4306; x_wconf 80' lang='lat' dir='ltr'><strong>et</strong></span> <span class='ocrx_word' id='word_1_195' title='bbox 1076 4229 1132 4306; x_wconf 89' lang='lat' dir='ltr'><strong>de</strong></span> <span class='ocrx_word' id='word_1_196' title='bbox 1173 4225 1283 4304; x_wconf 80' lang='lat' dir='ltr'><strong>bona</strong></span> 
     </span>
    </p>
   </div>
   <div class='ocr_carea' id='block_1_6' title="bbox 0 0 1628 5116">
    <p class='ocr_par' dir='ltr' id='par_1_6' title="bbox 0 0 1628 5116">
     <span class='ocr_line' id='line_1_32' title="bbox 0 0 1628 5116; baseline 0 0"><span class='ocrx_word' id='word_1_197' title='bbox 0 0 1628 5116; x_wconf 95' lang='lat' dir='ltr'><strong> </strong></span> 
     </span>
    </p>
   </div>
  </div>
 </body>
</html>
