3230 5104
200 571 365 652 minium
407 577 678 652 contentetur
714 595 794 676 per
830 595 926 650 suas
969 571 1287 653 humanissimas

200 697 361 774 litteras
414 693 632 792 regratiari
682 693 836 770 illustri
878 683 1124 774 dominc¹
1155 696 1290 776 duci

200 813 515 920 Stephano,
556 839 635 918 pro
662 815 899 920 paceinita
939 813 1036 896 cnm
1076 812 1290 896 serenissi-

199 963 270 1018 mo
313 937 541 1016 (lumino
583 949 723 1036 re‘ge
766 935 1020 1016 Bussine
1060 937 1288 1034 antedicta,

200 1059 400 1161 quodque
436 1057 631 1137 hortetur
669 1055 808 1159 ipsum
836 1055 887 1134 ad
927 1056 1286 1160 perseverandum

199 1181 238 1256 iu
266 1204 330 1278 ea,
360 1185 403 1257 et
429 1180 613 1280 denique
642 1179 837 1256 ostendat
861 1201 1010 1279 pacem
1041 1185 1084 1257 at
1110 1202 1289 1256 concor·

200 1300 308 1378 diam
335 1301 467 1402 ipsam
496 1299 773 1400 gratissimam
802 1298 1013 1384 habuisse,
1043 1325 1286 1404 cupereque

201 1421 403 1500 maiorem
431 1423 471 1500 in
499 1420 671 1500 modum
698 1419 809 1498 illam
837 1419 930 1498 inre
945 1419 1160 1523 perpetuis
1188 1429 1289 1499 tem·

167 1547 375 1649 ¹poribus
402 1547 653 1623 duraturam.
723 1607 725 1612 .

303 1697 499 1778 Ultimo
529 1701 701 1778 deuolat
728 1699 764 1775 is
781 1699 1025 1798 magnificus
1055 1701 1203 1776 orator
1230 1723 1289 1775 sa·

202 1817 461 1896 renissimum
518 1817 730 1896 dominum
786 1839 981 1917 regem
1036 1817 1290 1896 Bossiue

202 1939 423 2042 prefatum,
452 1945 700 2018 coronatum
733 1939 862 2028 luisse
878 1939 930 2015 de
946 1941 1077 2034 reguo
1106 1965 1183 2017 suo
1198 1963 1289 2042 pre·

201 2061 317 2139 dicto
360 2059 497 2138 libero
543 2061 728 2137 omnium
770 2081 943 2138 suorum
985 2059 1220 2162 principum
1249 2067 1292 2138 et

201 2179 467 2257 dominorum
495 2179 616 2278 regni
642 2179 771 2281 ipsius
814 2201 1049 2265 consensu,
1092 2179 1289 2257 maximo·

202 2321 284 2400 que
326 2299 523 2402 applausu
552 2305 594 2376 et
621 2299 862 2384 alacritate,
904 2299 1013 2377 sicut
1040 2299 1167 2376 etiarn
1202 2297 1291 2404 eius

202 2417 410 2496 relatione
440 2425 642 2497 oretenus
684 2419 794 2497 iacta
823 2443 969 2498 coram
1008 2419 1290 2510 illustrissimo

203 2539 389 2618 dominic
418 2537 630 2619 antedicto
658 2539 822 2642 plenius
839 2539 1068 2629 denotavit,
1097 2539 1210 2642 quod
1238 2539 1292 2616 in-

203 2661 394 2760 telligere
421 2665 584 2762 potest,
611 2661 745 2764 ipsum
775 2661 1090 2738 illustrissimum
1120 2661 1290 2738 domini-

203 2807 271 2860 um
298 2781 376 2860 sibi
412 2781 636 2881 significari
675 2789 796 2885 parte
838 2781 992 2885 prefati
1033 2783 1292 2861 serenissimi

202 2903 360 2981 domini
388 2905 513 3000 regis,
541 2907 735 3004 tanquam
763 2903 815 2981 ad
843 2902 1015 2982 fratrem
1033 2901 1291 2980 carissimum

203 3033 244 3101 et
271 3021 623 3111 amantissimum,
665 3045 757 3100 cum
799 3027 890 3098 toto
931 3045 1066 3122 reguo
1108 3029 1151 3099 et
1182 3026 1292 3097 statu

200 3169 278 3220 stro
317 3143 366 3220 ad
395 3143 602 3218 honorem
631 3145 674 3217 et
714 3144 865 3219 statum
906 3141 1176 3220 illustrissimi
1219 3137 1290 3214 do·

201 3265 315 3344 minii
344 3263 561 3367 sepedicti.
640 3291 645 3302 ·

508 3432 615 3502 Sccr.
641 3433 766 3500 consil.
792 3453 871 3520 rog.
897 3432 972 3498 Lib.
997 3433 1090 3497 XXl.
1116 3435 1172 3500 ch.
1194 3437 1246 3500 69,

204 3749 207 3756 ¹
251 3619 638 3723 CDLXXXIX·
668 3647 780 3722 lucr.
810 3649 845 3720 1.
873 3641 1237 3722 Decembris.

201 3820 473 3896 llpeasoaaeuaa
509 3835 690 3878 saurenaun
726 3835 917 3880 nccaauura
951 3834 1098 3894 aepuera
1133 3820 1290 3877 Crauaua
1372 3895 1374 3899 Ι

404 3925 529 3992 Boane,
555 3939 727 3980 uauoueua
753 3940 853 3994 suana
878 3917 1088 3982 Massanioi.

301 4069 547 4151 Ambassata
577 4071 630 4148 dc
660 4070 702 4147 lc
731 4069 1164 4148 illustrissimo
1204 4067 1286 4150 du·

197 4191 300 4272 clra
329 4193 536 4274 Stelan
562 4213 589 4270 o
616 4198 659 4269 et
685 4199 767 4292 etc.
