3224 5110
368 389 436 478 tm

368 595 685 718 requisitionem
723 617 860 689 autem
898 599 1074 690 civitatis
1109 609 1142 686 A
1159 637 1183 688 n
1202 616 1213 688 t
1230 612 1242 688 i
1257 611 1283 686 b
1299 637 1319 687 a
1338 614 1383 688 ri
1400 620 1403 627 ’
1419 617 1460 687 et

370 737 497 816 castri
532 737 827 816 Aimissae
888 733 1108 811 dicimus.
1149 793 1158 810 .
1193 791 1202 810 .
1240 735 1354 834 quod
1411 757 1459 808 ea

369 915 379 934 .
423 915 431 934 .
477 915 486 934 .
532 881 671 958 neque
715 879 934 959 possumus
974 875 1113 955 neque
1156 853 1459 931 intendimusa

320 991 324 998 ’
370 975 492 1053 nubis
523 975 719 1055 alienare.
751 1036 756 1050 .
787 1031 834 1054 ..
872 973 995 1052 Circa
1026 974 1179 1053 fuctum
1207 973 1460 1077 provisionis

371 1103 412 1174 et
440 1099 589 1177 domus
621 1158 631 1179 .
661 1155 670 1176 .
705 1123 804 1198 rpuus
837 1097 1004 1176 dominc
1033 1095 1279 1174 Sandati
1318 1101 1360 1171 et
1390 1079 1460 1196 po·

370 1227 458 1295 stea
486 1221 563 1320 ipsi
591 1277 601 1296 .
633 1277 643 1296 .
673 1277 681 1296 .
711 1220 749 1295 in
788 1215 1007 1306 Cataro
1045 1217 1133 1294 duri
1169 1215 1370 1311 fecimus,
1399 1239 1461 1290 su·

370 1361 460 1413 mus
490 1339 676 1417 contenti
705 1337 785 1414 sibi
815 1361 884 1416 eas
913 1337 1014 1416 dure
1043 1393 1053 1414 .
1085 1394 1095 1415 .
1123 1395 1133 1415 .
1163 1359 1258 1412 cum
1293 1335 1377 1412 hoc
1406 1343 1460 1410 ta·

368 1475 490 1544 men,
520 1461 631 1558 quod
660 1457 727 1534 tue
757 1463 951 1536 teneatur
987 1466 1134 1535 tenere
1163 1461 1315 1534 stratas
1344 1477 1464 1558 aper·

369 1585 431 1654 tas
447 1587 489 1652 et
506 1581 740 1682 expeditas,
756 1579 865 1656 sicut
894 1585 1013 1658 eraut
1040 1579 1245 1681 primitus,
1275 1578 1329 1654 ita
1350 1575 1461 1678 quod

370 1701 650 1778 mercationes
679 1725 853 1780 currere
884 1709 926 1779 et
954 1699 1085 1780 libere
1113 1707 1154 1776 et
1182 1722 1336 1775 secure
1356 1705 1464 1774 tran·

370 1821 454 1898 sire
482 1820 663 1925 possint,
704 1822 811 1901 sicut
840 1823 1033 1924 primitus
1063 1823 1205 1900 facere
1236 1843 1462 1898 consuere·

371 1947 478 2017 runt.
660 1945 662 1948 ’

471 2112 535 2191 Ad
560 2117 723 2217 partem
752 2113 913 2220 domus„
937 2137 1058 2216 quam
1086 2111 1190 2216 petit
1216 2115 1254 2191 in
1283 2111 1464 2190 Jadra

368 2235 467 2311 ntiae
497 2233 650 2312 donate
679 2260 757 2337 per
784 2239 973 2312 nost-rum
1015 2231 1245 2314 dominium
1288 2235 1465 2312 domino

240 2360 244 2376 “
369 2351 614 2431 Sandali
650 2360 692 2430 ct
726 2362 874 2458 postea
917 2355 1054 2432 eidem
1098 2353 1245 2433 comiti
1288 2351 1466 2432 Stefauu

371 2473 657 2563 confirmatae,
686 2473 992 2577 respondemus
1014 2474 1248 2554 contentari
1265 2473 1343 2551 sibi
1358 2473 1465 2552 dari.

338 2784 341 2792 ·
471 2747 649 2826 Domum
692 2759 830 2828 autem
858 2775 981 2852 quam
1017 2751 1056 2828 in
1093 2752 1372 2831 Venetiis
1398 2781 1471 2857 pe·

178 2887 183 2898 ·
305 2911 306 2915 ¹
367 2867 425 2959 tit,
454 2867 634 2946 libenter
662 2869 739 2948 sibi
768 2871 821 2949 de
852 2873 1068 2976 praesenti
1109 2873 1212 2951 dare
1247 2873 1468 2955 veltemus.

366 2990 399 3065 si
441 2987 495 3066 itu
536 2990 679 3069 facere
729 2993 906 3071 honeste
946 3017 1196 3098 possemus,
1233 2995 1307 3072 sed
1350 3050 1361 3070 .
1405 3053 1413 3070 .
1459 3046 1469 3066 .

368 3110 555 3228 contenti
582 3134 722 3188 sumus
750 3123 792 3191 et
819 3115 1013 3193 volumus
1048 3115 1127 3194 sibi
1156 3115 1327 3194 solvere
1354 3113 1471 3193 affic-

367 3237 453 3307 tum
495 3229 617 3308 unius
671 3232 819 3312 domus
867 3233 1158 3321 honorabitis,
1204 3235 1345 3314 donec
1386 3235 1471 3312 sibi

368 3350 680 3453 providebimus
708 3409 715 3430 .
747 3412 757 3434 .
785 3355 946 3436 donare
974 3381 1098 3436 uuam
1127 3357 1252 3436 aliam
1275 3357 1469 3432 ‘domum

367 3471 409 3548 in
451 3471 531 3549 hac
580 3470 685 3548 urbe
734 3479 902 3568 nostra,
951 3477 1129 3558 similem
1170 3485 1242 3557 urit
1279 3475 1469 3578 pulcrio-

371 3613 460 3668 rem
487 3591 585 3688 itta,
628 3617 752 3694 quam
788 3597 1004 3697 praefatus
1046 3597 1293 3697 magnificus
1320 3621 1472 3676 comes

369 3709 563 3792 habebat.
629 3749 632 3756 ·

699 3869 806 3934 secr.
829 3889 930 3936 cons.
956 3885 1030 3954 rog.
1056 3869 1130 3934 Lib.
1154 3867 1246 3934 xvt.
1271 3869 1326 3934 ch.
1350 3869 1422 3934 ets.
