3206 5110
1236 436 1242 450 Ι

152 551 304 632 heredi
351 559 394 632 cl
433 550 675 632 successori
716 548 896 634 habiano
952 553 1065 636 mille
1107 555 1248 638 ducali

152 672 188 749 d’
205 697 283 751 oro
311 696 415 750 over
444 679 556 752 tante
584 672 766 752 monedc
796 674 895 774 ogni
923 699 1019 764 ano,
1033 677 1086 756 da
1102 677 1139 756 la
1154 701 1246 782 pre·

154 791 237 871 iata
264 790 405 872 inclila
433 793 555 872 dncal
584 791 769 892 signoria
798 793 850 870 de
880 793 1100 885 Vaniexia,
1127 795 1179 872 de
1209 797 1248 874 le

78 905 94 928 “
153 912 317 990 inlrade
345 914 396 990 de
426 911 606 1000 scolari,
634 913 675 990 in
705 915 744 994 el
771 937 905 1002 zorno
936 915 988 996 de
1018 915 1055 994 la
1069 915 1176 994 festa
1197 915 1249 1007 da

154 1036 193 1112 la
222 1041 365 1114 nostra
393 1037 504 1115 dona
531 1035 764 1133 d’Agosto.
805 1035 839 1112 Ε
868 1033 949 1116 che
974 1021 1054 1138 per
1082 1061 1248 1138 negano

151 1151 311 1256 special
340 1153 483 1232 debito
499 1179 551 1232 ne
569 1177 727 1232 nasone
741 1178 828 1232 non
843 1153 962 1234 siano
981 1156 1250 1259 sequestr-soi

153 1272 338 1352 intradili
361 1272 402 1350 ni
419 1273 625 1378 ritcgnudi
651 1273 680 1350 li
703 1273 776 1352 dili
801 1274 940 1354 ducati
965 1301 1069 1356 orer
1089 1277 1250 1384 denari.

155 1397 300 1482 llem,
331 1391 410 1474 che
425 1395 505 1474 iuli
525 1396 537 1471 i
553 1393 750 1488 citiadioi,
765 1403 880 1474 lanio
897 1397 1010 1498 qaeli
1026 1397 1078 1475 de
1108 1398 1146 1474 la
1160 1421 1251 1501 pre·

156 1515 240 1592 lala
257 1512 398 1594 inclita
413 1513 533 1592 ducal
557 1514 748 1620 ⁴signoria
777 1515 1064 1606 deveniendo,
1093 1523 1251 1618 quanto

156 1635 209 1712 (le
236 1634 249 1710 i
279 1632 352 1712 diti
376 1634 536 1714 illustre
565 1636 708 1734 signor
735 1636 929 1742 dispoto,
958 1642 1001 1714 et
1028 1635 1252 1736 magnifico

156 1755 303 1854 signor
317 1751 459 1844 Zorzi,
476 1780 499 1832 e
517 1757 593 1834 luti
615 1757 628 1833 i
654 1757 749 1836 altri
765 1755 964 1858 complici
979 1781 1011 1833 c
1035 1755 1206 1856 soguaci
1228 1779 1252 1832 e

157 1873 377 1954 coherenti
408 1903 430 1953 e
460 1877 759 1966 recomandali,
787 1875 943 1958 subditi
970 1874 1176 1980 evassalli
1200 1878 1252 1956 de

157 2019 239 2074 una
279 2001 400 2098 parte
441 2022 465 2074 e
507 1997 558 2075 dc
596 1999 618 2074 1’
634 1999 751 2082 altra,
779 2023 972 2101 possono
1016 1998 1171 2080 andare
1212 1997 1255 2072 ei

158 2139 280 2194 usare
322 2139 401 2218 per
440 2117 597 2218 iluogi
638 2117 773 2198 ecila
814 2125 1014 2196 elenuto
1053 2117 1087 2194 si
1124 2115 1177 2194 dc
1215 2115 1254 2192 la

157 2237 322 2342 prelata
351 2235 627 2316 incliladncal
654 2238 839 2338 signoria
868 2239 920 2318 de
944 2236 1158 2324 Veniexia,
1187 2261 1253 2319 co·
1350 2305 1354 2320 ,

158 2385 227 2438 mo
256 2361 310 2466 de
339 2359 350 2436 i
379 2358 453 2436 dili
480 2359 640 2436 illustre
670 2358 816 2460 signor
842 2359 1012 2462 dispoio
1049 2355 1254 2458 emagni·

132 2481 251 2560 lico·
268 2481 417 2582 signor
443 2478 583 2572 Zoni,
610 2487 734 2558 stare¹
768 2488 1031 2560 mercanlare
1066 2480 1254 2558 vendere

160 2602 363 2704 compare
406 2599 502 2700 ogni
541 2601 785 2690 mercantia,
812 2602 891 2682 che
933 2626 956 2677 a
993 2599 1059 2678 lor
1086 2599 1253 2702 piaque.

160 2720 381 2800 sichomo
410 2719 594 2798 vendere
635 2727 679 2802 ei
719 2743 921 2824 compare
963 2743 1095 2822 posso
1133 2718 1254 2798 tulii

160 2838 331 2920 citadini
358 2838 568 2941 complice
595 2863 780 2940 seguacc
808 2840 1082 2922 eadherenii,
1098 2837 1254 2916 subditi

161 2985 185 3038 a
202 2960 371 3037 vassalli
399 2987 423 3037 a
447 2959 747 3040 recomandadi
763 2961 816 3038 de
833 2960 872 3036 lo
889 2959 1055 3062 prefato
1072 2958 1254 3058 signore.

160 3081 201 3156 in
231 3079 272 3156 le
299 3088 414 3157 terra
443 3080 495 3156 de
525 3081 564 3156 le
592 3079 789 3180 signoric,
816 3103 943 3156 senza
967 3079 1120 3178 alguna
1155 3103 1255 3156 con·

159 3198 394 3278 tradicione
423 3222 476 3276 ne
505 3199 699 3280 molestia
728 3201 781 3277 de
809 3201 958 3298 algnna
986 3195 1038 3274 de
1068 3198 1108 3276 le
1136 3203 1256 3301 parte

160 3319 368 3424 predicte.
396 3319 539 3412 Item,
569 3321 872 3409 secasoiosse‚
901 3321 982 3398 che
1011 3320 1048 3398 ai
1074 3317 1257 3421 predicti

160 3441 314 3521 illustri
355 3441 519 3542 signori
563 3442 743 3546 despoto
785 3468 809 3521 e
852 3438 1072 3541 magnifico
1112 3441 1257 3539 signer

163 3563 318 3642 misser
345 3561 472 3643 Zorni
513 3564 770 3666 besognasse
807 3592 832 3645 o
861 3563 1056 3668 piacessc
1080 3569 1107 3637 ‘a
1137 3562 1204 3642 lor
1233 3585 1255 3640 e

163 3685 192 3760 li
219 3682 287 3760 soi
314 3679 563 3772 homoide
579 3710 660 3787 que
689 3684 913 3766 condicion
941 3707 988 3762 se
1011 3683 1083 3768 sia,
1099 3681 1152 3760 de
1167 3705 1256 3783 pas·

161 3826 341 3896 sareon
370 3810 492 3884 zenle
521 3829 701 3884 osenna
736 3830 819 3910 par·¹
852 3806 892 3881 le
921 3803 1058 3882 eliade
1088 3826 1112 3880 e
1140 3799 1256 3902 lungi

164 3924 217 4001 de
246 3923 284 3998 la
310 3923 472 4026 prelata
499 3922 640 4002 inclita
667 3923 789 4004 duoal
816 3920 1002 4023 signoria
1022 3921 1075 3998 dc
1104 3919 1253 4000 Venie-

164 4045 247 4136 xia‚
275 4042 357 4122 che
385 4043 660 4124 liberamento
688 4069 875 4146 possano
910 4063 1081 4149 passere
1109 4063 1187 4143 per
1214 4041 1253 4120 le

167 4164 305 4246 ellade
347 4191 383 4270 e·
413 4166 528 4266 luogi
557 4165 608 4247 de
638 4167 675 4246 la
704 4167 887 4248 antelata
916 4161 1258 4354 excelpntissima

1016 4287 1030 4350 l
