3212 5116
355 381 424 470 2¹4

359 588 551 668 cabiliter
591 586 883 690 acceptandam
918 563 1060 664 notum
1102 586 1229 687 igitur
1257 585 1349 670 lieri
1375 611 1446 662 vo-

360 711 491 786 lumus
518 707 725 785 universis
754 713 796 782 et
823 706 1023 805 singulis,
1054 713 1136 784 tam
1176 707 1443 810 presentibus

288 863 290 871 ’
360 854 488 930 quam,
511 829 686 918 futuris,
716 825 828 926 quod
858 825 973 904 omni
1006 828 1138 924 juris,
1167 827 1446 906 consiliorum

361 957 403 1030 et
419 950 808 1028 ordinamentornm
836 953 1079 1032 nostrorum
1107 948 1269 1046 integra
1297 948 1450 1030 solem·

358 1072 486 1150 nitate
515 1076 692 1153 serrata,
722 1067 929 1170 prelatum
947 1069 1162 1146 dominum
1187 1066 1448 1172 Stephanum

307 1176 308 1182 Ν
358 1216 520 1292 regem,
564 1215 659 1269 oum
687 1189 773 1266 suis
815 1186 907 1266 liliis
936 1195 978 1266 et
1005 1188 1260 1274 heredibus,
1301 1189 1341 1265 in
1369 1190 1448 1266 Ve-

359 1316 479 1389 netos
507 1318 550 1388 et
577 1311 691 1386 cives
719 1315 890 1386 nostros
918 1309 1158 1414 recepimus
1186 1317 1309 1410 atque
1337 1308 1443 1386 reoi-

357 1431 508 1534 pimus,
546 1443 588 1509 et
614 1433 805 1512 Venetos
834 1436 876 1507 et
904 1429 1019 1508 cives
1060 1433 1231 1508 nostros
1272 1429 1451 1510 fecimus

360 1558 403 1627 et
429 1549 615 1638 tacimus
644 1558 685 1628 et
704 1573 783 1652 pro
814 1550 1056 1630 Venetiset
1084 1549 1242 1629 civibus
1281 1547 1452 1642 nostris,

359 1671 399 1748 in
427 1671 621 1750 Venetiis
652 1681 695 1750 et
722 1681 841 1754 extra
881 1671 1059 1750 ubilibet
1084 1671 1230 1750 haberi
1256 1672 1451 1749 volumus

360 1799 402 1870 et
427 1791 612 1880 tractari,
643 1794 755 1895 ipsos
782 1793 950 1871 sincere
987 1792 1231 1872 dilectionis
1267 1789 1452 1872 brachiis

360 1913 662 2014 amplexantes,
692 1937 742 1990 ao
772 1913 948 1991 tirmiter
975 1919 1221 2000 statuentes,
1250 1914 1363 2014 quod
1378 1912 1454 1990 eis·

360 2033 455 2110 dem
486 2033 772 2122 libertatibus,
801 2033 1045 2126 benefieiis,
1072 2033 1238 2138 gratiis,
1278 2033 1452 2112 bonori-

361 2154 437 2230 bus
466 2178 515 2230 ae
543 2154 894 2244 immunitatibus,
927 2158 1079 2256 quibus
1107 2155 1175 2232 alii
1202 2153 1369 2234 nobiles
1397 2156 1453 2232 oi·

358 2296 432 2348 ves
460 2272 735 2351 Venetiarnm
751 2275 1110 2379 gaudentprefati
1137 2276 1330 2354 dominus
1359 2271 1449 2350 Ste-

360 2393 520 2494 phanus
562 2417 638 2471 rex
667 2403 709 2474 et
737 2397 801 2474 sui
841 2393 915 2472 lilii
945 2401 987 2474 et
1013 2394 1219 2488 heredes,
1246 2397 1287 2474 in
1314 2397 1452 2474 Vene-

361 2511 428 2588 tiis
463 2521 505 2592 et
529 2519 664 2613 ,extra
701 2514 854 2618 ubique
894 2519 1105 2615 gaudeant
1141 2515 1382 2618 plenissime
1410 2517 1456 2590 et

360 2637 540 2711 utantur.
568 2634 614 2710 ln
643 2661 823 2737 quorum
853 2636 1040 2728 omnium
1069 2635 1192 2714 fldem
1220 2633 1451 2714 testimoni-

361 2778 430 2830 um
460 2765 502 2834 et
531 2756 778 2836 evidentiam
818 2759 1056 2859 pleniorem
1084 2782 1260 2862 presens
1287 2755 1454 2860 privile·

360 2876 473 2976 glum
500 2873 591 2953 lieri
619 2877 917 2969 mandavimus,
946 2885 989 2958 et
1017 2880 1131 2958 bulla
1172 2885 1312 2956 nostra
1352 2901 1464 2980 pen·¹

361 2994 486 3074 dente
514 3021 641 3074 aurea
672 3001 935 3080 communiri.
964 3001 1113 3078 Datum
1142 3001 1182 3078 in
1207 2981 1354 3078 nostro
1382 2997 1453 3074 du·

360 3114 440 3191 cali
469 3115 638 3215 palatio,
665 3140 772 3194 anno
801 3119 1010 3198 dominice
1038 3117 1335 3198 incarnationis
1364 3115 1449 3194 mil-

360 3233 508 3312 lesimo
540 3241 839 3320 trecentesimo
870 3241 1155 3340 ootvagesimo
1184 3237 1350 3324 tercio,
1380 3237 1450 3314 die

359 3355 589 3456 penultimo
604 3355 718 3451 Julii,
741 3367 860 3440 sexte
889 3360 1144 3440 indictionis.

461 3598 686 3678 Millesimo
725 3603 1029 3681 trecentesimo
1071 3599 1343 3700 nonagesimo
1370 3592 1452 3698 pri·

361 3743 446 3808 mo,
473 3721 628 3798 mensis
654 3719 768 3799 Junii
795 3723 862 3800 die
889 3725 1043 3828 primo,
1070 3722 1302 3801 indictione
1330 3739 1451 3819 quar·

360 3839 590 3939 tadeoima,
619 3841 753 3918 simile
781 3843 1050 3946 privilegium
1078 3843 1232 3920 factum
1262 3836 1338 3914 fuit
1364 3834 1451 3915 do·

361 3985 512 4038 mino
542 3963 847 4066 Stephano
885 3965 1156 4054 deBissa,
1197 3960 1291 4038 dei
1331 3981 1449 4058 gra·

360 4085 417 4158 tia
444 4081 533 4182 regi
560 4081 783 4176 Bassia,
810 4085 1063 4166 Bossine
1099 4081 1448 4164 maritimae·

362 4224 469 4302 que
497 4210 553 4280 et
581 4212 686 4285 oet.
726 4209 978 4308 punctaliter
1003 4214 1050 4287 ut
1075 4207 1231 4286 fantum
1272 4202 1351 4284 tuit
1377 4203 1450 4284 do·
