3192 5112
1190 343 1265 448 aa

176 577 390 654 dominum
416 599 562 676 regem
590 573 763 654 Sertiae
792 581 834 653 et
860 576 1050 658 domi-n
1066 603 1091 656 u
1107 603 1147 656 m
1188 581 1265 662 btt-

176 722 303 774 num
331 697 632 794 Bassiane,
664 695 815 774 debeat
841 699 940 776 dare
969 723 1138 779 omnem
1167 727 1265 807 ope·

177 843 266 896 ram
296 842 419 919 quam
449 817 620 922 poterit,
660 842 740 922 pro
771 816 883 897 bono
913 821 992 924 ipsi
1034 823 1265 914 concordii,

176 939 286 1014 sicut
313 944 355 1014 et
382 936 549 1037 quando
578 933 655 1012 sibi
690 935 923 1025 videbitur,
960 941 1173 1042 possendo
1201 944 1265 1022 ire

176 1058 405 1160 adipsum
447 1057 1263 1142 dominumbanumetsibiam·

177 1175 382 1256 baxlatam
414 1201 495 1280 pro
529 1181 649 1281 parte
676 1185 822 1256 nostra
850 1178 1007 1272 facero,
1037 1175 1265 1262 occasione

165 1299 409 1402 praedicta.
459 1299 548 1376 Non
574 1300 844 1401 impediendo
873 1303 1005 1404 prima
1032 1303 1115 1380 duo
1142 1329 1266 1406 nego·

179 1420 248 1506 tia,
276 1429 321 1496 ut
351 1425 415 1498 est
441 1419 610 1498 dietum.
637 1417 690 1498 Et
718 1419 870 1499 dentur
897 1431 939 1500 et
964 1447 1044 1524 pro
1073 1425 1153 1502 islo
1181 1449 1265 1506 res·

175 1545 304 1643 pactu
332 1539 414 1618 sibi
443 1541 608 1620 litterae
639 1540 895 1620 credulitatis
922 1543 973 1619 ad
1006 1544 1264 1648 praedictum

175 1662 388 1740 dominum
426 1664 588 1740 benum.

279 1834 435 1938 Capta:
475 1836 526 1914 nt
567 1835 659 1936 quia
699 1835 836 1915 labor«
861 1835 1038 1916 addatur
1077 1839 1265 1941 praelato

175 1955 448 2034 ambassatori
476 1965 519 2034 et
560 1957 815 2035 conveniens
843 1959 921 2046 sit,
949 1965 995 2036 ut
1023 1966 1065 2036 et
1091 1957 1264 2062 praemi·

174 2101 244 2153 um
272 2082 488 2175 augeatur,
514 2076 627 2155 vadit
665 2099 775 2178 pars:
817 2081 929 2180 quod
958 2078 993 2156 si
1021 2078 1156 2156 dictus
1184 2103 1263 2165 am·

174 2197 365 2276 bassator
391 2223 474 2276 non
502 2197 578 2276 ibit
604 2196 646 2275 in
676 2197 1086 2304 Constantinopolim,
1115 2197 1267 2278 habeat

175 2318 302 2396 libras
345 2315 466 2397 CCC.
507 2317 547 2396 in
590 2324 677 2396 tres
706 2342 874 2398 menses
917 2327 960 2396 et
986 2342 1038 2394 nn.
1074 2320 1264 2399 inantea

175 2442 302 2518 libras
332 2439 376 2517 L.
404 2442 446 2518 in
473 2463 685 2544 mensem,
713 2439 823 2518 siout
850 2441 984 2544 pridie
1014 2447 1181 2543 captum
1209 2441 1264 2517 lu·

173 2560 217 2639 il.
245 2559 289 2639 Si
327 2585 433 2640 vero
475 2559 550 2640 ibit
576 2562 618 2640 in
661 2561 1080 2665 Constantinopolim,
1108 2559 1265 2640 habere

172 2681 326 2762 debeat
355 2683 495 2760 libras.
519 2685 560 2761 V
587 2689 694 2762 cent.
721 2685 763 2762 in
790 2681 851 2760 lll
881 2706 1049 2760 menses
1079 2687 1121 2759 el
1148 2707 1199 2760 nr.
1224 2683 1264 2764 in

173 2813 293 2882 antea
323 2803 452 2882 libras
480 2807 524 2884 b.
553 2804 594 2882 in
622 2829 782 2884 mense.
1269 2797 1275 2802 ’

572 2975 666 3042 Mixti
691 2977 721 3040 d.
745 2975 832 3042 Sen-
860 2975 933 3040 Lib.
957 2973 1067 3042 XXV.
1093 2973 1150 3038 ein.
1174 2975 1223 3037 10.

249 3147 445 3247 xcln.
476 3162 586 3242 rato.
617 3165 816 3244 laniet
842 3166 893 3243 11.
922 3167 973 3240 κο
1011 3163 1189 3250 lunii.
1248 3211 1252 3222 ·

171 3361 377 3421 &rumoso
415 3375 631 3436 opronopnrn
667 3374 906 3427 nocuannnm
953 3374 1055 3434 :pras
1089 3361 1268 3428 Paulson,

168 3481 209 3534 aa
239 3462 271 3521 il
308 3482 348 3522 aa
394 3479 476 3538 ιον]
513 3479 632 3520 nerana
668 3479 705 3519 aa
730 3479 859 3534 nonna,
905 3477 966 3520 roa
1013 3479 1107 3520 nuato
1141 3479 1264 3530 annuns

171 3565 338 3633 aeraria,
365 3585 429 3642 apa
469 3567 501 3624 ili
546 3567 706 3642 rpetiaro3
752 3564 1268 3646 aaarspyaeiu,poano.ranaro

430 3647 468 3743 pa
494 3687 576 3746 ιον]
604 3685 727 3750 nenena
755 3689 817 3729 aaa·
843 3674 998 3729 niseum

276 3843 430 3947 Capta:
459 3839 580 3938 Quod
622 3842 935 3944 respondeatur
977 3839 1266 3920 ambassatori·

170 3963 249 4042 bus
276 3963 491 4041 domini
519 3963 665 4060 regis
691 3959 945 4052 Rosciae,
974 3962 1088 4064 quod
1117 3987 1265 4063 corpo·

172 4109 219 4162 ra
248 4083 462 4184 galearum
503 4083 603 4162 alias
640 4081 873 4160 oblatarum
903 4083 967 4166 ei,
1010 4107 1105 4160 oum
1142 4081 1266 4169 lurni·

173 4202 336 4290 mentis,
363 4224 503 4280 sumus
531 4203 718 4282 contenti
747 4199 881 4278 eidem
906 4200 1049 4280 lacere
1078 4199 1266 4298 amicabi-
