3206 5110
341 397 412 476 tilii

349 605 493 699 linesie
521 607 631 700 dupe
659 615 739 692 otc.
769 615 815 684 ut
842 613 959 714 patet
984 633 1062 712 per
1088 607 1230 700 literas¹
1257 609 1443 710 ciusdem

349 729 519 812 illustris
547 729 707 819 domini
735 731 895 810 domini
923 731 1077 836 dispoti
1111 732 1151 812 in
1181 734 1314 824 literis
1343 733 1443 816 scla-

347 848 409 926 vis
450 850 502 931 ad
545 849 680 952 ipsum
720 851 938 932 dominum
976 852 1189 934 dominnm
1220 851 1445 956 Georgium

348 968 510 1060 delatis,
526 970 715 1067 ejusdem
731 969 907 1053 illustris
920 971 1083 1062 domiui
1099 971 1258 1080 domini
1275 971 1443 1076 despoti

347 1089 468 1189 sigilli
484 1089 748 1196 impensione
768 1091 954 1176 munitis.
996 1091 1322 1188 considerantes
1338 1092 1446 1177 bene

347 1235 397 1292 ac
425 1209 664 1312 diligenter,
688 1221 844 1313 quanto
875 1220 1066 1315 tempore
1083 1213 1193 1292 inter
1208 1215 1324 1318 ipsos
1341 1214 1446 1316 prin·

345 1331 465 1432 cipes
495 1337 535 1408 et
564 1331 697 1420 duces
724 1333 995 1436 prealcgatos
1033 1359 1181 1418 eornm
1219 1335 1445 1435 predeces·
1577 1356 1578 1382 ¹

348 1475 485 1540 sores.
513 1453 603 1532 sinc
631 1452 671 1528 vi
699 1456 789 1536 sine
821 1454 968 1532 froude
998 1464 1038 1532 et
1075 1454 1166 1532 sine
1194 1454 1364 1556 aliquali
1405 1453 1445 1537 li·

348 1597 465 1658 vore,
495 1572 570 1655 sed
598 1597 692 1652 cum
724 1574 838 1652 omni
866 1598 1040 1677 prorsus
1074 1577 1242 1662 sincera
1271 1576 1446 1658 caritate

348 1705 390 1772 et
417 1693 607 1795 perfecta
626 1694 764 1778 extitit
792 1693 997 1790 amicicia,
1013 1704 1054 1774 ct
1070 1721 1152 1800 pax
1169 1719 1325 1788 amena,
1350 1693 1446 1796 quia

349 1839 454 1914 pace
474 1813 721 1899 inhumanis
745 1817 874 1898 rebus
898 1817 956 1899 nil
987 1815 1247 1919 principibus
1263 1813 1445 1907 delecta·

347 1933 472 2018 bilius
502 1933 744 2020 nilmelius,
773 1934 1069 2035 niltranqoilla
1096 1957 1361 2036 paoesunve,
1389 1932 1445 2023 pil

348 2051 510 2134 civibus
551 2058 677 2154 atque
718 2053 897 2135 subditis
937 2052 1177 2157 optabilius.
1242 2051 1446 2149 Veientes

345 2176 488 2278 itaque
530 2175 748 2278 prelibati.
775 2175 1018 2276 magnificos
1072 2174 1192 2254 miles
1248 2175 1444 2266 dominns
1577 2221 1578 2270 3

346 2293 598 2384 Franciscns
627 2295 791 2378 Bembo
822 2295 1068 2398 capitaneus
1110 2293 1316 2394 generalis
1352 2293 1444 2370 Cul-

223 2500 228 2510 ⁵
347 2412 418 2516 phi
446 2421 526 2492 etc.
556 2414 727 2494 nominc
756 2439 841 2516 quo
872 2439 1014 2518 supra,
1044 2423 1087 2494 et
1113 2411 1443 2512 magnificusdo-

346 2534 482 2626 minus
511 2534 705 2617 domiuus
720 2535 929 2635 Georgius
958 2537 1169 2638 qnondam
1183 2529 1442 2634 Vulchipre·

346 2654 530 2756 alegatus
557 2657 728 2738 nomine
757 2681 843 2760 quo
872 2681 1019 2762 supra,
1048 2655 1244 2760 pristinas
1284 2659 1327 2732 et
1357 2658 1440 2741 tam
1578 2715 1579 2732 ι

346 2776 611 2860 dulcissimas
639 2778 843 2864 amicitias
873 2803 1081 2867 renovare
1105 2775 1442 2868 etindissolobili
1578 2835 1579 2860 t

277 2991 282 3002 x
347 2901 494 2980 catena
524 2907 808 2995 connectere,
839 2907 881 2978 et
908 2898 1104 2985 firmare,
1132 2901 1440 2998 presentesqne

347 3015 602 3097 differentias
643 3023 685 3096 et
712 3042 865 3117 goeros
893 3021 1007 3099 rixas
1037 3024 1079 3095 et
1106 3038 1331 3116 guerarum
1360 3023 1439 3092 tur·

347 3137 465 3218 hines
492 3145 536 3216 et
563 3138 798 3216 discordias
827 3139 992 3230 sedare,
1019 3147 1062 3216 et
1089 3137 1275 3216 totaliter
1302 3159 1439 3222 remo·

347 3283 458 3352 rere.
511 3259 557 3339 ln
587 3261 724 3358 eterni
761 3261 969 3343 creatoris
999 3260 1171 3346 nomine
1199 3257 1440 3343 venerando

347 3379 534 3461 omnium
564 3380 775 3460 bonorum
805 3380 1047 3482 amplissimi
1077 3379 1299 3480 largitoris,
1328 3376 1442 3456 omni

346 3503 475 3580 modo
503 3503 568 3580 via
591 3505 689 3602 jure
715 3508 760 3580 ct
786 3503 922 3583 formo
952 3501 1102 3604 quibus
1130 3500 1278 3582 melius
1302 3495 1442 3577 etelli·

347 3620 483 3703 catius
512 3629 742 3724 potuerunt
769 3629 813 3700 et
840 3623 1090 3712 debuerunt,
1117 3645 1167 3700 ac
1194 3625 1374 3726 possunt
1402 3623 1443 3694 et

345 3741 513 3831 debent,
541 3743 801 3825 devenerunt
817 3744 867 3821 nd
886 3745 1042 3822 bonum
1059 3739 1353 3830 concordium,
1381 3735 1441 3814 lir-

345 3863 1442 3966 mamunionemacamioitiametperpetoampacem
1578 3943 1579 3974 Ν

345 3981 479 4084 pactis
495 3983 632 4062 modis
649 3992 690 4064 et
708 3979 1057 4070 conventionibus
1074 3991 1116 4065 et
1132 3978 1441 4060 conditionibus
1578 3979 1579 3992 ¹

344 4100 386 4184 iu
402 4101 594 4206 capitulis
613 4105 911 4209 suprascriptis
938 4102 1141 4187 distinctis
1165 4109 1206 4182 el
1221 4100 1440 4178 annotatis.

345 4223 531 4324 Quorum
556 4223 836 4328 capitulorum
866 4227 990 4304 tenor
1018 4221 1111 4303 telis
1128 4228 1205 4318 est,
1232 4217 1439 4296 videlicet.
