3220 5118
300 627 384 708 Nos
412 627 601 708 Thomas
629 627 859 732 Macenigo
888 639 957 712 etc
962 688 1168 712 ......
1197 654 1291 713 con·

200 747 374 826 eludere
400 773 564 850 pacem,
591 748 786 827 informa
814 751 932 854 pacis
959 751 1096 831 laetae
1114 775 1193 856 per
1219 772 1291 830 aer

198 868 452 972 Delphinum
466 869 671 956 Venerio,
700 891 795 947 cum
825 869 904 948 hac
921 871 1148 958 additione,
1176 872 1286 950 vlde·

98 1087 103 1100 Ι
198 987 310 1068 licetr
339 990 452 1092 qnod
482 1015 588 1091 curn¹
606 988 847 1075 sentiamus,
875 991 988 1093 qnod
1016 991 1107 1096 ipse
1135 992 1292 1070 domi·

198 1133 300 1188 nus
340 1107 615 1188 Turchus
644 1107 914 1198 mandaverit,
941 1111 1052 1210 quod
1081 1137 1289 1194 carava-

197 1253 301 1308 nne
344 1251 451 1332 quae
505 1213 815 1307 c'onsveverunt
855 1227 1116 1308 descendere
1169 1253 1290 1310 cum

195 1346 410 1453 plumbo
440 1349 615 1452 aliisque
644 1349 984 1441 mercationibus,
1012 1350 1063 1428 ad
1092 1351 1290 1431 locanos·

197 1476 262 1547 tra
289 1469 580 1549 [lurachll
610 1479 652 1550 et
678 1469 867 1558 Alexii,
894 1494 974 1574 pro
1017 1471 1142 1560 sale,
1171 1481 1214 1552 et
1240 1475 1290 1554 ad

65 1646 69 1656 .
198 1591 278 1668 alia
305 1589 400 1669 loca
428 1599 571 1670 nostra
611 1591 903 1672 Albaniae
943 1613 1023 1695 pro
1052 1591 1143 1670 aliis
1184 1617 1289 1672 mer·

197 1710 464 1806 cationibus‚
505 1713 681 1816 amplius
715 1735 796 1788 non
823 1715 1118 1824 permittantur
1144 1715 1290 1796 venire

196 1833 249 1910 ad
278 1833 373 1911 locs
401 1837 549 1911 nostra
589 1831 833 1938 praedicta,
874 1834 1069 1911 volumus
1106 1835 1220 1935 qarod
1249 1836 1289 1914 in

196 1952 309 2030 dicta
338 1976 443 2053 pace
458 1952 511 2028 de
526 1949 611 2030 hoc
639 1952 732 2030 fleri
761 1951 890 2029 iacies
919 1953 1147 2055 specialem
1176 1978 1289 2033 men·

196 2071 381 2163 tionem,
409 2079 450 2151 et
479 2073 594 2175 qnod
620 2096 699 2176 per
727 2074 886 2151 litteras
914 2078 957 2149 et
983 2075 1152 2153 nuntios
1178 2099 1290 2166 snos,

196 2201 390 2274 amoveat
405 2201 449 2272 et
464 2201 602 2273 casset
629 2196 767 2273 omnia
795 2200 1001 2298 precepta
1030 2203 1071 2272 et
1098 2195 1288 2296 devotus,

197 2337 308 2414 quos
335 2311 507 2392 fecisset
524 2337 654 2418 snper
677 2312 921 2419 praedietis,
946 2313 1000 2394 lta
1017 2313 1130 2416 quod
1157 2319 1289 2392 strate

196 2436 279 2512 sint
308 2433 442 2510 libere
470 2441 512 2513 et
540 2441 685 2539 aperte
714 2457 967 2520 desecare,
1005 2457 1054 2514 sc
1082 2435 1194 2536 qnod
1224 2459 1288 2514 ca·

194 2575 349 2631 ravsne
387 2555 551 2658 possint
592 2554 880 2644 descendere,
920 2555 1029 2635 sicut
1066 2579 1287 2634 consveve·

194 2681 287 2754 rant
313 2699 392 2779 per
420 2677 631 2780 elapsum,
659 2681 699 2758 in
727 2680 888 2780 signum
917 2679 1054 2757 bonae
1083 2675 1288 2758 amicitiae

195 2803 238 2876 ct
265 2797 525 2892 dilectionis,
552 2800 661 2878 sicut
688 2805 754 2878 est
781 2795 967 2878 debitum
995 2807 1038 2876 et
1064 2797 1289 2876 honestum

137 3013 141 3020 ι
309 2973 514 2998 ......
542 2919 735 3025 (insuper
762 2919 928 3018 studeat
954 2919 1153 3023 aquirere
1193 2921 1287 2998 loca

191 3039 510 3120 dvalonam
552 3047 595 3120 et
636 3041 884 3120 Canlnam
927 3050 970 3120 ct
1010 3039 1114 3130 alia,
1153 3045 1199 3117 nt
1226 3043 1291 3118 est

192 3157 237 3234 in
264 3164 388 3262 parte
417 3159 470 3238 de
502 3165 564 3236 21.
591 3157 725 3256 iulii.)

494 3313 598 3379 Secr.
625 3315 738 3393 cons.
766 3313 896 3400 lingat.
921 3311 994 3378 Lib.
1017 3311 1093 3378 Vll.
1118 3313 1172 3378 ch.
1194 3313 1245 3379 27.

363 3569 650 3672 COXGIV.
679 3595 788 3672 aare.
817 3595 842 3668 s
880 3589 1122 3696 Aprilis.

193 3823 417 3884 llacrasacnls
442 3838 610 3898 asnerasy
631 3822 766 3898 lima,
789 3837 870 3879 nano
894 3837 932 3892 aa
955 3819 1123 3894 cdeadeas
1147 3837 1287 3896 rpaaose

195 3927 341 4004 Cranaps
365 3947 384 3986 a
407 3929 584 4002 dpssacrn
608 3944 767 4003 nporann
790 3913 931 3998 salure,
969 3943 987 3984 n
1012 3942 1093 3985 nano
1119 3945 1157 4002 aa
1180 3944 1286 3986 osone

392 4050 519 4104 nunna,
541 4051 617 4093 nrro
641 4051 738 4093 snrnc
762 4047 863 4092 ncnc.
886 4028 1100 4114 (Capeliano.)

297 4235 519 4320 scribatur
559 4241 778 4344 capitaneo
819 4237 1003 4337 generali
1043 4237 1207 4341 Culphy
1246 4235 1287 4314 in

196 4357 273 4438 hac
302 4357 450 4439 forma:
