3230 5104
353 371 419 447 ἃ

349 653 352 658 .
386 645 389 652 .
457 579 580 660 Cinea
609 588 769 684 partem
798 605 1026 684 perquam
1063 591 1216 661 orator
1251 581 1435 660 'l'urei

359 701 578 804 requisivit
605 703 656 780 ab
686 704 778 806 ipso
808 703 953 782 illustri
996 704 1119 796 duee,
1147 713 1217 784 atrt
1245 704 1291 782 C.
1325 705 1438 781 mille

356 826 615 912 ducatorum,
640 830 712 902 aut
739 824 810 900 illa
837 826 915 903 tria
942 831 1079 902 cestra
1108 831 1151 902 et
1190 832 1344 904 uetera.
1381 823 1443 899 ui-

358 944 514 1024 uimus:
556 947 668 1047 quod
720 945 933 1024 laudamus
975 947 1200 1048 plurimum
1241 947 1443 1049 optimum

356 1064 635 1167 prepositum,
691 1063 1054 1166 Christianamque
1097 1062 1443 1142 deliberationem

357 1183 636 1262 excellentiae
664 1207 787 1274 suae,
816 1207 936 1286 quam
954 1183 1109 1260 scimus
1125 1209 1219 1262 esse
1233 1184 1444 1286 sapientis·

355 1303 498 1383 simam
540 1307 582 1380 et
623 1304 954 1400 magnanimum,
997 1307 1038 1380 et
1080 1326 1162 1380 nen
1206 1305 1443 1380 dubitamus

355 1426 469 1526 quod
496 1448 574 1526 pro
603 1435 807 1502 consuete
833 1425 994 1500 virtute
1021 1448 1095 1500 sue
1123 1447 1171 1500 se
1212 1423 1445 1524 prevalebit

357 1568 380 1619 a
396 1541 773 1621 machinationibus
792 1541 974 1622 hostium
992 1568 1181 1622 suorum.
1219 1543 1270 1620 lit
1299 1543 1444 1644 quoni·

354 1685 419 1738 em
448 1661 551 1762 petit
578 1687 602 1740 e
630 1660 749 1740 nobis
779 1661 966 1742 ballistas
996 1671 1036 1743 et
1066 1683 1204 1743 arma.
1234 1686 1283 1738 uc
1313 1661 1441 1738 etiam

352 1784 624 1882 degentibus
654 1787 809 1862 nostris
826 1809 905 1887 pro
929 1781 1313 1887 opportunitatibus
1342 1782 1446 1872 suis,

354 1905 542 1984 dicimus:
557 1907 669 2006 quod
686 1905 906 2008 cupientes
923 1905 964 1982 in
981 1907 1146 1984 eunetis
1160 1903 1446 2008 possibilibus

352 2049 426 2102 sue
455 2024 710 2104 excellentie
741 2024 1027 2127 complacere,
1058 2047 1201 2100 sumus
1219 2025 1328 2102 bene
1347 2049 1445 2102 eon·
1505 2045 1511 2059 ·

354 2147 470 2235 tenti,
486 2144 599 2247 quod
617 2169 672 2220 ex
686 2143 765 2222 hae
783 2145 953 2224 eivitote
970 2153 1127 2230 nostre.
1146 2144 1280 2222 libere
1297 2151 1340 2222 et
1354 2147 1445 2222 abs·

354 2291 435 2368 que
451 2265 754 2344 ullasolutione
769 2265 879 2352 datii,
896 2265 1122 2344 extrahere
1138 2267 1274 2364 possit
1292 2273 1334 2342 et
1345 2287 1443 2344 eon·

353 2389 511 2466 dueere
531 2385 581 2463 ad
598 2386 694 2464 loea
710 2411 796 2472 urs,
811 2383 982 2464 balistas
996 2397 1039 2464 et
1050 2407 1181 2474 arma,
1195 2409 1277 2486 que
1293 2383 1342 2461 ad
1360 2385 1448 2464 lihi-

352 2512 436 2584 tum
449 2507 651 2587 strumhie
666 2509 748 2584 emi
762 2507 908 2586 facere
920 2514 1078 2610 potest.
1103 2509 1447 2608 Sumusquoque

353 2629 539 2708 contenti
569 2629 682 2728 quod
713 2626 766 2704 ad
795 2628 1047 2729 stipendium
1077 2629 1284 2730 aeeipere
1311 2625 1450 2728 possit

351 2745 404 2824 de
426 2746 637 2850 peditibus
653 2754 696 2824 et
710 2745 798 2824 aliis
814 2747 1021 2848 gentibus,
1038 2771 1118 2852 pro
1137 2747 1284 2827 lavore
1301 2769 1447 2823 rerum

349 2891 533 2947 suarum.

351 3073 353 3078 ,
451 2989 653 3068 Preterea
680 2993 793 3068 iuxta
821 2989 1140 3092 requisitionem
1182 3011 1297 3068 suam
1340 2987 1447 3066 diei·

348 3133 452 3188 mus:
480 3109 655 3212 quodsi
686 3116 939 3190 ooourreret
967 3110 1084 3212 quod
1112 3112 1283 3188 mittere
1313 3108 1447 3186 habe·

348 3254 488 3310 remus
517 3237 733 3308 oratorem
761 3238 949 3310 nostrum
987 3230 1035 3307 ad
1065 3231 1281 3324 Tereum.
1324 3229 1448 3306 bone

349 3354 488 3432 auimo
515 3361 555 3430 et
585 3349 763 3430 libenter
803 3351 1099 3430 reoomendari
1127 3350 1331 3429 faeiemus
1372 3373 1446 3427 ne·

347 3473 459 3570 gotia
486 3495 559 3548 sua
587 3470 725 3549 eidem
751 3471 911 3561 runem
940 3471 1133 3573 quoniam
1165 3473 1304 3550 omnia
1327 3492 1445 3548 eom·

347 3577 473 3652 mode
512 3574 794 3656 excellentiae
836 3600 963 3667 suae,
1002 3599 1086 3652 nou
1127 3575 1266 3652 minus
1315 3597 1445 3674 quam

346 3677 519 3778 propria
547 3675 849 3764 desideramus,
876 3685 918 3756 et
945 3678 1070 3754 etiam
1101 3677 1142 3754 in
1173 3702 1343 3755 omnem
1374 3700 1445 3754 oa·

346 3803 436 3855 sum
466 3781 792 3884 opportunitatis
821 3806 909 3867 sue,
937 3779 1170 3882 quoddeus
1200 3789 1376 3864 avertat,
1400 3786 1447 3855 et

347 3881 517 3961 evenire
532 3906 659 3985 posse
673 3909 758 3961 non
775 3883 998 3976 credimus,
1016 3907 1189 3986 semper
1207 3876 1447 3984 acceptabi-

345 4009 435 4062 mus
451 3992 494 4064 et
507 3987 783 4087 suscipiemus
800 3985 1130 4066 dominationem
1159 4011 1291 4070 suam,
1321 4009 1444 4063 suos·

345 4113 427 4190 que
451 4095 494 4166 et
522 4090 635 4168 bona
663 4111 737 4168 sua
765 4091 950 4169 fraterne
978 4090 1198 4181 stamius,
1239 4093 1351 4168 sieut
1376 4111 1443 4168 se

343 4216 397 4292 pe
425 4193 606 4272 diximus
635 4201 678 4271 et
704 4195 885 4297 polliciti
921 4219 1063 4272 sumus
1090 4218 1170 4272 nos
1200 4191 1412 4274 facturos.
