3206 5110
347 549 486 634 sexto,
514 543 744 622 indictione
761 554 922 645 quarta,
950 545 1016 624 die
1032 543 1234 646 vigesimo
1256 547 1444 628 secundo

352 663 506 742 mensis
535 663 706 767 Aprilis,
734 673 872 745 aetum
903 667 942 742 in
970 667 1368 767 Vuolciterij,
1395 669 1447 746 vi·

352 787 510 865 delicet
550 786 591 862 in
630 787 746 864 ouria
781 787 1036 890 infrascripti
1066 773 1279 889 magnifici
1301 797 1348 867 et
1376 817 1446 892 po·

352 905 478 986 tentis
529 909 687 986 domini
737 909 893 986 domini
936 911 1187 1010 Georgii
1236 915 1447 1012 quondam

351 1027 389 1104 V
404 1053 430 1104 u
448 1027 458 1103 l
476 1056 499 1106 c
514 1027 543 1104 h
558 1028 595 1116 i,
625 1029 905 1132 presentibus,
943 1039 1167 1108 reverente
1203 1032 1243 1108 in
1262 1031 1445 1111 Christo

353 1153 474 1253 patre
491 1147 662 1226 domino
692 1145 767 1226 Ph
784 1145 811 1227 a'
824 1175 849 1226 o
865 1178 890 1226 n
907 1175 970 1228 na
998 1153 1066 1230 dei
1087 1153 1219 1252 gratia
1249 1153 1355 1229 Gra
1371 1179 1392 1226 z
1410 1178 1446 1228 a·

353 1265 516 1344 nicie
558 1271 1204 1372 metropolite‚vayvoda
1234 1271 1448 1350 bucha·

353 1387 466 1476 tio,
508 1386 1054 1486 vayvodaMerchixa,
1095 1416 1167 1468 ser
1209 1393 1447 1472 hluisio

353 1507 387 1582 1]
404 1532 429 1584 o
448 1515 585 1586 nato
615 1513 826 1609 quondam
854 1535 924 1589 ser
937 1511 1139 1588 dohannis
1169 1513 1221 1588 de
1247 1511 1449 1602 venetiis,

353 1627 990 1711 serThomasioSelavo
1015 1631 1154 1712 scribe
1170 1633 1288 1712 curie
1306 1631 1450 1712 Scuta·

277 1743 280 1748 ’
353 1753 402 1836 ri,
419 1749 821 1830 aedchannino
851 1755 903 1832 de
920 1753 1109 1831 Venetiis
1124 1753 1293 1852 Georgii
1308 1755 1449 1832 Vene·

355 1869 468 1964 tiani,
497 1865 768 1974 stipendiario
786 1875 972 1974 equestri
990 1875 1028 1950 in
1045 1873 1241 1960 Scutaro,
1270 1875 1448 1952 testibus

354 1994 406 2072 ad
435 1991 700 2092 infrascripta
727 1995 888 2070 vocatis
916 1993 1158 2094 specialiter
1197 2003 1238 2070 et
1280 1994 1448 2092 rogatis,

358 2115 461 2194 Cum
491 2111 655 2202 hocsit,
685 2116 799 2214 quod
830 2115 939 2192 inter
969 2115 1231 2216 magnificum
1262 2123 1304 2191 et
1327 2137 1449 2212 gene·

356 2258 496 2311 rosum
554 2231 749 2321 militem,
797 2232 1008 2311 dominum
1062 2229 1447 2312 Franciscunr

355 2355 388 2432 B
406 2379 429 2430 e
445 2379 485 2430 m
502 2351 527 2428 b
545 2379 595 2437 ο,
622 2377 702 2457 pro
720 2353 992 2432 serenissimo
1023 2364 1064 2432 et
1091 2354 1351 2432 inclitissimo
1382 2353 1450 2430 du·

357 2474 437 2554 cali
465 2475 654 2553 dominio
679 2479 953 2555 Venetiarum
984 2475 1083 2553 olim
1114 2477 1358 2576 generalem
1388 2501 1450 2554 ca·

354 2595 567 2697 pitaneum
586 2595 752 2698 Culphi‚
782 2622 832 2675 ac
847 2598 1052 2675 sindicum
1070 2603 1111 2674 et
1125 2605 1450 2696 procuratorem

355 2715 552 2819 prelibati
583 2715 848 2793 illustrissimi
876 2715 1033 2794 ducalis
1048 2715 1235 2795 dominii
1255 2713 1450 2794 Venetia·

356 2861 461 2927 rum,
489 2837 828 2940 nomineprelali
857 2835 1114 2914 serenissimi
1140 2837 1450 2915 ducalisdomi·

356 2959 425 3046 nii,
453 2981 502 3034 ac
531 2957 698 3035 nomine
728 2963 772 3033 et
798 2957 905 3036 vice·
924 2957 1109 3034 omnium
1152 2956 1452 3056 colligatorum

355 3076 673 3166 adherentium,
711 3078 1134 3166 recomendatorum,
1164 3075 1451 3178 complicium,

354 3199 611 3300 sequacium,
627 3197 809 3274 fidelium
838 3207 964 3300 alque
980 3195 1242 3274 subditorum
1259 3197 1450 3293 ejusdem

355 3319 513 3398 ducalis
554 3316 725 3397 dominii
770 3343 940 3398 esuna
970 3329 1114 3420 parte,
1158 3327 1200 3396 et
1240 3317 1468 3420 prefatum.

354 3437 620 3540 magnificum
650 3450 692 3518 et
718 3447 936 3543 potentem
964 3441 1204 3530 dominum,
1235 3439 1449 3520 dominum

355 3562 674 3661 Georgium
703 3563 989 3664 quondam
1019 3561 1451 3662 Vulchisuoprc·

354 3681 448 3784 prio
491 3682 662 3761 nomine
702 3689 744 3758 et
785 3682 877 3760 rice
919 3681 1156 3758 innomine
1197 3678 1369 3759 illustris
1407 3693 1449 3760 et

353 3797 516 3882 excelsi
544 3801 745 3906 principis
762 3801 932 3890 domini,
960 3799 1115 3876 domiui
1155 3797 1446 3902 Stephani

355 3927 612 4027 dispoti,
651 3925 744 4001 dei
792 3923 987 4025 gratia
1028 3923 1198 4000 ducis
1239 3921 1446 4000 liassie

356 4055 436 4126 etc.
466 4071 516 4124 ae
544 4047 712 4124 nomine
742 4057 785 4125 et
813 4047 904 4124 viee
932 4044 1116 4122 omnium
1133 4057 1173 4120 et
1188 4044 1445 4143 singulorum

356 4167 656 4269 colligatorum
710 4167 999 4247 adherentium
1045 4166 1445 4245 rccomeudatorum
