3230 5104
1193 353 1258 432 un

167 569 296 652 dodra
322 570 505 658 domos,
548 587 656 668 quae
698 564 949 644 conveniant
990 565 1175 664 dignitati
1215 557 1258 647 et

168 691 325 768 honori
352 686 580 766 maiestatis
610 709 726 771 suae,
754 682 864 764 unde
878 685 919 763 in
935 683 1020 764 hoc
1049 685 1171 765 etiam
1187 687 1252 764 ha·

168 812 269 892 bere
296 833 378 891 uos
405 814 548 910 potest
575 805 729 886 merito
759 809 995 884 excusatos.

269 929 331 1008 Ad
360 935 573 1032 pardem
601 923 1033 1005 ballistariorum
1061 933 1103 1009 et
1130 926 1255 1004 selo·

164 1051 555 1156 petariurum,
593 1048 667 1153 qui
696 1052 895 1150 petuntur
924 1073 1022 1126 nasu
1052 1073 1136 1148 quo
1179 1055 1255 1128 sta·

163 1182 238 1252 tus·
257 1171 407 1274 prefati
424 1167 706 1272 ,serenissimi
740 1170 852 1267 regis
894 1167 1205 1270 opprimeretur
1232 1194 1255 1248 a

162 1293 199 1370 Τ
214 1319 239 1370 ιι
256 1318 277 1370 r
292 1313 315 1374 e
331 1316 374 1390 o,
403 1289 726 1395 respondemus:
753 1291 868 1390 quod
897 1289 997 1368 lieet
1019 1314 1098 1392 pro
1127 1291 1253 1370 multa
1294 1333 1301 1348 ·

164 1417 315 1497 virtute
333 1420 376 1494 et
392 1412 729 1511 magnanimitate
745 1410 974 1492 maiestatis
988 1435 1085 1491 suae
1108 1435 1157 1490 ao
1170 1436 1251 1514 pro

164 1541 244 1616 situ
273 1535 466 1636 passibus
493 1540 537 1610 et
565 1533 875 1615 conditionibus
904 1534 1097 1614 locorum
1119 1541 1254 1616 eiter-

163 1655 408 1738 rltoriorum
423 1677 609 1746 soonam,
626 1677 844 1756 speremus
871 1678 920 1731 ao
944 1662 1173 1742 teneamus,
1201 1663 1255 1736 et·

164 1775 414 1856 tentastiam
431 1773 734 1852 coniunctione
762 1779 806 1852 et
825 1772 935 1852 bona
964 1774 1118 1854 unione
1147 1776 1255 1855 lucta

165 1917 260 1976 oum
294 1893 448 1973 illustri
499 1893 735 1970 domino
789 1893 934 1972 dirce
988 1894 1252 1984 Stefana.

164 2018 279 2118 quod
307 2016 347 2092 in
375 2037 544 2094 emnem
573 2039 716 2094 casum
743 2021 942 2114 potenter
968 2021 1011 2094 et
1038 2015 1163 2094 unitis
1200 2016 1253 2092 vi·

165 2135 279 2216 ribus
308 2134 528 2238 prevalere
556 2159 603 2212 se
632 2139 859 2235 potuerunt
887 2144 1034 2226 centra
1053 2134 1252 2230 Turnum,

164 2261 401 2358 statumque
442 2277 560 2330 snum
603 2275 865 2331 conservare.
913 2255 1160 2333 Adrisamos
1197 2264 1250 2348 ta·

165 2399 260 2454 men
286 2377 424 2477 ipsum
451 2373 727 2477 spectabilem
755 2379 985 2461 oratorem,
1013 2377 1125 2477 quod
1147 2377 1251 2454 sieu-

169 2497 198 2574 ti
227 2497 351 2578 etiam
394 2497 560 2579 aliunde
605 2496 716 2576 seire
756 2497 920 2598 potuit,
959 2497 1173 2601 principes
1213 2507 1256 2578 et

166 2617 379 2718 potentiae
395 2617 655 2698 Christianae
682 2618 763 2694 iam
780 2619 1019 2698 exeitantur
1046 2627 1088 2698 et
1116 2619 1252 2725 dispo·

165 2743 319 2815 nuntur
338 2738 397 2822 -ad
424 2733 743 2841 procedendum
772 2737 933 2839 potenti
961 2760 1084 2818 manu
1103 2745 1251 2823 eontra

165 2857 364 2936 Turnum.
391 2856 442 2936 llt
470 2879 548 2934 nos
576 2879 747 2956 quoque
774 2879 853 2958 pro
882 2859 1250 2959 partenostraho·

166 3001 313 3055 norem
341 2975 409 3056 dei
435 2984 477 3053 et
504 2997 728 3056 commune
765 2977 925 3056 bonum
967 2977 1247 3058 Christianita-

165 3098 216 3178 tis
241 3099 384 3186 tueare
411 3097 686 3190 intendimus,
712 3121 797 3178 non
834 3091 1046 3198 parcendo
1087 3099 1249 3200 perieu-

160 3217 209 3297 lis
234 3243 317 3298 neo
344 3217 555 3320 expensis.
594 3217 647 3298 Et
673 3217 783 3298 ultra
812 3218 924 3318 qrrod
963 3216 1002 3294 in
1030 3218 1245 3300 satifeuti

159 3358 282 3419 onem
322 3337 472 3442 prefati
509 3338 765 3416 serenissimi
798 3337 912 3439 regis
953 3363 1096 3416 sumus
1136 3339 1245 3420 bene

161 3458 359 3548 contenti,
379 3460 501 3561 fquod
520 3485 609 3568 pro
636 3459 886 3540 defensione
912 3463 1044 3540 status
1072 3459 1137 3540 sui
1153 3483 1249 3539 oon·-

162 3586 225 3658 tra
252 3579 455 3668 Turnum,
484 3579 683 3682 aenipere
699 3581 912 3660 etbobere
941 3582 1075 3684 possit
1101 3579 1154 3660 de
1170 3588 1249 3662 ter·

162 3699 218 3778 ris
246 3708 289 3776 et
315 3700 421 3781 locis
449 3700 617 3788 nostris,
645 3703 698 3783 de
714 3699 948 3785 ballistariis
983 3701 1247 3804 selupeteriis

161 3826 204 3898 et
231 3819 532 3902 munitionibus
572 3845 650 3922 pro
687 3821 878 3924 pecuniis
918 3823 1032 3910 suis;
1072 3821 1247 3902 dioimus

163 3941 317 4032 etiarn,
360 3941 536 4043 quodsi
578 3940 813 4020 ridebimus
850 3941 890 4018 in
929 3943 1246 4044 opportunitati·

162 4061 610 4148 busmaiestatissuae‚
637 4063 1129 4165 praesteresiblfavores
1154 4087 1244 4141 nos·

163 4189 262 4280 tros,
291 4181 332 4260 id
359 4203 527 4284 semper
563 4179 741 4268 libenter
781 4182 1008 4270 laniemus,
1047 4183 1244 4284 quoniam
