3234 5116
347 481 410 545 lto

265 725 273 734 -
348 685 400 760 de
424 672 668 781 ionalgune
698 703 823 760 cosse
853 703 957 756 oven
975 703 1096 756 cossa
1126 677 1300 758 tosseno
1318 678 1439 757 deco·

219 851 224 858 -
346 799 453 881 bade
481 801 522 879 in
538 803 579 880 Ιο
608 806 757 880 nostro
788 823 937 900 regno,
965 823 1069 876 oven
1084 801 1122 877 in
1141 801 1287 900 sigona
1316 807 1438 902 parte

348 922 400 1000 de
440 923 591 1025 quatio,
621 947 724 1000 oven
747 922 793 1003 in
824 927 942 1024 parte
984 947 1007 998 e
1051 921 1177 1021 luogo
1218 921 1259 1000 di
1302 921 1437 999 nostci

349 1045 509 1130 baroni,
541 1043 636 1120 eta}
665 1050 810 1120 nostro
842 1039 1190 1121 comandamento
1221 1068 1244 1118 e
1274 1064 1444 1120 corona

350 1165 589 1268 composti,
639 1169 924 1266 promettemo
970 1171 1124 1262 quanto
1174 1187 1196 1238 a
1238 1165 1307 1238 nui
1344 1185 1461 1263 sena!

349 1283 561 1390 possibile,
591 1281 671 1362 che
688 1283 757 1358 nui
783 1305 830 1356 se
854 1281 1134 1358 adovcenenao
1158 1281 1445 1360 eioczacemo·

353 1405 405 1482 de
448 1405 507 1481 iar
550 1403 678 1506 queiii
723 1401 868 1478 eimedi
898 1427 920 1476 e
948 1400 1181 1504 provision,
1210 1399 1291 1480 che
1319 1425 1340 1478 a
1369 1403 1444 1478 nui·

348 1536 499 1629 pane'na
529 1523 626 1602 boni
655 1551 677 1600 e
705 1517 961 1619 neccessacij
990 1545 1013 1596 e
1043 1523 1096 1598 de
1127 1519 1330 1622 besogno.
1360 1547 1440 1626 per

350 1645 582 1722 satisfation
611 1645 663 1722 de
694 1644 731 1718 ia
759 1639 922 1743 prodite
948 1641 1244 1734 mercadantie‚
1275 1641 1312 1716 le
1343 1643 1437 1741 quai

347 1765 470 1856 fosse
500 1767 602 1844 toite
645 1790 668 1840 e
709 1761 925 1841 denobade
956 1787 976 1838 a
1005 1764 1016 1838 i
1047 1761 1200 1866 prediti
1229 1761 1438 1840 Viniciani

348 1885 502 1966 subditi
531 1911 553 1961 e
583 1885 707 1962 fedeli
737 1883 802 1962 del
830 1881 1001 1987 prefato
1029 1881 1179 1959 missen
1206 1883 1246 1960 io
1274 1884 1387 1960 doxe
1415 1907 1444 1958 e*

350 2007 418 2086 dei
448 2031 601 2084 comnn
645 2004 942 2095 deveniens,
971 2029 996 2080 o
1026 2026 1103 2080 vec
1142 2002 1191 2078 ad
1234 2003 1356 2102 algon
1386 2005 1440 2080 de

351 2127 494 2228 quelli.
523 2125 627 2203 item
656 2129 939 2230 promettemo
971 2151 992 2202 e
1015 2147 1134 2204 semo
1152 2127 1356 2214 contenti,
1372 2123 1443 2203 chi

296 2285 303 2294 „
348 2245 500 2350 prediti
541 2245 745 2324 Viniciani
788 2243 910 2321 soditi
940 2253 976 2326 'c
1008 2243 1120 2321 fideli
1161 2245 1228 2320 dei
1272 2243 1438 2344 prefato

347 2367 497 2443 misser
527 2367 567 2442 io
598 2365 706 2444 doxe
725 2391 747 2440 e
765 2366 830 2444 dei
861 2387 1012 2444 nomon
1042 2365 1093 2440 de
1109 2363 1327 2450 Veniexia,
1345 2389 1437 2462 veg-

345 2489 483 2566 nando
513 2489 663 2576 stando
693 2488 732 2562 in
763 2488 802 2566 io
820 2496 968 2565 nostro
999 2511 1130 2587 regno
1148 2484 1228 2564 ein
1258 2484 1445 2582 chodac,

346 2623 397 2686 na
424 2617 544 2710 parte
573 2611 625 2686 de
655 2609 810 2708 quello,
830 2632 1012 2711 possano
1043 2609 1259 2713 expendes
1288 2607 1325 2682 ta
1355 2630 1439 2683 mo·

348 2725 454 2807 neda
482 2728 552 2806 dei
582 2729 746 2832 pretato
775 2729 927 2806 missen
956 2729 996 2804 lo
1020 2722 1255 2804 doxeedei
1284 2749 1439 2805 comnn

348 2848 399 2925 de
416 2847 634 2940 Veniens,
651 2846 804 2926 como'i
820 2847 998 2948 Ragusei
1029 2847 1065 2924 ai
1093 2855 1295 2950 presente
1323 2869 1439 2950 spen·

347 2969 458 3046 deno
488 2967 524 3045 ia
553 2993 643 3058 soa,
674 2993 697 3044 e
727 2968 765 3042 te
795 2967 900 3044 altre
928 2966 1194 3065 genet-ezion,
1224 2963 1303 3043 che
1344 2965 1439 3042 vien

347 3089 386 3164 in
424 3089 464 3164 io
494 3093 641 3184 nostro
685 3110 817 3182 regno
847 3111 869 3162 e
899 3089 938 3164 in
971 3085 1184 3164 chadauna
1228 3091 1348 3187 parte
1388 3086 1440 3163 de

381 3205 509 3293 ueiio,
541 3206 577 3284 ia
608 3203 789 3284 monada
818 3203 859 3280 di
887 3231 934 3282 so
964 3205 1139 3305 signori.
1168 3203 1441 3303 Ondevojan-

348 3229 403 3401 io
431 3325 470 3400 in
499 3331 588 3402 tuto
619 3351 641 3400 e
670 3349 746 3429 pen
789 3332 878 3404 toto
922 3327 1063 3427 quelle
1092 3349 1231 3423 cosso,
1276 3323 1358 3406 che
1387 3327 1439 3402 de

349 3469 447 3522 sona
476 3467 499 3522 c
528 3443 581 3522 de
622 3451 717 3523 soto
759 3472 802 3522 se
833 3446 1014 3530 contien,
1058 3447 1096 3522 le
1125 3446 1219 3546 quai
1260 3444 1438 3526 havemo

284 3617 289 3632 =
349 3564 568 3669 praticado
599 3594 623 3642 e
663 3566 866 3645 concluso
897 3591 979 3644 con
1018 3568 1056 3642 et
1086 3566 1248 3668 prodito
1277 3576 1439 3672 specta·

353 3686 447 3763 belo
477 3695 520 3764 et
548 3683 719 3786 egregio
749 3685 892 3775 homo,
921 3686 1069 3763 missen
1098 3686 1329 3766 ZanZonzi
1359 3715 1437 3768 am·

349 3805 543 3884 baxiator
584 3806 649 3884 dei
681 3805 845 3908 prefato
885 3797 1105 3884 missen'io
1136 3809 1276 3895 doxe,
1319 3811 1437 3888 edei

353 3952 507 4006 comnn
543 3927 594 4004 de
619 3927 842 4022 Venicxia,
875 3925 1078 4005 observas
1106 3953 1128 4005 e
1160 3929 1221 4006 ian
1248 3930 1437 4030 integrat·

350 4059 489 4126 mente
526 4047 741 4137 observas,
770 4075 845 4128 azo
876 4049 954 4128 che
985 4046 1197 4128 i’amon'ia
1226 4051 1437 4132 dilicione

351 4169 387 4245 ia
416 4170 528 4248 bona
558 4169 771 4266 amistade,
802 4169 955 4249 habbia
982 4172 1019 4248 et
1052 4195 1268 4251 crescere
1298 4175 1439 4251 amoi-

354 4288 519 4391 tipiiear
548 4291 655 4367 intro
684 4293 753 4369 nui
793 4317 814 4368 e
845 4294 867 4369 i’
890 4293 1056 4396 prefato
1087 4292 1234 4373 misser
1259 4293 1299 4372 io
1329 4295 1439 4373 doxe
