3212 5116
338 597 433 654 cum
461 573 545 650 suis
574 566 848 661 furnimentis,
875 597 955 676 pro
972 573 1250 675 suapecunia,
1278 595 1422 653 secun·

338 697 435 774 dum
463 692 781 796 requisitionem
809 715 940 770 suam.

437 827 587 908 Ultimo
624 829 785 906 dicatur
821 830 939 906 'dicto
981 825 1266 918 ambaxatori‚
1309 833 1425 933 quod

337 950 567 1050 insignum
596 949 765 1028 sincere
792 955 835 1026 et
862 947 1080 1050 perfectae
1108 949 1325 1043 amicitiae,
1353 978 1424 1029 vo·

338 1073 474 1148 iurnus
503 1070 618 1174 quod
647 1069 783 1147 dictus
810 1068 1004 1145 dominus
1035 1067 1212 1148 Carolus
1229 1066 1234 1079 '
1254 1069 1424 1171 promit·

337 1199 396 1270 tat
425 1197 538 1268 etse
568 1187 729 1286 obliget
760 1194 909 1266 nostro
952 1188 1165 1278 dominio,
1194 1189 1245 1268 de
1273 1189 1425 1268 haben·

338 1314 391 1389 do
422 1334 572 1392 omnes
599 1319 771 1389 nostros
800 1308 961 1388 amicos
989 1335 1069 1414 pro
1111 1310 1255 1390 amicis
1283 1318 1325 1388 et
1349 1310 1422 1389 ini·

339 1434 566 1534 micospro
582 1429 771 1510 inimicis.
798 1429 1001 1509 Nosrero
1033 1429 1303 1508 offerimuset
1331 1454 1424 1532 pro·

330 1553 537 1630 mittimus
567 1549 680 1630 dieto
708 1549 902 1642 domino,
935 1551 1049 1653 quod
1090 1549 1424 1652 quandocunque

340 1673 431 1776 ipse
458 1672 637 1752 haberet
664 1693 858 1769 guerram
886 1669 952 1746 ret
981 1668 1206 1748 novitatem
1236 1693 1330 1748 eum
1359 1669 1424 1746 aii·

339 1819 422 1896 quo
452 1792 620 1868 domino
649 1791 717 1866 vei
744 1811 927 1894 persona
955 1789 1068 1868 tideii
1095 1789 1162 1866 vel
1190 1787 1357 1879 infideli,
1381 1789 1423 1867 in

339 1907 443 1988 mari
472 1911 582 1988 etin
611 1916 738 1994 terra,
767 1907 976 1984 mittemus
1003 1909 1088 1984 suis
1115 1911 1336 2012 expensis,
1365 1907 1425 1985 iiii

339 2029 511 2109 domino
554 2028 621 2107 vel
646 2051 870 2132 personae,
899 2027 933 2104 si
963 2027 1168 2132 placuerit
1194 2027 1271 2132 ipsi
1298 2027 1424 2107 ‹iorni-

339 2149 602 2236 nocareto,
642 2154 808 2225 nostras
848 2147 1098 2226 litterasve!
1137 2148 1423 2242 ambaxiatam‚

339 2273 389 2350 ad
431 2271 740 2373 procurandum
781 2268 833 2344 de
874 2267 1135 2370 pacificando
1179 2275 1221 2346 et
1248 2291 1424 2348 concor·

339 2390 474 2472 dando
513 2391 653 2492 ipsum
695 2413 790 2466 cum
822 2387 895 2464 iliu
923 2389 991 2465 vei
1020 2387 1124 2474 iliis,
1154 2412 1250 2468 eum
1278 2387 1423 2490 quibus

339 2511 490 2588 dictam
517 2529 715 2607 guerram
742 2508 809 2586 vel
828 2507 1055 2586 novitatem
1084 2506 1272 2600 haberet,
1288 2507 1424 2614 intren-

339 2631 394 2710 tie
421 2626 500 2706 sibi
529 2629 699 2730 ubique,
727 2637 937 2742 tamquam
967 2627 1048 2706 civi
1075 2634 1236 2708 nostro.

796 2763 888 2832 Misti
912 2765 967 2830 del
989 2761 1133 2830 Senatu
1157 2763 1228 2828 XL.
1254 2763 1308 2828 cn.
1330 2765 1382 2828 n.

340 2951 527 3054 culli.
557 2969 1122 3050 raae.1nur0t.1x.ure
1164 2970 1420 3048 veneris

695 3095 756 3172 17.
798 3092 1064 3192 Augusti.

338 3247 535 3326 nysoroiie
558 3264 640 3321 raro
673 3242 867 3322 nccrasasy'
900 3247 1128 3306 Maerentem
1164 3249 1300 3308 nurum
1325 3251 1425 3330 ‹byc-

337 3373 437 3432 npn,
471 3371 510 3426 aa
533 3367 624 3412 nnnc
658 3368 845 3427 yronaparn
870 3369 908 3410 ea
933 3355 1228 3427 nyuouotnnaous
1254 3373 1271 3410 u
1295 3372 1422 3414 nocua·

394 3475 527 3517 eunoun
552 3459 662 3532 Kapsa
685 3435 817 3524 Tenis,
841 3473 940 3514 nacae
965 3454 1110 3516 annania
1135 3476 1152 3514 n
1178 3475 1369 3536 rocnonapa

789 3563 976 3636 Apertam..

394 3676 631 3756 Sindicatus
657 3701 736 3781 pro
766 3677 887 3756 factis
916 3677 941 3754 d
958 3702 983 3755 o
1001 3702 1039 3754 m
1057 3677 1138 3755 ini
1171 3675 1203 3757 C
1220 3700 1242 3752 a
1259 3704 1279 3754 r
1295 3705 1319 3756 o
1337 3677 1373 3754 li

706 3877 708 3882 .
745 3798 820 3906 Th
840 3825 902 3904 op
916 3800 963 3878 ia
979 3825 1017 3878 e.

439 3935 487 4014 ln
504 3933 658 4015 Christi
686 3939 869 4016 nomine.
895 3941 1041 4019 Amen.
1068 3937 1293 4027 Natiuitatis
1323 3940 1425 4036 ejus-

341 4058 436 4134 dem
457 4055 677 4134 millesimo
708 4059 1007 4137 tercentesimo
1036 4057 1320 4157 octuagesimo
1336 4081 1424 4134 sex·

346 4185 405 4276 to,
434 4175 661 4254 indictione
688 4201 811 4268 nona,
840 4178 905 4256 die
931 4179 1112 4256 Veneris
1142 4175 1306 4256 decimo
1336 4197 1423 4277 sep·
