<?xml version="1.0" encoding="UTF-8"?>
<!DOCTYPE html PUBLIC "-//W3C//DTD XHTML 1.0 Transitional//EN"
    "http://www.w3.org/TR/xhtml1/DTD/xhtml1-transitional.dtd">
<html xmlns="http://www.w3.org/1999/xhtml" xml:lang="en" lang="en">
 <head>
  <title>
</title>
<meta http-equiv="Content-Type" content="text/html;charset=utf-8" />
  <meta name='ocr-system' content='tesseract 3.04.00' />
  <meta name='ocr-capabilities' content='ocr_page ocr_carea ocr_par ocr_line ocrx_word'/>
</head>
<body>
  <div class='ocr_page' id='page_1' title='image "./actaarchivivene00sergoog_0126.png"; bbox 0 0 3192 5112; ppageno 0'>
   <div class='ocr_carea' id='block_1_1' title="bbox 328 375 431 448">
    <p class='ocr_par' dir='ltr' id='par_1_1' title="bbox 328 375 431 448">
     <span class='ocr_line' id='line_1_1' title="bbox 328 375 431 448; baseline 0.019 -2"><span class='ocrx_word' id='word_1_1' title='bbox 328 375 431 448; x_wconf 61' lang='lat' dir='ltr'><strong>iffi·</strong></span> 
     </span>
    </p>
   </div>
   <div class='ocr_carea' id='block_1_2' title="bbox 327 585 1423 1032">
    <p class='ocr_par' dir='ltr' id='par_1_2' title="bbox 327 585 1423 1032">
     <span class='ocr_line' id='line_1_2' title="bbox 328 585 1421 680; baseline 0.002 -16"><span class='ocrx_word' id='word_1_2' title='bbox 328 585 465 668; x_wconf 70' lang='lat' dir='ltr'><strong>dictum</strong></span> <span class='ocrx_word' id='word_1_3' title='bbox 492 589 552 666; x_wconf 89' lang='lat' dir='ltr'><strong>sal</strong></span> <span class='ocrx_word' id='word_1_4' title='bbox 579 587 824 667; x_wconf 74' lang='lat' dir='ltr'><strong>restituatur</strong></span> <span class='ocrx_word' id='word_1_5' title='bbox 851 588 966 666; x_wconf 89' lang='lat' dir='ltr'><strong>dicto</strong></span> <span class='ocrx_word' id='word_1_6' title='bbox 1009 588 1151 668; x_wconf 92' lang='lat' dir='ltr'><strong>comiti</strong></span> <span class='ocrx_word' id='word_1_7' title='bbox 1194 587 1421 680; x_wconf 84' lang='lat' dir='ltr'><strong>Maladiuo,</strong></span> 
     </span>
     <span class='ocr_line' id='line_1_3' title="bbox 333 705 1422 812; baseline 0.002 -28"><span class='ocrx_word' id='word_1_8' title='bbox 333 706 367 784; x_wconf 82' lang='lat' dir='ltr'><strong>si</strong></span> <span class='ocrx_word' id='word_1_9' title='bbox 395 707 451 785; x_wconf 87' lang='lat' dir='ltr'><strong>ita</strong></span> <span class='ocrx_word' id='word_1_10' title='bbox 480 705 569 812; x_wconf 36' lang='lat' dir='ltr'><strong>erit·</strong></span> <span class='ocrx_word' id='word_1_11' title='bbox 588 713 632 784; x_wconf 88' lang='lat' dir='ltr'><strong>ut</strong></span> <span class='ocrx_word' id='word_1_12' title='bbox 658 707 861 784; x_wconf 83' lang='lat' dir='ltr'><strong>habemus</strong></span> <span class='ocrx_word' id='word_1_13' title='bbox 888 729 966 808; x_wconf 87' lang='lat' dir='ltr'><strong>per</strong></span> <span class='ocrx_word' id='word_1_14' title='bbox 1006 706 1138 786; x_wconf 83' lang='lat' dir='ltr'><strong>dictas</strong></span> <span class='ocrx_word' id='word_1_15' title='bbox 1166 709 1326 788; x_wconf 77' lang='lat' dir='ltr'><strong>litteras</strong></span> <span class='ocrx_word' id='word_1_16' title='bbox 1353 729 1422 786; x_wconf 86' lang='lat' dir='ltr'><strong>oo·</strong></span> 
     </span>
     <span class='ocr_line' id='line_1_4' title="bbox 327 825 1423 928; baseline -0.001 -25"><span class='ocrx_word' id='word_1_17' title='bbox 327 825 659 915; x_wconf 84' lang='lat' dir='ltr'><strong>mltlsMaladini,</strong></span> <span class='ocrx_word' id='word_1_18' title='bbox 688 833 729 904; x_wconf 91' lang='lat' dir='ltr'><strong>et</strong></span> <span class='ocrx_word' id='word_1_19' title='bbox 757 827 955 928; x_wconf 87' lang='lat' dir='ltr'><strong>quidquid</strong></span> <span class='ocrx_word' id='word_1_20' title='bbox 982 827 1023 903; x_wconf 88' lang='lat' dir='ltr'><strong>in</strong></span> <span class='ocrx_word' id='word_1_21' title='bbox 1050 826 1133 906; x_wconf 86' lang='lat' dir='ltr'><strong>hoo</strong></span> <span class='ocrx_word' id='word_1_22' title='bbox 1160 825 1354 906; x_wconf 87' lang='lat' dir='ltr'><strong>habuerit</strong></span> <span class='ocrx_word' id='word_1_23' title='bbox 1380 835 1423 905; x_wconf 85' lang='lat' dir='ltr'><strong>et</strong></span> 
     </span>
     <span class='ocr_line' id='line_1_5' title="bbox 334 945 1358 1032; baseline 0.004 -12"><span class='ocrx_word' id='word_1_24' title='bbox 334 946 494 1032; x_wconf 85' lang='lat' dir='ltr'><strong>iecerit,</strong></span> <span class='ocrx_word' id='word_1_25' title='bbox 522 945 643 1024; x_wconf 88' lang='lat' dir='ltr'><strong>nobis</strong></span> <span class='ocrx_word' id='word_1_26' title='bbox 670 946 822 1025; x_wconf 88' lang='lat' dir='ltr'><strong>debeat</strong></span> <span class='ocrx_word' id='word_1_27' title='bbox 849 946 936 1024; x_wconf 89' lang='lat' dir='ltr'><strong>suis</strong></span> <span class='ocrx_word' id='word_1_28' title='bbox 966 946 1115 1024; x_wconf 85' lang='lat' dir='ltr'><strong>litteris</strong></span> <span class='ocrx_word' id='word_1_29' title='bbox 1143 947 1358 1024; x_wconf 80' lang='lat' dir='ltr'><strong>denotare.</strong></span> 
     </span>
    </p>
   </div>
   <div class='ocr_carea' id='block_1_3' title="bbox 469 1113 1378 1403">
    <p class='ocr_par' dir='ltr' id='par_1_3' title="bbox 469 1113 1378 1403">
     <span class='ocr_line' id='line_1_6' title="bbox 510 1113 1378 1222; baseline -0.008 -36"><span class='ocrx_word' id='word_1_30' title='bbox 510 1217 512 1222; x_wconf 23' lang='grc' dir='ltr'>Ι</span> <span class='ocrx_word' id='word_1_31' title='bbox 751 1117 856 1184; x_wconf 86' lang='lat' dir='ltr'><strong>Secr.</strong></span> <span class='ocrx_word' id='word_1_32' title='bbox 882 1117 1013 1206; x_wconf 79' lang='lat' dir='ltr'><strong>Rogat.</strong></span> <span class='ocrx_word' id='word_1_33' title='bbox 1038 1115 1114 1180; x_wconf 86' lang='lat' dir='ltr'><strong>Lib.</strong></span> <span class='ocrx_word' id='word_1_34' title='bbox 1137 1113 1160 1176; x_wconf 92' lang='lat' dir='ltr'><strong>l.</strong></span> <span class='ocrx_word' id='word_1_35' title='bbox 1185 1117 1224 1180; x_wconf 80' lang='grc' dir='ltr'><strong>Α.</strong></span> <span class='ocrx_word' id='word_1_36' title='bbox 1250 1117 1303 1182; x_wconf 89' lang='lat' dir='ltr'><strong>oh.</strong></span> <span class='ocrx_word' id='word_1_37' title='bbox 1326 1117 1378 1181; x_wconf 68' lang='lat'><strong>94.</strong></span> 
     </span>
     <span class='ocr_line' id='line_1_7' title="bbox 469 1305 1282 1403; baseline 0 -1"><span class='ocrx_word' id='word_1_38' title='bbox 469 1305 724 1403; x_wconf 78' lang='lat' dir='ltr'><strong>LXXXI·</strong></span> <span class='ocrx_word' id='word_1_39' title='bbox 763 1325 872 1403; x_wconf 69' lang='grc'>1347.</span> <span class='ocrx_word' id='word_1_40' title='bbox 912 1325 960 1400; x_wconf 86' lang='grc'><strong>10</strong></span> <span class='ocrx_word' id='word_1_41' title='bbox 994 1321 1022 1398; x_wconf 83' lang='lat' dir='ltr'>J</span> <span class='ocrx_word' id='word_1_42' title='bbox 1036 1324 1282 1402; x_wconf 85' lang='lat' dir='ltr'><strong>aunarii.</strong></span> 
     </span>
    </p>
   </div>
   <div class='ocr_carea' id='block_1_4' title="bbox 324 1497 1420 1820">
    <p class='ocr_par' dir='ltr' id='par_1_4' title="bbox 324 1497 1420 1820">
     <span class='ocr_line' id='line_1_8' title="bbox 324 1497 1420 1612; baseline -0.007 -16"><span class='ocrx_word' id='word_1_43' title='bbox 324 1536 537 1596; x_wconf 69' lang='grc' dir='ltr'>-ὃιιιιοιιιιο</span> <span class='ocrx_word' id='word_1_44' title='bbox 561 1551 601 1592; x_wconf 80' lang='lat' dir='ltr'><strong>sa</strong></span> <span class='ocrx_word' id='word_1_45' title='bbox 623 1533 732 1609; x_wconf 75' lang='lat' dir='ltr'><strong>uostly</strong></span> <span class='ocrx_word' id='word_1_46' title='bbox 767 1535 849 1592; x_wconf 80' lang='lat' dir='ltr'><strong>daus</strong></span> <span class='ocrx_word' id='word_1_47' title='bbox 883 1537 1020 1612; x_wconf 79' lang='lat' dir='ltr'><strong>Boane,</strong></span> <span class='ocrx_word' id='word_1_48' title='bbox 1052 1497 1246 1610; x_wconf 21' lang='lat' dir='ltr'><strong>qonylorars</strong></span> <span class='ocrx_word' id='word_1_49' title='bbox 1279 1535 1420 1608; x_wconf 77' lang='lat' dir='ltr'><strong>Mapuay</strong></span> 
     </span>
     <span class='ocr_line' id='line_1_9' title="bbox 334 1639 1419 1718; baseline -0.004 -20"><span class='ocrx_word' id='word_1_50' title='bbox 334 1641 446 1714; x_wconf 58' lang='lat' dir='ltr'><strong>ilaus!</strong></span> <span class='ocrx_word' id='word_1_51' title='bbox 481 1655 702 1712; x_wconf 74' lang='lat' dir='ltr'><strong>oporaaron</strong></span> <span class='ocrx_word' id='word_1_52' title='bbox 737 1656 801 1698; x_wconf 64' lang='lat' dir='ltr'><strong>aas</strong></span> <span class='ocrx_word' id='word_1_53' title='bbox 835 1639 964 1718; x_wconf 63' lang='lat' dir='ltr'><strong>ocupa,</strong></span> <span class='ocrx_word' id='word_1_54' title='bbox 996 1657 1035 1712; x_wconf 65' lang='lat' dir='ltr'><strong>pa</strong></span> <span class='ocrx_word' id='word_1_55' title='bbox 1071 1654 1111 1697; x_wconf 84' lang='lat' dir='ltr'><strong>co</strong></span> <span class='ocrx_word' id='word_1_56' title='bbox 1146 1653 1239 1696; x_wconf 80' lang='grc' dir='ltr'>ιοιιιι</span> <span class='ocrx_word' id='word_1_57' title='bbox 1273 1654 1419 1712; x_wconf 77' lang='lat' dir='ltr'><strong>sparnro</strong></span> 
     </span>
     <span class='ocr_line' id='line_1_10' title="bbox 618 1741 1132 1820; baseline 0.006 -21"><span class='ocrx_word' id='word_1_58' title='bbox 618 1744 722 1816; x_wconf 76' lang='lat' dir='ltr'><strong>syba,</strong></span> <span class='ocrx_word' id='word_1_59' title='bbox 747 1760 807 1800; x_wconf 76' lang='lat' dir='ltr'><strong>aro</strong></span> <span class='ocrx_word' id='word_1_60' title='bbox 832 1741 885 1802; x_wconf 84' lang='lat' dir='ltr'><strong>uia</strong></span> <span class='ocrx_word' id='word_1_61' title='bbox 909 1759 985 1802; x_wconf 84' lang='lat' dir='ltr'><strong>mro</strong></span> <span class='ocrx_word' id='word_1_62' title='bbox 1010 1761 1132 1820; x_wconf 70' lang='grc' dir='ltr'>κριιιιι.</span> 
     </span>
    </p>
   </div>
   <div class='ocr_carea' id='block_1_5' title="bbox 325 1910 1515 4306">
    <p class='ocr_par' dir='ltr' id='par_1_5' title="bbox 325 1910 1515 4306">
     <span class='ocr_line' id='line_1_11' title="bbox 431 1910 1422 2014; baseline -0.001 -25"><span class='ocrx_word' id='word_1_63' title='bbox 431 1910 574 2012; x_wconf 90' lang='lat' dir='ltr'><strong>Capta:</strong></span> <span class='ocrx_word' id='word_1_64' title='bbox 616 1935 711 1989; x_wconf 90' lang='lat' dir='ltr'><strong>cum</strong></span> <span class='ocrx_word' id='word_1_65' title='bbox 739 1915 935 2012; x_wconf 87' lang='lat' dir='ltr'><strong>tempore</strong></span> <span class='ocrx_word' id='word_1_66' title='bbox 962 1934 1167 2011; x_wconf 80' lang='lat' dir='ltr'><strong>guerrae,</strong></span> <span class='ocrx_word' id='word_1_67' title='bbox 1195 1937 1303 2014; x_wconf 87' lang='lat' dir='ltr'><strong>quae</strong></span> <span class='ocrx_word' id='word_1_68' title='bbox 1330 1919 1422 1990; x_wconf 85' lang='lat' dir='ltr'><strong>orat</strong></span> 
     </span>
     <span class='ocr_line' id='line_1_12' title="bbox 325 2031 1419 2135; baseline -0.003 -24"><span class='ocrx_word' id='word_1_69' title='bbox 325 2033 437 2112; x_wconf 91' lang='lat' dir='ltr'><strong>inter</strong></span> <span class='ocrx_word' id='word_1_70' title='bbox 462 2040 650 2110; x_wconf 90' lang='lat' dir='ltr'><strong>nostrum</strong></span> <span class='ocrx_word' id='word_1_71' title='bbox 679 2031 904 2110; x_wconf 88' lang='lat' dir='ltr'><strong>dominium</strong></span> <span class='ocrx_word' id='word_1_72' title='bbox 922 2041 963 2112; x_wconf 88' lang='lat' dir='ltr'><strong>et</strong></span> <span class='ocrx_word' id='word_1_73' title='bbox 984 2033 1224 2112; x_wconf 80' lang='lat' dir='ltr'><strong>Jadratinos</strong></span> <span class='ocrx_word' id='word_1_74' title='bbox 1252 2032 1419 2135; x_wconf 86' lang='lat' dir='ltr'><strong>quidam</strong></span> 
     </span>
     <span class='ocr_line' id='line_1_13' title="bbox 325 2151 1421 2232; baseline -0.001 -2"><span class='ocrx_word' id='word_1_75' title='bbox 325 2153 583 2232; x_wconf 86' lang='lat' dir='ltr'><strong>Marinus</strong></span> <span class='ocrx_word' id='word_1_76' title='bbox 609 2151 806 2230; x_wconf 86' lang='lat' dir='ltr'><strong>Paulus</strong></span> <span class='ocrx_word' id='word_1_77' title='bbox 833 2154 894 2230; x_wconf 87' lang='lat' dir='ltr'><strong>dc</strong></span> <span class='ocrx_word' id='word_1_78' title='bbox 921 2152 1083 2231; x_wconf 69' lang='lat' dir='ltr'><strong>‹ladra</strong></span> <span class='ocrx_word' id='word_1_79' title='bbox 1110 2153 1300 2232; x_wconf 84' lang='lat' dir='ltr'><strong>bannitus</strong></span> <span class='ocrx_word' id='word_1_80' title='bbox 1329 2153 1421 2230; x_wconf 82' lang='lat' dir='ltr'><strong>iuis.</strong></span> 
     </span>
     <span class='ocr_line' id='line_1_14' title="bbox 326 2271 1420 2376; baseline 0.001 -26"><span class='ocrx_word' id='word_1_81' title='bbox 326 2279 392 2351; x_wconf 82' lang='lat' dir='ltr'><strong>set</strong></span> <span class='ocrx_word' id='word_1_82' title='bbox 418 2274 471 2350; x_wconf 86' lang='lat' dir='ltr'><strong>de</strong></span> <span class='ocrx_word' id='word_1_83' title='bbox 497 2271 637 2362; x_wconf 78' lang='lat' dir='ltr'><strong>dodra,</strong></span> <span class='ocrx_word' id='word_1_84' title='bbox 665 2299 745 2376; x_wconf 91' lang='lat' dir='ltr'><strong>per</strong></span> <span class='ocrx_word' id='word_1_85' title='bbox 773 2273 870 2351; x_wconf 85' lang='lat' dir='ltr'><strong>illos</strong></span> <span class='ocrx_word' id='word_1_86' title='bbox 898 2276 968 2375; x_wconf 90' lang='lat' dir='ltr'><strong>qui</strong></span> <span class='ocrx_word' id='word_1_87' title='bbox 997 2283 1094 2352; x_wconf 89' lang='lat' dir='ltr'><strong>tuno</strong></span> <span class='ocrx_word' id='word_1_88' title='bbox 1122 2274 1255 2376; x_wconf 83' lang='lat' dir='ltr'><strong>ipsam</strong></span> <span class='ocrx_word' id='word_1_89' title='bbox 1282 2275 1420 2351; x_wconf 89' lang='lat' dir='ltr'><strong>oivita·</strong></span> 
     </span>
     <span class='ocr_line' id='line_1_15' title="bbox 326 2393 1421 2494; baseline 0.001 -24"><span class='ocrx_word' id='word_1_90' title='bbox 326 2403 412 2470; x_wconf 83' lang='lat' dir='ltr'><strong>tem</strong></span> <span class='ocrx_word' id='word_1_91' title='bbox 442 2397 670 2494; x_wconf 85' lang='lat' dir='ltr'><strong>regebant,</strong></span> <span class='ocrx_word' id='word_1_92' title='bbox 700 2399 743 2471; x_wconf 92' lang='lat' dir='ltr'><strong>et</strong></span> <span class='ocrx_word' id='word_1_93' title='bbox 769 2403 815 2470; x_wconf 86' lang='lat' dir='ltr'><strong>ul</strong></span> <span class='ocrx_word' id='word_1_94' title='bbox 841 2393 964 2472; x_wconf 90' lang='lat' dir='ltr'><strong>nobis</strong></span> <span class='ocrx_word' id='word_1_95' title='bbox 993 2393 1140 2473; x_wconf 86' lang='lat' dir='ltr'><strong>scribit</strong></span> <span class='ocrx_word' id='word_1_96' title='bbox 1175 2403 1323 2471; x_wconf 86' lang='lat' dir='ltr'><strong>noster</strong></span> <span class='ocrx_word' id='word_1_97' title='bbox 1350 2417 1421 2474; x_wconf 86' lang='lat' dir='ltr'><strong>co·</strong></span> 
     </span>
     <span class='ocr_line' id='line_1_16' title="bbox 326 2511 1419 2618; baseline 0.004 -29"><span class='ocrx_word' id='word_1_98' title='bbox 326 2535 416 2594; x_wconf 90' lang='lat' dir='ltr'><strong>mes</strong></span> <span class='ocrx_word' id='word_1_99' title='bbox 442 2511 661 2616; x_wconf 83' lang='lat' dir='ltr'><strong>Tragurii.</strong></span> <span class='ocrx_word' id='word_1_100' title='bbox 688 2517 759 2617; x_wconf 91' lang='lat' dir='ltr'><strong>qui</strong></span> <span class='ocrx_word' id='word_1_101' title='bbox 784 2517 871 2594; x_wconf 89' lang='lat' dir='ltr'><strong>hoo</strong></span> <span class='ocrx_word' id='word_1_102' title='bbox 898 2515 1019 2594; x_wconf 82' lang='lat' dir='ltr'><strong>scirit</strong></span> <span class='ocrx_word' id='word_1_103' title='bbox 1046 2539 1068 2592; x_wconf 88' lang='lat' dir='ltr'><strong>a</strong></span> <span class='ocrx_word' id='word_1_104' title='bbox 1095 2514 1309 2618; x_wconf 89' lang='lat' dir='ltr'><strong>pluribus,</strong></span> <span class='ocrx_word' id='word_1_105' title='bbox 1337 2515 1419 2594; x_wconf 90' lang='lat' dir='ltr'><strong>dic·</strong></span> 
     </span>
     <span class='ocr_line' id='line_1_17' title="bbox 331 2635 1419 2737; baseline -0.006 -20"><span class='ocrx_word' id='word_1_106' title='bbox 331 2647 397 2717; x_wconf 89' lang='lat' dir='ltr'><strong>lus</strong></span> <span class='ocrx_word' id='word_1_107' title='bbox 424 2635 610 2713; x_wconf 86' lang='lat' dir='ltr'><strong>Marinus</strong></span> <span class='ocrx_word' id='word_1_108' title='bbox 639 2637 829 2715; x_wconf 89' lang='lat' dir='ltr'><strong>bannitus</strong></span> <span class='ocrx_word' id='word_1_109' title='bbox 858 2636 986 2714; x_wconf 83' lang='lat' dir='ltr'><strong>luerit</strong></span> <span class='ocrx_word' id='word_1_110' title='bbox 1011 2637 1293 2734; x_wconf 87' lang='lat' dir='ltr'><strong>solummodo,</strong></span> <span class='ocrx_word' id='word_1_111' title='bbox 1323 2637 1419 2737; x_wconf 87' lang='lat' dir='ltr'><strong>qnia</strong></span> 
     </span>
     <span class='ocr_line' id='line_1_18' title="bbox 327 2755 1420 2858; baseline -0.003 -22"><span class='ocrx_word' id='word_1_112' title='bbox 327 2757 459 2838; x_wconf 85' lang='lat' dir='ltr'><strong>voluit</strong></span> <span class='ocrx_word' id='word_1_113' title='bbox 486 2755 587 2833; x_wconf 84' lang='lat' dir='ltr'><strong>dare</strong></span> <span class='ocrx_word' id='word_1_114' title='bbox 624 2775 823 2858; x_wconf 86' lang='lat' dir='ltr'><strong>operam,</strong></span> <span class='ocrx_word' id='word_1_115' title='bbox 854 2763 900 2833; x_wconf 90' lang='lat' dir='ltr'><strong>ut</strong></span> <span class='ocrx_word' id='word_1_116' title='bbox 925 2757 1050 2857; x_wconf 82' lang='lat' dir='ltr'><strong>aliqui</strong></span> <span class='ocrx_word' id='word_1_117' title='bbox 1077 2756 1322 2856; x_wconf 84' lang='lat' dir='ltr'><strong>Tragurini,</strong></span> <span class='ocrx_word' id='word_1_118' title='bbox 1351 2758 1420 2857; x_wconf 92' lang='lat' dir='ltr'><strong>qui</strong></span> 
     </span>
     <span class='ocr_line' id='line_1_19' title="bbox 333 2875 1421 2975; baseline -0.004 -17"><span class='ocrx_word' id='word_1_119' title='bbox 333 2885 430 2958; x_wconf 91' lang='lat' dir='ltr'><strong>tunc</strong></span> <span class='ocrx_word' id='word_1_120' title='bbox 472 2885 589 2954; x_wconf 89' lang='lat' dir='ltr'><strong>erant</strong></span> <span class='ocrx_word' id='word_1_121' title='bbox 626 2877 664 2952; x_wconf 90' lang='lat' dir='ltr'><strong>in</strong></span> <span class='ocrx_word' id='word_1_122' title='bbox 702 2879 948 2956; x_wconf 85' lang='lat' dir='ltr'><strong>carceribus</strong></span> <span class='ocrx_word' id='word_1_123' title='bbox 991 2875 1174 2975; x_wconf 77' lang='lat' dir='ltr'><strong>dodras,</strong></span> <span class='ocrx_word' id='word_1_124' title='bbox 1211 2879 1263 2953; x_wconf 89' lang='lat' dir='ltr'><strong>de</strong></span> <span class='ocrx_word' id='word_1_125' title='bbox 1300 2876 1421 2954; x_wconf 84' lang='lat' dir='ltr'><strong>dictis</strong></span> 
     </span>
     <span class='ocr_line' id='line_1_20' title="bbox 332 2997 1420 3102; baseline -0.006 -22"><span class='ocrx_word' id='word_1_126' title='bbox 332 3001 575 3081; x_wconf 86' lang='lat' dir='ltr'><strong>carceribus</strong></span> <span class='ocrx_word' id='word_1_127' title='bbox 616 2997 867 3099; x_wconf 87' lang='lat' dir='ltr'><strong>evaderent,</strong></span> <span class='ocrx_word' id='word_1_128' title='bbox 912 3003 953 3075; x_wconf 86' lang='lat' dir='ltr'><strong>et</strong></span> <span class='ocrx_word' id='word_1_129' title='bbox 992 3023 1070 3102; x_wconf 91' lang='lat' dir='ltr'><strong>per</strong></span> <span class='ocrx_word' id='word_1_130' title='bbox 1111 3001 1199 3097; x_wconf 83' lang='lat' dir='ltr'><strong>ejus</strong></span> <span class='ocrx_word' id='word_1_131' title='bbox 1246 3021 1420 3101; x_wconf 88' lang='lat' dir='ltr'><strong>operam</strong></span> 
     </span>
     <span class='ocr_line' id='line_1_21' title="bbox 328 3119 1421 3222; baseline -0.004 -24"><span class='ocrx_word' id='word_1_132' title='bbox 328 3121 455 3222; x_wconf 80' lang='lat' dir='ltr'><strong>aliqui</strong></span> <span class='ocrx_word' id='word_1_133' title='bbox 482 3127 718 3206; x_wconf 86' lang='lat' dir='ltr'><strong>evaserunt,</strong></span> <span class='ocrx_word' id='word_1_134' title='bbox 748 3127 791 3197; x_wconf 88' lang='lat' dir='ltr'><strong>et</strong></span> <span class='ocrx_word' id='word_1_135' title='bbox 817 3121 842 3196; x_wconf 97' lang='lat' dir='ltr'><strong>d</strong></span> <span class='ocrx_word' id='word_1_136' title='bbox 859 3145 884 3196; x_wconf 95' lang='lat' dir='ltr'><strong>o</strong></span> <span class='ocrx_word' id='word_1_137' title='bbox 900 3121 1047 3196; x_wconf 91' lang='lat' dir='ltr'><strong>minu</strong></span> <span class='ocrx_word' id='word_1_138' title='bbox 1064 3143 1082 3196; x_wconf 90' lang='lat' dir='ltr'><strong>s</strong></span> <span class='ocrx_word' id='word_1_139' title='bbox 1111 3121 1136 3197; x_wconf 95' lang='lat' dir='ltr'><strong>b</strong></span> <span class='ocrx_word' id='word_1_140' title='bbox 1151 3143 1278 3196; x_wconf 88' lang='lat' dir='ltr'><strong>anus</strong></span> <span class='ocrx_word' id='word_1_141' title='bbox 1304 3119 1421 3195; x_wconf 87' lang='lat' dir='ltr'><strong>Bos·</strong></span> 
     </span>
     <span class='ocr_line' id='line_1_22' title="bbox 327 3237 1423 3337; baseline -0.002 -21"><span class='ocrx_word' id='word_1_142' title='bbox 327 3239 374 3317; x_wconf 89' lang='lat' dir='ltr'><strong>si</strong></span> <span class='ocrx_word' id='word_1_143' title='bbox 392 3261 521 3326; x_wconf 84' lang='lat' dir='ltr'><strong>nae,</strong></span> <span class='ocrx_word' id='word_1_144' title='bbox 565 3242 681 3337; x_wconf 84' lang='lat' dir='ltr'><strong>cujus</strong></span> <span class='ocrx_word' id='word_1_145' title='bbox 710 3247 754 3316; x_wconf 92' lang='lat' dir='ltr'><strong>ut</strong></span> <span class='ocrx_word' id='word_1_146' title='bbox 782 3237 940 3328; x_wconf 85' lang='lat' dir='ltr'><strong>scribit,</strong></span> <span class='ocrx_word' id='word_1_147' title='bbox 969 3239 1101 3314; x_wconf 87' lang='lat' dir='ltr'><strong>dictus</strong></span> <span class='ocrx_word' id='word_1_148' title='bbox 1129 3237 1314 3314; x_wconf 87' lang='lat' dir='ltr'><strong>Marinus</strong></span> <span class='ocrx_word' id='word_1_149' title='bbox 1344 3237 1423 3314; x_wconf 86' lang='lat' dir='ltr'><strong>luit</strong></span> 
     </span>
     <span class='ocr_line' id='line_1_23' title="bbox 329 3358 1421 3462; baseline -0.006 -23"><span class='ocrx_word' id='word_1_150' title='bbox 329 3367 451 3439; x_wconf 83' lang='lat' dir='ltr'><strong>atest</strong></span> <span class='ocrx_word' id='word_1_151' title='bbox 470 3359 664 3462; x_wconf 84' lang='lat' dir='ltr'><strong>specialis</strong></span> <span class='ocrx_word' id='word_1_152' title='bbox 692 3358 888 3446; x_wconf 84' lang='lat' dir='ltr'><strong>servitor,</strong></span> <span class='ocrx_word' id='word_1_153' title='bbox 914 3358 1101 3436; x_wconf 87' lang='lat' dir='ltr'><strong>dominio</strong></span> <span class='ocrx_word' id='word_1_154' title='bbox 1130 3365 1277 3437; x_wconf 88' lang='lat' dir='ltr'><strong>nostro</strong></span> <span class='ocrx_word' id='word_1_155' title='bbox 1307 3365 1421 3462; x_wconf 83' lang='lat' dir='ltr'><strong>petat</strong></span> 
     </span>
     <span class='ocr_line' id='line_1_24' title="bbox 328 3479 1419 3582; baseline -0.002 -25"><span class='ocrx_word' id='word_1_156' title='bbox 328 3479 380 3559; x_wconf 90' lang='lat' dir='ltr'><strong>de</strong></span> <span class='ocrx_word' id='word_1_157' title='bbox 408 3479 562 3582; x_wconf 81' lang='lat' dir='ltr'><strong>gratia,</strong></span> <span class='ocrx_word' id='word_1_158' title='bbox 590 3485 635 3556; x_wconf 87' lang='lat' dir='ltr'><strong>ut</strong></span> <span class='ocrx_word' id='word_1_159' title='bbox 662 3479 812 3558; x_wconf 91' lang='lat' dir='ltr'><strong>dictam</strong></span> <span class='ocrx_word' id='word_1_160' title='bbox 856 3479 1243 3558; x_wconf 88' lang='lat' dir='ltr'><strong>condemnationem</strong></span> <span class='ocrx_word' id='word_1_161' title='bbox 1273 3489 1419 3558; x_wconf 82' lang='lat' dir='ltr'><strong>corrtra</strong></span> 
     </span>
     <span class='ocr_line' id='line_1_25' title="bbox 329 3599 1419 3705; baseline -0.002 -27"><span class='ocrx_word' id='word_1_162' title='bbox 329 3603 464 3705; x_wconf 89' lang='lat' dir='ltr'><strong>ipsum</strong></span> <span class='ocrx_word' id='word_1_163' title='bbox 480 3601 687 3678; x_wconf 89' lang='lat' dir='ltr'><strong>Marinum</strong></span> <span class='ocrx_word' id='word_1_164' title='bbox 718 3601 881 3687; x_wconf 87' lang='lat' dir='ltr'><strong>laetam,</strong></span> <span class='ocrx_word' id='word_1_165' title='bbox 911 3599 1133 3679; x_wconf 85' lang='lat' dir='ltr'><strong>cancellari</strong></span> <span class='ocrx_word' id='word_1_166' title='bbox 1163 3601 1419 3694; x_wconf 80' lang='lat' dir='ltr'><strong>mandemus,</strong></span> 
     </span>
     <span class='ocr_line' id='line_1_26' title="bbox 328 3719 1420 3822; baseline 0.002 -26"><span class='ocrx_word' id='word_1_167' title='bbox 328 3721 441 3800; x_wconf 81' lang='lat' dir='ltr'><strong>radit</strong></span> <span class='ocrx_word' id='word_1_168' title='bbox 467 3745 577 3822; x_wconf 86' lang='lat' dir='ltr'><strong>pars,</strong></span> <span class='ocrx_word' id='word_1_169' title='bbox 607 3720 722 3822; x_wconf 91' lang='lat' dir='ltr'><strong>quod</strong></span> <span class='ocrx_word' id='word_1_170' title='bbox 751 3719 896 3795; x_wconf 88' lang='lat' dir='ltr'><strong>intuitu</strong></span> <span class='ocrx_word' id='word_1_171' title='bbox 927 3721 1026 3798; x_wconf 89' lang='lat' dir='ltr'><strong>dicti</strong></span> <span class='ocrx_word' id='word_1_172' title='bbox 1063 3720 1260 3797; x_wconf 88' lang='lat' dir='ltr'><strong>domini</strong></span> <span class='ocrx_word' id='word_1_173' title='bbox 1289 3722 1420 3808; x_wconf 83' lang='lat' dir='ltr'><strong>bani,</strong></span> 
     </span>
     <span class='ocr_line' id='line_1_27' title="bbox 329 3841 1419 3920; baseline 0 0"><span class='ocrx_word' id='word_1_174' title='bbox 329 3841 595 3920; x_wconf 85' lang='lat' dir='ltr'><strong>considerata</strong></span> <span class='ocrx_word' id='word_1_175' title='bbox 623 3841 747 3918; x_wconf 89' lang='lat' dir='ltr'><strong>etiam</strong></span> <span class='ocrx_word' id='word_1_176' title='bbox 778 3863 902 3918; x_wconf 86' lang='lat' dir='ltr'><strong>causa</strong></span> <span class='ocrx_word' id='word_1_177' title='bbox 930 3842 1066 3919; x_wconf 88' lang='lat' dir='ltr'><strong>dictae</strong></span> <span class='ocrx_word' id='word_1_178' title='bbox 1108 3843 1419 3920; x_wconf 88' lang='lat' dir='ltr'><strong>condemnatio·</strong></span> 
     </span>
     <span class='ocr_line' id='line_1_28' title="bbox 329 3959 1421 4051; baseline 0.002 -15"><span class='ocrx_word' id='word_1_179' title='bbox 329 3961 419 4051; x_wconf 85' lang='lat' dir='ltr'><strong>nis,</strong></span> <span class='ocrx_word' id='word_1_180' title='bbox 459 3963 680 4038; x_wconf 86' lang='lat' dir='ltr'><strong>mandetur</strong></span> <span class='ocrx_word' id='word_1_181' title='bbox 722 3960 868 4039; x_wconf 89' lang='lat' dir='ltr'><strong>comiti</strong></span> <span class='ocrx_word' id='word_1_182' title='bbox 903 3968 945 4037; x_wconf 86' lang='lat' dir='ltr'><strong>et</strong></span> <span class='ocrx_word' id='word_1_183' title='bbox 978 3959 1224 4036; x_wconf 88' lang='lat' dir='ltr'><strong>consiliariis</strong></span> <span class='ocrx_word' id='word_1_184' title='bbox 1252 3959 1421 4051; x_wconf 80' lang='lat' dir='ltr'><strong>dadrae,</strong></span> 
     </span>
     <span class='ocr_line' id='line_1_29' title="bbox 330 4079 1515 4188; baseline 0.001 -31"><span class='ocrx_word' id='word_1_185' title='bbox 330 4081 442 4183; x_wconf 90' lang='lat' dir='ltr'><strong>quod</strong></span> <span class='ocrx_word' id='word_1_186' title='bbox 470 4079 690 4182; x_wconf 87' lang='lat' dir='ltr'><strong>inquirant,</strong></span> <span class='ocrx_word' id='word_1_187' title='bbox 717 4083 752 4158; x_wconf 87' lang='lat' dir='ltr'><strong>si</strong></span> <span class='ocrx_word' id='word_1_188' title='bbox 780 4081 915 4160; x_wconf 88' lang='lat' dir='ltr'><strong>dictus</strong></span> <span class='ocrx_word' id='word_1_189' title='bbox 943 4081 1128 4156; x_wconf 89' lang='lat' dir='ltr'><strong>Marinus</strong></span> <span class='ocrx_word' id='word_1_190' title='bbox 1156 4080 1232 4158; x_wconf 85' lang='lat' dir='ltr'><strong>luit</strong></span> <span class='ocrx_word' id='word_1_191' title='bbox 1269 4084 1421 4159; x_wconf 86' lang='lat' dir='ltr'><strong>conde·</strong></span> <span class='ocrx_word' id='word_1_192' title='bbox 1507 4171 1515 4188; x_wconf 25' lang='grc' dir='ltr'>ὓ</span> 
     </span>
     <span class='ocr_line' id='line_1_30' title="bbox 334 4201 1422 4306; baseline 0.001 -26"><span class='ocrx_word' id='word_1_193' title='bbox 334 4209 495 4282; x_wconf 82' lang='lat' dir='ltr'><strong>mnatus</strong></span> <span class='ocrx_word' id='word_1_194' title='bbox 525 4202 754 4283; x_wconf 83' lang='lat' dir='ltr'><strong>occasione</strong></span> <span class='ocrx_word' id='word_1_195' title='bbox 783 4202 1026 4306; x_wconf 84' lang='lat' dir='ltr'><strong>praedicta,</strong></span> <span class='ocrx_word' id='word_1_196' title='bbox 1057 4207 1100 4278; x_wconf 90' lang='lat' dir='ltr'><strong>et</strong></span> <span class='ocrx_word' id='word_1_197' title='bbox 1126 4202 1160 4278; x_wconf 88' lang='lat' dir='ltr'><strong>si</strong></span> <span class='ocrx_word' id='word_1_198' title='bbox 1187 4201 1422 4281; x_wconf 87' lang='lat' dir='ltr'><strong>invenerint</strong></span> 
     </span>
    </p>
   </div>
   <div class='ocr_carea' id='block_1_6' title="bbox 0 0 1610 5112">
    <p class='ocr_par' dir='ltr' id='par_1_6' title="bbox 0 0 1610 5112">
     <span class='ocr_line' id='line_1_31' title="bbox 0 0 1610 5112; baseline 0 0"><span class='ocrx_word' id='word_1_199' title='bbox 0 0 1610 5112; x_wconf 95' lang='lat' dir='ltr'><strong> </strong></span> 
     </span>
    </p>
   </div>
  </div>
 </body>
</html>
