3220 5118
337 565 789 648 Antoniomsndtwm
816 571 1111 671 prescriptum,
1125 569 1178 650 ab
1194 569 1307 656 carni
1321 571 1436 650 dan
1569 556 1572 565 ’

339 709 394 764 no
422 686 609 768 diotone-
631 711 756 766 oausa
783 687 863 769 sibi
889 687 1222 778 inter-veniendo,
1247 713 1334 766 non
1362 693 1434 767 ob·

338 804 542 886 stantibus
581 804 787 906 aliquibus
806 806 969 905 jnribus
1010 809 1100 888 sive
1144 807 1362 886 ordinibus
1390 807 1433 884 in

339 926 599 1004 contrarium
628 927 911 1028 loquentibus.

438 1045 528 1146 Ego
570 1047 723 1128 Paulus
764 1074 835 1129 ser
873 1049 1001 1130 Vanis
1025 1095 1027 1098 -
1051 1051 1104 1128 de
1144 1047 1338 1126 Abrianis
1379 1047 1433 1126 de

337 1165 483 1245 Monte
509 1165 691 1257 Elbaro,
721 1169 917 1272 publicus
944 1169 1153 1273 imperiali
1180 1167 1433 1248 auctoritate

337 1287 537 1377 noerius,
560 1291 668 1369 etad
686 1315 861 1393 presens
883 1296 1046 1391 juratus
1073 1291 1263 1371 notarius
1292 1315 1431 1371 comu·

337 1409 401 1486 nis
429 1407 597 1495 Catari,
637 1409 721 1488 hiis
749 1411 945 1494 omnibns
974 1420 1017 1492 et
1043 1412 1214 1512 singulis
1237 1432 1433 1512 presens

337 1528 521 1617 interfui,
539 1534 593 1606 set
620 1540 793 1630 rogatus
819 1533 1013 1612 scribere
1040 1532 1203 1635 scripsi,
1230 1538 1274 1613 et
1295 1531 1337 1613 in
1363 1555 1434 1634 pu·

336 1648 486 1730 blicam
516 1650 696 1734 formum
716 1655 979 1736 demandato
1006 1655 1136 1754 ipsius
1165 1649 1432 1752 numanitatis

338 1772 499 1871 redegi,
526 1771 776 1876 signumque
804 1798 942 1856 meum
972 1782 1219 1856 consuetum
1242 1775 1432 1876 apposui.

444 1891 534 1991 Ego
563 1892 761 1984 Nicotaus
788 1895 855 1974 de
883 1895 960 1972 Bo
976 1895 1092 1974 liza
1112 1899 1277 1995 juratus
1297 1891 1431 1992 Judex

335 2037 403 2089 mo
430 1999 624 2116 supripsi.
750 2063 753 2068 -
1176 2103 1177 2106 p

440 2133 532 2234 Ego
559 2132 777 2214 «lohannes
809 2137 1019 2239 quondam
1045 2134 1320 2216 ser-Tritonis
1346 2133 1431 2210 Bu·

316 2253 476 2342 schie,
499 2257 665 2354 juratus
687 2259 820 2356 judex
847 2281 914 2336 me
942 2255 1188 2361 subscripsi.

446 2373 537 2474 Ego
566 2375 955 2478 Paulusquondam
995 2377 1193 2456 Buchs
1233 2375 1298 2453 de
1341 2374 1433 2450 Bn-

343 2492 483 2584 chia·
497 2498 662 2596 juratus
691 2497 858 2578 auditor
885 2523 952 2576 rne
981 2496 1227 2599 subscripsi.

841 2633 1150 2704 Commentariale
1175 2633 1235 2701 xl.
1259 2633 1316 2696 ch.
1338 2633 1391 2700 ar.

402 2837 664 2942 OOGVll.
694 2865 805 2942 naa
833 2861 1048 2944 rueret.
1073 2856 1188 2938 xnr.
1218 2864 1253 2937 a.
1278 2855 1368 2936 re·

645 2980 889 3061 bruerii.
920 2981 1129 3061 Catari.

332 3133 451 3196 naono
475 3155 642 3213 reposans
666 3137 860 3201 cataronis
874 3139 1009 3218 Hyante,
1023 3150 1248 3208 nooaaroopn
1271 3121 1431 3194 comesne

401 3259 503 3319 rpapa.
525 3248 658 3320 Korope
679 3261 785 3320 synay
809 3246 1030 3304 muraenam,
1052 3244 1150 3302 tuan
1172 3241 1364 3324 Moesum-o.

334 3395 470 3474 Litora
511 3395 771 3474 credulitatis
809 3397 850 3473 in
886 3419 1112 3502 personam
1154 3392 1429 3497 suprascripti

560 3519 659 3593 ‘ser
686 3515 934 3596 Antonii
962 3513 1173 3614 Puctij.

334 3671 615 3753 Serenissimo
646 3672 826 3774 principi
852 3677 895 3750 et
908 3667 1272 3751 excellentissimo
1300 3665 1427 3746 domi·

333 3791 1114 3891 no,dominoThomeMocenigo
1143 3787 1427 3888 divinagratia

398 3915 519 3994 duci
546 3913 892 3992 venetiarum
920 3922 1001 4018 etc.
1027 3911 1198 3994 domino
1227 3916 1376 3990 nostro

704 4033 1050 4134 singularissimo.
1196 4107 1199 4110 .

440 4186 720 4270 serenissime
767 4186 968 4291 princeps
1007 4195 1050 4266 et
1077 4183 1425 4270 excellentissime
