3230 5104
185 597 314 676 robus
340 603 505 688 nostris,
531 609 576 678 ut
603 603 692 702 ipsa
723 601 846 680 ctiam
872 608 993 704 parte
1025 603 1181 682 domini
1210 581 1274 679 oui

186 727 587 799 commemorarunt.
630 719 816 821 ideoque
859 721 1045 820 dicimus,
1077 722 1188 824 quod
1218 731 1271 799 at·

184 840 310 917 tentis
338 841 495 919 artibus
524 847 566 918 et
594 843 787 920 versutiis
816 844 915 931 suis,
930 842 1152 944 diligentes
1179 867 1272 946 pre·

184 961 309 1039 fatum
338 962 551 1040 dominum
580 964 962 1042 sicutcarissimum
991 964 1178 1052 fratrem,
1195 965 1273 1042 tarr·
1387 973 1392 986 ’

186 1082 330 1160 damus
360 1084 581 1185 plurimum
611 1091 654 1162 et
680 1085 898 1162 hortamur
926 1110 1019 1161 eum
1049 1083 1159 1160 adse
1190 1085 1271 1161 uni·

189 1203 340 1280 endum
382 1211 423 1280 et
465 1206 573 1283 hene
629 1205 942 1305 intelligendum
986 1229 1079 1282 cum
1123 1227 1273 1281 sere-

186 1325 437 1404 nissimo
468 1349 607 1426 rege
651 1327 928 1412 Bossine‚
965 1325 1076 1404 utin
1107 1349 1272 1404 omnem

186 1468 327 1521 casum
355 1447 479 1524 unitis
507 1448 665 1525 viribus
700 1473 747 1526 se
777 1449 884 1527 tueri
915 1455 1086 1550 possent
1127 1451 1275 1526 contra

189 1588 453 1642 communem
483 1566 663 1644 hostem.
692 1567 1007 1668 Laudamusque
1050 1587 1273 1668 magnope-

192 1677 261 1771 re,
293 1691 337 1762 ut
365 1685 405 1763 id
433 1687 567 1789 ipsum
598 1687 722 1765 faciat
764 1713 856 1766 curn
894 1685 1165 1765 serenissimo
1203 1711 1274 1764 re·

187 1827 253 1904 ge
282 1805 594 1905 Hungarie,
624 1816 666 1884 ut
706 1808 937 1909 potentiori
967 1832 1087 1883 manu
1116 1832 1162 1884 se
1191 1817 1274 1885 tuc-

189 1926 223 2002 ri
252 1931 294 2001 et
323 1926 445 2003 etiam
475 1925 642 2004 hostem
672 1927 884 2005 offendere
912 1927 1091 2029 possint.
1119 1923 1218 2003 Nam
1233 1931 1276 2002 et

188 2072 266 2124 nos
294 2045 529 2126 advisamus
557 2048 852 2124 exceltentiam
879 2071 1009 2130 suam,
1039 2046 1152 2149 quod
1168 2049 1274 2148 apud

189 2170 464 2244 Summum
499 2165 857 2244 Pontificem
885 2169 1030 2244 damus
1074 2165 1275 2243 omnimo·

191 2287 286 2366 dam
301 2311 487 2390 operam,
505 2289 618 2389 quod
634 2288 767 2366 mittat
794 2287 933 2366 subito
951 2284 991 2362 in
1021 2284 1130 2362 Hun
1146 2308 1205 2384 ga
1223 2283 1276 2360 ri·

186 2434 257 2487 am
286 2433 411 2486 unum
441 2409 834 2487 reverendissimum
861 2410 1279 2509 legatumcumpro·

188 2529 417 2608 visionibus
435 2529 697 2633 opportunis,
713 2538 758 2608 ut
786 2531 862 2633 ipsi
879 2531 966 2629 regi
982 2534 1211 2626 augeantur
1224 2527 1277 2602 vi·

189 2673 256 2728 res
267 2648 449 2748 gentium
467 2659 508 2728 et
524 2649 691 2727 favores
710 2659 859 2728 contra
874 2649 1082 2750 prefatum
1101 2647 1277 2724 hostem.

187 2769 233 2846 ln
262 2793 342 2870 qua
373 2793 419 2846 re
448 2795 526 2846 nos
555 2770 677 2846 etiam
721 2769 896 2848 facimus
932 2774 973 2843 et
1001 2791 1172 2870 semper
1199 2767 1278 2845 fac·

193 2891 273 2966 turi
301 2911 457 2979 sumus,
485 2887 684 2989 quidquid
717 2888 816 2966 honi
845 2912 865 2962 a
896 2887 1017 2964 nobis
1044 2887 1213 2987 poterit.

291 3009 352 3084 De
378 3006 600 3109 privilegio
629 3031 701 3084 seu
730 3007 968 3110 potentinus
1011 3005 1161 3083 titteris
1187 3029 1279 3081 nos·

189 3126 289 3214 tris,
332 3133 433 3228 quas
477 3125 765 3204 reconfirmari
804 3133 950 3228 petunt
992 3147 1069 3228 pro
1111 3121 1278 3200 domiuo

191 3271 293 3333 suo,
324 3249 587 3348 receptando
630 3249 667 3324 in
712 3248 816 3325 focis
861 3247 1018 3324 nostris
1060 3269 1153 3322 cum
1196 3243 1280 3321 suis

189 3369 224 3446 si
278 3371 507 3465 cogeretur
562 3393 584 3442 a
638 3369 820 3467 potentia
881 3365 1011 3442 Turci
1054 3364 1275 3442 discedere

192 3497 235 3566 et
262 3497 345 3567 cet.
375 3488 561 3575 dicimus,
597 3489 710 3591 quod
740 3487 989 3566 confidimus
1019 3490 1056 3564 in
1093 3485 1279 3564 bonitate

191 3609 326 3688 divina
356 3619 397 3686 et
426 3614 465 3686 in
492 3611 643 3685 virtute
660 3616 701 3684 et
717 3609 1054 3708 magnan'mitate
1071 3607 1277 3684 excelleo·

191 3731 275 3808 tiae
302 3755 428 3820 suae,
464 3733 573 3832 quod
605 3755 813 3832 nunquam
844 3731 1010 3808 eveniet
1040 3751 1162 3806 casus
1190 3729 1280 3815 iste;

164 3854 265 3930 'sed
293 3859 429 3930 tamen
457 3850 496 3928 in
524 3853 849 3930 satisfactionem
879 3847 1164 3952 requisitionis
1191 3873 1281 3938 sue,

198 3974 386 4050 contenti
421 3995 564 4049 sumus
612 3969 918 4048 reconfirmare
956 3968 1098 4044 libenti
1128 3966 1281 4054 animo,

199 4117 280 4192 que
311 4091 390 4168 sibi
420 4090 520 4166 alias
536 4087 810 4192 promisimus
835 4087 948 4166 circa
978 4087 1076 4178 hoc,
1106 4095 1147 4164 et
1175 4085 1280 4160 face·

196 4236 243 4288 re
272 4209 352 4288 sibi
381 4209 645 4311 privilegium
672 4234 746 4286 seu
778 4214 969 4312 patentes
1000 4207 1156 4285 litteras
1186 4231 1277 4284 nos-

194 4340 280 4409 tras
308 4331 348 4408 in
377 4331 512 4434 ampla
541 4337 583 4408 et
611 4333 852 4434 opportuna
889 4325 1038 4405 forma.
