3186 5112
204 599 552 694 caminatam
583 596 813 696 querellae,
843 601 886 672 et
901 597 1014 696 quod
1044 597 1184 676 cuncti
1216 597 1297 674 aoi-

203 726 305 795 rant
331 719 388 804 id,
404 717 519 818 quod
547 741 626 820 per
652 725 809 795 sortem
837 715 915 792 sibi
943 724 1096 816 tanget,
1117 723 1159 795 et
1175 719 1298 817 rigni·

206 837 372 917 mando
407 840 532 917 nobis
558 846 704 940 presto
748 837 887 912 omnia
928 861 1037 938 quae
1079 838 1229 916 feeerit
1258 840 1297 916 in
1382 899 1387 908 .

207 957 328 1036 faotis
355 958 605 1060 praedietis,
645 967 691 1036 ut
718 961 847 1035 simus
876 958 928 1035 de
958 956 1150 1036 omnibus
1177 959 1298 1036 infor·

206 1077 320 1154 mati.
349 1077 560 1156 Avisando
589 1079 723 1179 ipsum
752 1080 800 1155 ad
831 1079 1048 1167 cautelam,
1078 1077 1190 1178 quod
1219 1101 1297 1182 per

208 1199 544 1278 informationem
574 1223 695 1300 quam
732 1201 956 1285 habemus,
998 1201 1031 1272 G
1047 1223 1070 1276 e
1087 1225 1113 1276 o
1131 1201 1219 1298 rgi
1237 1223 1297 1276 ua

207 1319 532 1398 Strazimir
574 1319 816 1398 etBaisa
857 1316 1103 1402 nunnitus,
1140 1320 1217 1398 iata
1246 1321 1297 1400 de

209 1463 333 1518 eausa
385 1445 622 1542 posuerunt
676 1438 828 1516 cottam
881 1437 966 1514 suis
1019 1437 1192 1515 subditis
1245 1440 1297 1518 de

174 1584 296 1656 ,uno
324 1559 477 1638 ducato
518 1543 598 1661 pro
626 1561 750 1660 igne,
791 1567 836 1636 nt
861 1567 1007 1662 posset
1034 1561 1202 1638 solvere
1231 1562 1297 1638 tri-

212 1683 356 1761 butum
386 1679 570 1758 Turchis
597 1703 676 1782 pro
706 1681 831 1756 terris
857 1677 1071 1782 predictis.

312 1815 365 1892 lit
392 1817 577 1894 ovisetur
603 1817 725 1892 etiarn
756 1817 806 1893 ad
836 1815 1058 1904 cautelam,
1084 1813 1196 1916 quod
1225 1839 1295 1893 no·

1 1898 3 1986 ἕ
52 1996 56 2006 ,
207 1937 274 2013 bis
301 1934 516 2013 videretur
558 1935 650 2012 iore
679 1935 833 2012 bonurn
875 1957 1038 2038 ponere
1079 1959 1158 2034 pro
1200 1935 1295 2035 igne

208 2057 404 2133 ducatum
449 2053 686 2146 dimidium,
727 2079 851 2132 unum
880 2055 1073 2131 ducatum
1102 2059 1144 2130 et
1170 2079 1295 2132 unum

58 2171 62 2181 ’
207 2201 304 2258 eorm
332 2175 517 2264 dimidio,
543 2179 787 2259 secundum*
804 2175 1125 2278 possibilitatem
1153 2199 1295 2276 perso·

205 2320 378 2381 narum,
419 2304 577 2379 tantum
607 2300 718 2400 quod
755 2296 900 2376 subter
939 2321 1063 2400 supra
1104 2295 1295 2378 veniatur

204 2413 259 2496 ad
288 2413 494 2494 rationem
526 2415 646 2494 unius
674 2416 813 2496 ducati
841 2439 920 2518 pro
948 2415 1057 2516 igne.

475 2555 579 2622 Secr.
605 2553 716 2620 cons.
741 2556 916 2644 Rogator·
940 2551 1014 2620 Lib.
1037 2555 1098 2620 lv.
1120 2555 1176 2622 ch.
1197 2557 1251 2622 er.

246 2756 481 2856 coniti.
510 2782 623 2856 mro.
652 2777 861 2858 indict.
889 2777 961 2856 111.
992 2785 1051 2857 ιε.
1077 2779 1254 2861 tunm.

206 2970 402 3046 nominey
425 2989 520 3032 rneaa
544 2971 676 3030 Hatera
700 2967 911 3048 ogro'napace,
943 2991 980 3044 aa
1003 2991 1093 3034 nona
1117 2977 1176 3037 nin
1200 2979 1291 3051 tylia,

207 3093 225 3132 a
250 3093 286 3146 aa
311 3077 351 3132 ie
374 3092 411 3130 na
434 3073 651 3150 npean'oarerra
675 3091 741 3148 ομ,
765 3079 846 3134 aira
867 3077 1010 3148 annena,
1046 3095 1169 3150 aonern
1195 3096 1287 3151 orro-

374 3193 458 3253 nopr,
484 3194 568 3234 noar,
591 3195 799 3254 ynpaanrear,
826 3181 950 3256 Cnaapa
973 3199 991 3237 n
1013 3183 1126 3256 ,lipara

311 3360 466 3463 Capta:
512 3362 616 3442 Cum
645 3364 771 3442 fuerit
790 3369 877 3465 J‘am
906 3367 973 3444 diu
1001 3364 1071 3445 hio
1104 3367 1291 3446 Venetiia

208 3505 315 3562 unua
342 3485 617 3566 ambassiator
644 3487 881 3564 comitis
921 3487 1192 3572 Niohetae,
1219 3486 1289 3589 qui

201 3603 487 3704 praetentavit
513 3606 641 3684 multa
670 3608 861 3708 capitula,
889 3616 1079 3713 etauper
1104 3609 1289 3712 praedio·

208 3720 261 3798 tia
301 3721 573 3802 habuerimus
616 3726 954 3805 informationem
983 3755 1007 3806 o
1033 3735 1177 3806 nostro
1220 3751 1288 3805 eo·

207 3843 308 3920 mite
336 3851 379 3921 et
407 3844 626 3948 capitaneo
671 3845 926 3935 Scirtari,
961 3870 1039 3950 per
1067 3851 1156 3928 eins
1184 3845 1289 3926 titte-

207 3983 297 4054 Νη
326 3973 368 4043 et
395 3991 474 4070 pro
504 3971 616 4048 omni
644 3972 757 4048 bono
787 3977 981 4075 respectu
1010 3971 1114 4048 utiie
1139 3973 1192 4050 sit
1217 3969 1287 4048 dii·

206 4085 296 4162 iere
326 4086 376 4163 ad
404 4087 580 4166 dandum
611 4115 858 4193 responsum
887 4091 1068 4171 addicta
1096 4091 1287 4196 capitula,

206 4209 343 4309 aitque
372 4215 415 4286 et
438 4201 598 4323 tronum
628 4235 711 4290 non
741 4215 923 4310 retinere
950 4215 1125 4317 amptius
1152 4213 1284 4316 ipsum

210 4337 428 4408 oratorem
456 4330 546 4422 hic:
585 4333 710 4414 Vadit
735 4357 845 4439 pars:
872 4335 992 4435 Quod
1020 4331 1183 4416 ditatur
1208 4333 1287 4436 ipsi
