3226 5112
1214 388 1280 464 idi

182 571 305 680 datur
338 610 506 705 tempus
531 603 571 678 in
600 601 737 702 longis
763 601 961 705 pratieie,
989 601 1180 680 debeatis
1208 603 1279 680 eb·

181 743 353 800 servare
383 723 574 802 ordinem
601 730 771 802 vestrae
800 719 1120 818 eorniesianis.*)

416 957 420 964 Ι
529 879 635 942 Secr.
658 897 762 942 cons.
788 895 866 962 rog.
889 875 963 941 Lib.
987 877 1061 941 XV.
1086 879 1139 940 ch.
1165 879 1236 941 125.

322 1060 725 1164 CCCCXXW.
756 1087 867 1162 rene
898 1090 959 1160 15.
987 1082 1132 1163 aune

186 1243 405 1299 llaeraaaenn
428 1257 462 1297 aa
487 1239 663 1297 Maeraane
676 1257 858 1330 nonecape,
872 1248 995 1317 rnnytre
1009 1260 1048 1300 ee
1060 1261 1208 1318 yroaopa
1225 1265 1280 1303 nn-

184 1364 225 1420 pa
250 1329 298 1404 ea'
310 1361 461 1403 nneaonn
476 1344 681 1401 Crenanona
696 1343 896 1416 rainonem,
912 1347 1097 1405 Rerennnr».
1126 1341 1280 1428 (Carpat.)

288 1479 407 1576 Quod
444 1475 654 1554 scribatur
696 1477 919 1582 capitaneo
962 1479 1093 1570 Culli,
1136 1483 1280 1561 comiti

187 1600 326 1678 Catari
354 1605 396 1675 et
424 1621 494 1674 ser
522 1599 669 1676 Marco
699 1597 819 1677 lieno
849 1599 967 1676 militi
994 1602 1212 1704 provisori
1239 1605 1280 1680 in

185 1719 376 1824 partibus
402 1719 620 1798 Albaniae.

195 1866 200 1872 ·
290 1837 464 1917 Ultimae
506 1839 669 1917 litterae
711 1865 814 1942 quas
849 1869 871 1921 a
906 1843 1028 1919 vobis
1063 1843 1281 1924 habuimus

188 1969 281 2039 sunt
310 1962 391 2039 diei
408 1962 596 2040 eeoundi
626 1969 668 2039 et
695 1961 809 2040 tertii
833 1963 1037 2058 instantis,
1067 1965 1284 2067 quibusde

188 2083 363 2186 praticis
389 2081 541 2158 habitis
570 2087 613 2160 et
643 2081 836 2160 omnibus
864 2085 956 2162 aliis
983 2142 991 2160 .
1022 2145 1030 2162 .
1061 2142 1071 2164 .
1101 2109 1286 2164 remane·

190 2229 280 2280 mus
308 2203 549 2302 plenissime
577 2203 808 2281 informati.
838 2201 890 2282 Et
916 2205 1036 2283 vobis
1062 2207 1288 2309 responde·

190 2349 280 2403 mus
308 2381 318 2402 .
347 2383 358 2403 .
388 2383 396 2398 .
426 2325 537 2424 quod
568 2325 601 2400 si
630 2323 824 2424 poteritis
854 2349 948 2402 cum
980 2325 1160 2405 comite
1184 2325 1284 2402 Ste-

191 2445 315 2521 t'ano
345 2444 395 2520 ad
424 2443 704 2521 concordium
733 2442 931 2522 devenire
948 2445 1156 2533 cumbae,
1173 2449 1287 2549 quod

190 2567 302 2644 ultro
332 2591 395 2650 ea,
424 2587 532 2666 quae
560 2563 808 2670 tenebamus
834 2570 1031 2669 tempore
1068 2569 1287 2673 despoti,

191 2685 312 2764 nobis
330 2693 570 2764 remaneant
599 2687 886 2764 lirivastnm
916 2698 957 2766 et
983 2691 1153 2767 Badra
1182 2713 1287 2766 cnm

147 2790 155 2805 ⁵
192 2809 404 2895 salinis,
433 2831 483 2886 ae
511 2809 633 2886 etiam
663 2807 724 2884 illi
753 2833 807 2886 ex
834 2805 1288 2900 iurasseviehiis,

192 2931 263 3034 qni
291 2933 368 3007 sub
400 2929 641 3008 obedientia
669 2936 814 3009 nostre
844 2953 936 3008 esse
965 2932 1126 3029 volunt,
1157 2933 1207 3007 ad
1232 2933 1288 3032 ip·

190 3077 276 3130 sam
305 3052 511 3155 pratieam
541 3050 761 3130 attendatis
790 3053 889 3130 etin
909 3053 976 3130 dei
1003 3052 1173 3131 nomine
1190 3078 1288 3129 eon·
1402 3071 1404 3077 “

194 3173 383 3250 eludatis.
417 3229 427 3249 .
468 3171 531 3250 llx
571 3179 654 3249 tam
695 3175 879 3250 tenendo
923 3173 1031 3251 hane
1072 3175 1290 3278 praticam,

193 3292 341 3368 iamsi
374 3315 572 3370 eomes
609 3291 894 3372 stefanus
931 3295 982 3372 ad
1012 3293 1288 3372 concordium

193 3413 460 3516 praedictum
501 3406 702 3491 devenire
737 3413 895 3504 nollet,
923 3403 1068 3492 damns
1095 3414 1218 3492 vobis
1247 3415 1289 3490 li-

235 3633 268 3718 *l
288 3639 320 3699 Υ
342 3655 472 3709 maon
501 3657 611 3714 nneuy
646 3657 728 3712 oeae
751 3657 791 3699 na
816 3657 949 3700 nerone
985 3657 1089 3714 anery
1113 3655 1132 3697 a
1155 3655 1233 3710 nana
1258 3655 1290 3694 n-

298 3761 402 3802 erem,
427 3759 520 3802 neae:

299 3859 388 3937 Ben
424 3859 519 3940 chel
547 3866 677 3937 eante
712 3857 934 3936 Stetano
971 3858 1196 3936 vaivoda
1230 3857 1292 3931 sia

196 3981 360 4060 intrado
389 3981 430 4056 in
462 3981 512 4056 la
539 3979 710 4056 Zenta
739 3979 805 4055 de
834 3983 969 4057 soto
998 3973 1076 4082 per
1103 3978 1143 4054 el
1171 4001 1290 4053 mezo

197 4103 251 4182 de
287 4099 605 4179 Stelaniza
632 4096 811 4173 lurae
840 4105 882 4175 et
911 4105 1057 4176 eontra
1097 4097 1134 4172 la
1162 4097 1293 4173 inten-

199 4225 297 4308 eion
325 4222 380 4300 di
407 4221 553 4300 altri
580 4229 673 4300 tre
699 4214 902 4296 Jurasi
930 4225 1011 4296 ete.
