3236 5108
307 277 372 436 sao
426 438 429 445 ,

306 564 454 652 sindioi
489 567 795 666 procuratores
824 571 866 642 et
893 565 1168 662 negotiorum
1205 571 1400 664 gesturos

309 686 408 774 dieti
436 682 643 782 magniflui
660 695 702 759 et
726 683 909 785 potentis
938 684 1109 770 domini.
1139 686 1296 764 domini
1323 687 1398 764 Ge·

309 805 417 906 orgii
446 803 775 884 Strsoimeriide
805 803 951 894 Balsio,
977 805 1180 886 hebentes
1207 806 1401 887 similiter

307 929 359 1006 sd
397 925 660 1028 infrascripta
709 931 753 1004 ot
779 925 858 1005 siin
886 925 1088 1016 incientis,
1115 927 1399 1030 plenissimum

305 1050 571 1138 libertatem,
616 1053 660 1122 ut
702 1052 868 1122 constat
908 1047 1079 1149 pubiico
1121 1049 1399 1128 instrumento
1442 1067 1447 1074 ·

305 1166 597 1278 procuratoris
624 1176 666 1244 et
690 1165 888 1257 mandati,
913 1166 1076 1270 scripto
1104 1169 1400 1248 manu-iohan-

307 1295 371 1375 nis
399 1291 451 1372 de
479 1285 669 1388 Morigiis
711 1287 919 1388 quondam
956 1287 1129 1366 Antonii
1157 1291 1211 1367 de
1242 1291 1397 1368 Medio·

278 1390 281 1406 ¹
306 1413 415 1496 tono,
441 1403 652 1511 imperiali
667 1408 919 1485 ottetoritntn
943 1409 1106 1497 notorii,
1121 1411 1162 1488 in
1177 1410 1397 1490 mittesimo
1471 1433 1475 1444 ·

305 1527 606 1613 trecentesimo
662 1530 935 1628 nonogesimo
977 1529 1147 1631 quinto,
1188 1529 1398 1608 indicione

307 1657 466 1754 quortn,
502 1650 571 1728 die
599 1649 767 1728 docimo
797 1649 954 1730 mensis
980 1649 1244 1739 Novembris,
1273 1653 1315 1730 in
1344 1651 1397 1730 oi·

164 1797 166 1810 ·
307 1772 434 1850 vitate
462 1766 665 1866 Dutoigni,
695 1791 800 1846 nme
827 1771 996 1849 notorio
1024 1770 1294 1879 infrascripto
1324 1770 1395 1848 eti·

305 1892 490 1974 snt-viso
520 1895 562 1968 et
601 1887 732 1976 teoto,
760 1913 812 1968 ex
847 1896 968 1992 parte
997 1891 1152 1978 attero,
1177 1893 1246 1996 sd
1275 1892 1394 1972 intrr-

301 2009 460 2114 'scriptu
501 2013 623 2110 puoto
652 2015 695 2086 et
721 2007 1039 2098 conventiones,
1065 2019 1216 2116 sponte
1244 2010 1396 2090 delibe-

211 2214 218 2225 ,
308 2139 399 2210 rste
441 2129 691 2210 unanimiter
730 2136 771 2208 et
813 2131 1085 2210 concorditer
1125 2131 1395 2214 devenerunt.

305 2253 458 2334 Prim
474 2275 499 2327 o
531 2249 712 2352 quidem,
737 2251 852 2351 quod
877 2252 969 2355 ipse
996 2251 1238 2354 magnificus
1267 2253 1394 2332 domi·

304 2397 382 2450 nus
409 2369 614 2472 Georgius
638 2368 898 2460 Strnoimeri,
922 2371 1394 2472 dominusZente,dsre

305 2491 456 2574 debent
491 2491 570 2595 ipsi
606 2490 878 2570 serenissimo
922 2491 1094 2572 domino
1130 2495 1227 2574 duni
1255 2501 1298 2572 et
1325 2519 1391 2573 oo-

304 2614 417 2692 muni
445 2611 720 2692 Veneriorum
748 2635 824 2688 seu
840 2611 1092 2692 habentibus
1121 2616 1171 2692 nb
1202 2615 1264 2693 sis
1291 2615 1394 2694 arbi

304 2734 428 2826 trium
462 2740 505 2810 et
532 2737 785 2834 potestatem
829 2734 917 2832 ipsa
946 2734 1040 2813 tons
1068 2735 1326 2839 accipiendi,
1353 2745 1395 2816 et

304 2854 560 2960 acceptandi,
577 2853 784 2935 civitatem
802 2852 1017 2934 Seruiani
1033 2879 1128 2935 curn
1147 2861 1288 2935 castro
1304 2879 1395 2942 suo,

304 2985 346 3058 et
372 3001 468 3056 cunr
497 2973 689 3054 omnibus
718 2975 981 3072 introitibus,
1026 2976 1223 3062 dohsnis,
1260 2977 1392 3062 datiis,

302 3097 514 3205 pedagiis,
543 3103 586 3176 st
613 3094 800 3196 gubettis.
834 3101 915 3174 tam
944 3099 1138 3174 sonoti
1179 3095 1394 3198 Sergii,

303 3241 426 3323 quum
454 3217 544 3298 otiis
559 3218 611 3296 ad
627 3214 757 3322 ipsam
786 3215 997 3292 civitatem
1025 3216 1322 3320 speotnntibus‚
1351 3221 1394 3294 et

302 3364 423 3422 orum
464 3345 595 3418 toto
637 3336 768 3414 tacu
810 3343 865 3414 et
905 3336 1127 3416 insulis
1156 3335 1196 3414 in
1226 3363 1279 3416 eo
1308 3337 1391 3416 exi·

301 3459 521 3550 stennius,
537 3465 579 3536 et
607 3457 838 3536 seeundum
866 3455 982 3557 quod
1011 3455 1160 3534 inbitur
1186 3456 1392 3536 fiumen

302 3604 367 3682 qu
384 3604 409 3658 o
426 3581 452 3658 d
480 3579 513 3654 B
530 3603 554 3655 o
572 3577 656 3658 iun
670 3602 695 3654 n
720 3577 950 3680 uutgnriter
966 3583 1242 3680 nuncupatur,
1260 3601 1392 3679 usque

301 3701 351 3778 nd
379 3699 591 3778 marinum.
644 3697 752 3776 Item
795 3696 896 3775 dure
941 3694 1092 3774 debent
1119 3695 1198 3800 ipsi
1224 3696 1392 3774 domino

301 3818 398 3900 duni
426 3827 470 3898 et
497 3817 669 3900 nomuni
696 3819 986 3910 Venestorum,
1014 3824 1084 3896 sut
1111 3817 1189 3894 ittis
1215 3815 1287 3918 qui
1313 3841 1393 3920 per

300 3943 414 4043 ipsos
441 3941 492 4016 sd
521 3939 607 4017 hoo
626 3937 782 4018 fuerint
810 3935 1011 4041 deputati,
1040 3935 1250 4015 civitatem
1278 3935 1391 4012 Dri-

301 4059 457 4138 vnsti
484 4081 580 4138 oum
608 4066 751 4139 castro
783 4064 825 4136 et
851 4055 1113 4160 pertinentiis
1139 4059 1238 4153 suis,
1255 4061 1306 4133 et·
1324 4079 1393 4133 on·

301 4184 468 4261 strum
496 4177 635 4256 Sntti
664 4203 759 4259 oum
788 4176 1036 4262 dnhnnndei
1062 4175 1394 4274 Degno,etouns

301 4300 492 4392 omnibus
507 4301 628 4390 uillis,
644 4299 836 4392 donanis,
862 4297 1110 4387 introitibus,
1139 4297 1318 4404 parentis
1345 4306 1390 4376 nt
