3226 5112
256 395 261 404 ’
354 441 420 512 aaa

352 646 448 707 vam
490 625 705 730 amaricari
745 640 932 730 debere,
973 637 1059 718 hoc
1099 637 1427 738 relinquimus·
1415 661 1452 712 m

296 758 555 840 diberiate
584 767 741 840 v.estra

459 879 689 960 Praeterea
730 877 850 955 vobis
887 879 1153 964 mundanum,
1195 876 1308 976 quod
1351 875 1454 952 sicui

355 1001 479 1079 vobis
507 1000 779 1102 scripsimus,
819 997 1077 1100 provideatis
1116 999 1168 1073 de
1196 995 1378 1074 interfici
1405 995 1455 1072 ia·

357 1121 508 1224 cieudo
562 1121 627 1195 vei
683 1117 1093 1221 capiendodictum
1147 1113 1454 1190 Steiauum

272 1318 284 1352 O
358 1239 512 1318 Mara
530 1262 611 1317 mo
629 1245 745 1326 ute,
774 1263 853 1341 per
880 1259 1027 1313 omnes
1056 1235 1156 1311 alias
1185 1235 1274 1311 vias
1304 1239 1347 1309 et
1374 1259 1454 1312 mo·

357 1362 435 1437 dos
463 1359 582 1439 vobis
610 1357 848 1461 possibiles,
877 1353 1131 1458 exponendo
1161 1355 1275 1431 iiiam
1303 1353 1455 1454 quanti·

255 1471 259 1478 ’
357 1483 483 1557 tatem
524 1479 754 1582 pecuniae,
798 1499 921 1578 quiam
963 1474 1086 1551 vobis
1116 1461 1388 1573 scripsimus,
1417 1476 1457 1548 et

241 1632 245 1646 ’
358 1600 474 1678 circa
503 1599 586 1676 hoc
614 1624 741 1676 omne
759 1598 942 1675 studium
972 1600 1016 1671 et
1045 1593 1306 1691 diligentiam
1334 1589 1457 1669 habe·

360 1719 462 1806 aiis,
503 1747 581 1825 pro
610 1720 722 1797 bona
750 1715 1008 1794 executione
1036 1717 1176 1792 dictae
1205 1717 1375 1790 nostrae
1403 1715 1456 1789 ia·

359 1837 573 1916 tentiuuis.
1025 1896 1028 1909 .

462 1957 514 2034 ut
580 1960 677 2060 quia
722 1947 1102 2054 'magnificus
1168 1953 1460 2049 Georgiu⁸

357 2076 651 2168 VulchuS‚
693 2100 785 2154 cum
829 2101 911 2175 quo
953 2074 1155 2150 habemus
1203 2095 1379 2173 pacem,
1419 2070 1459 2146 iu

358 2198 439 2275 hac
467 2201 653 2275 novitate
695 2193 1015 2278 Albaniae,
1055 2191 1161 2267 facta
1196 2189 1459 2290 perdicium

360 2315 699 2401 Staienum,
729 2313 887 2390 nulium
917 2312 1148 2390 subsidium
1178 2309 1364 2409 gentium
1392 2309 1461 2386 mi·

359 2434 428 2520 sir,
456 2433 562 2511 sicut
591 2437 758 2544 tenetur
782 2457 834 2508 ex
853 2433 987 2508 iurma
1018 2432 1134 2531 pacis
1162 2427 1306 2531 ipsius,
1337 2432 1459 2506 vobis
1583 2499 1584 2504 ,

360 2555 602 2630 mandamus
631 2579 722 2630 cum
753 2553 877 2630 dictis
907 2553 1062 2628 uostris
1095 2549 1308 2635 consiliis,
1350 2550 1460 2650 quod

201 2733 208 2753 .
266 2662 270 2670 ¹
361 2671 532 2749 mittaris
562 2673 740 2774 aliquem
772 2670 934 2747 iideiem
965 2681 1169 2754 nostrum,
1198 2672 1268 2772 qui
1296 2671 1352 2748 sit
1378 2671 1458 2748 suf·

359 2787 503 2867 iiciens
531 2791 581 2868 ad
611 2795 828 2898 sciendum
859 2791 910 2867 ab
940 2817 1018 2877 eo,
1055 2791 1088 2867 si
1125 2793 1211 2866 vuit
1241 2818 1335 2868 esse
1365 2817 1458 2869 cum

232 2993 236 2999 .
355 2918 501 2984 nostro
530 2905 731 2995 dominio,¹
745 2911 794 2986 ad
812 2911 1116 3012 experiendum
1140 2917 1181 2986 ct
1210 2911 1461 3013 capiendum

350 3027 516 3105 'dictum
548 3027 792 3123 stefanum,
834 3040 876 3105 et
918 3029 967 3102 ad
999 3027 1338 3132 recuperandum
1370 3029 1465 3107 ioca

357 3151 520 3236 amissa,
549 3153 631 3224 iam
660 3175 734 3224 sua
763 3175 885 3249 quam
916 3159 1080 3242 nusira,
1109 3155 1152 3226 ei
1181 3151 1295 3251 quod
1324 3149 1462 3229 dicius

360 3268 529 3344 nuntius
569 3269 769 3346 sollicitet
795 3269 951 3370 ipsum
983 3269 1251 3370 magnificum
1293 3271 1461 3349 Geor·

357 3389 450 3486 giu
469 3413 534 3472 m,
576 3395 620 3463 ut
661 3391 794 3467 mittat
823 3389 874 3465 de
904 3387 1096 3488 gentibus
1124 3391 1237 3494 suia,
1266 3391 1362 3492 quia
1392 3389 1463 3466 do·

359 3506 530 3583 minium
562 3515 752 3584 nostrum
784 3507 911 3587 faciei
941 3539 962 3588 a
993 3517 1111 3610 parre
1141 3509 1462 3602 sua‚-debirum

359 3631 400 3700 ei
429 3624 641 3702 honorem
670 3648 806 3704 suum.
847 3627 1022 3705 sivero
1052 3630 1188 3707 dictus
1217 3631 1466 3730 magnificus

357 3743 567 3844 Georgius
595 3745 725 3822 nollet
756 3747 923 3824 mitiore
952 3755 1100 3846 gentes
1129 3773 1251 3842 suaa,
1279 3761 1380 3830 tunc
1405 3751 1463 3830 di·

357 3870 424 3938 cut
453 3865 520 3940 iiie
549 3864 724 3941 nuncius
754 3865 903 3956 eidem,
934 3867 1044 3968 quud
1067 3867 1298 3948 dominatio
1318 3879 1463 3948 nostra

359 3979 507 4060 videns
535 3989 599 4060 tut
626 3981 809 4074 iniurias,
837 3985 970 4062 facias
988 4010 1067 4086 per
1086 3987 1221 4090 ipsum
1240 3989 1463 4066 Sieiauum
1497 3980 1499 3984 ¹

360 4111 509 4179 contra
537 4103 729 4204 subditus
758 4113 798 4180 et
829 4107 1097 4198 iuuencum,
1126 4107 1305 4186 intendit
1333 4113 1463 4187 omui·

359 4241 413 4296 nc
454 4245 652 4318 guerram
694 4247 848 4321 gerere
878 4237 1026 4304 contra
1056 4229 1210 4306 dicium
1240 4229 1462 4309 stefanum
