3224 5110
316 329 381 396 Μ

321 545 404 618 tum
434 542 800 620 conservationem
832 549 873 620 et
899 544 1172 622 commodum
1201 551 1412 644 tamquam

319 662 534 762 proprium
551 671 811 764 exoptamus,
830 669 871 740 el
889 663 1208 742 ratificationem
1220 662 1411 766 praedic·

319 787 400 858 tam
431 805 507 883 per
537 807 631 860 eum
664 783 835 871 iactam,
876 787 1080 862 habemus
1122 783 1412 884 gratissimam,

320 902 415 1004 quia
447 904 710 980 carissimum
742 903 865 982 nohis
894 913 984 995 est„
1014 905 1128 1006 quod
1158 904 1274 982 omni
1301 929 1410 1006 pace

319 1033 360 1099 et
389 1027 616 1102 commodo
647 1034 795 1102 nostro
824 1049 994 1126 semper
1011 1028 1069 1102 uti
1096 1029 1244 1128 possit,
1260 1035 1302 1104 et
1318 1027 1411 1101 eius

318 1143 533 1221 serenitati
574 1143 624 1218 dr
668 1145 739 1222 tali
784 1143 1060 1224 ratificaticne
1102 1146 1231 1222 etiam
1272 1167 1409 1242 regra-

319 1264 480 1342 tiamur.

423 1380 486 1459 Ad
516 1382 733 1485 factum
772 1383 1050 1460 Ostrovize
1076 1383 1265 1470 dicimus,
1295 1384 1411 1483 qnod

324 1527 473 1582 revera
516 1505 650 1604 ipsum
695 1511 877 1584 castrum
920 1503 1042 1584 nobis
1088 1505 1166 1582 fnit
1207 1505 1413 1590 oblatum,

318 1624 391 1700 sed
422 1624 563 1700 multis
591 1627 856 1725 respectibus
885 1634 928 1702 et
957 1623 1189 1728 potissime,
1219 1622 1314 1726 quia
1343 1649 1410 1725 pa·

321 1741 442 1819 cilice
472 1744 614 1820 vivere
645 1745 850 1846 cupimus,
885 1747 1007 1822 etde
1035 1749 1145 1820 statu
1174 1768 1299 1845 quem
1343 1745 1412 1820 ba·

320 1862 464 1940 bemus
507 1869 821 1950 contentamur,
866 1891 948 1944 non
990 1888 1184 1944 curamus
1228 1863 1278 1938 ad
1316 1887 1411 1940 eam

319 1985 535 2062 materiam
578 1987 797 2064 attendere
839 1995 880 2064 et
922 1987 1205 2088 relinquimus,
1235 1989 1279 2058 ul
1320 1983 1414 2062 eius

320 2105 524 2183 serenitas
566 2105 775 2184 deliberet
817 2110 869 2184 de
904 2106 1155 2209 accipiendo
1196 2103 1411 2182 illudvel

320 2219 429 2318 non(
448 2228 505 2303 uti
534 2227 659 2304 rebus
687 2233 729 2304 et
756 2229 879 2308 statui
914 2255 993 2307 suc
1035 2229 1164 2328 magis
1208 2225 1413 2305 conferre

321 2349 584 2447 cognoverit,
615 2373 710 2426 cum
742 2359 784 2427 ut
811 2349 1093 2451 prediximus,
1135 2344 1413 2425 commodum

319 2493 437 2544 suum
467 2476 511 2544 ut
553 2471 767 2570 proprium
811 2477 1087 2571 exoptam.us;
1124 2477 1166 2546 et
1207 2466 1411 2544 certifica-

319 2613 409 2666 mus
441 2590 529 2666 eius
556 2588 839 2682 serenitatem,
867 2591 981 2690 quod
1010 2591 1043 2666 si
1066 2587 1197 2690 ipsum
1228 2597 1413 2666 castrum

320 2710 515 2810 accipere
544 2705 808 2795 deliberabit,
825 2707 911 2784 eius
940 2707 1161 2786 vicinantia
1190 2709 1412 2805 longema-

320 2830 395 2927 gis
426 2853 549 2930 quam
585 2827 761 2906 alicuius
794 2827 966 2905 alterius
1008 2827 1130 2906 nobis
1172 2827 1255 2904 erit
1282 2827 1412 2904 caris·

318 2949 433 3026 sima.

420 3068 730 3148 arfactum
774 3069 1013 3170 despoti
1056 3067 1252 3158 dicimus,
1293 3070 1409 3168 quod

318 3190 587 3288 singulariter
615 3214 756 3266 sumus
784 3190 976 3290 predicto
1018 3188 1186 3285 dominc
1230 3189 1321 3288 regi
1352 3189 1410 3264 al·

320 3311 431 3400 fecti,
460 3316 502 3388 et
529 3311 584 3386 cb
614 3317 797 3388 mutuam
825 3309 1049 3388 amicitiam
1076 3317 1262 3388 nostram
1296 3310 1409 3410 cupi·

321 3457 422 3520 mus,
449 3437 493 3507 ut
519 3434 571 3509 de
609 3430 939 3532 quibuscumque
981 3431 1189 3532 imprusiis
1230 3431 1318 3508 suis
1345 3453 1412 3508 re·

255 3567 257 3572 '
319 3557 460 3654 portet
488 3553 697 3629 honorem
716 3551 905 3652 ⁸glorium
936 3561 978 3628 et
1006 3549 1254 3640 victoriam
1283 3556 1325 3628 et
1353 3561 1411 3628 te·

318 3677 415 3750 neat
444 3671 628 3762 indubie,
658 3674 771 3772 quod
798 3675 834 3750 si
855 3671 1018 3758 bellum
1048 3673 1259 3774 procedet
1298 3674 1412 3750 inter

303 3781 435 3869 'illum
465 3797 508 3902 et
535 3793 782 3894 despolum,
824 3817 907 3868 ιιοιι
937 3791 1125 3870 dabimus
1152 3791 1233 3892 ipsi
1262 3790 1408 3892 despo-

321 3921 363 3990 ιο
395 3914 579 4006 favorem
608 3912 815 4014 aliquem,
859 3913 1053 4016 quoniam
1084 3935 1165 3988 non
1208 3912 1410 3988 delibera-

320 4059 409 4111 mus
439 4034 618 4113 inimicis
644 4037 727 4112 suis
757 4045 903 4115 contra
933 4035 1021 4112 eius
1049 4034 1320 4112 serenitatem
1344 4033 1408 4110 da·

324 4179 370 4232 re
400 4156 595 4260 presidia.
