3206 5110
1185 385 1455 468 129⁵·

163 622 222 682 re
239 603 389 684 studet
407 602 641 684 honoribus
670 611 720 683 et·
731 603 941 684 dotalibus
961 604 1171 712 ampliore
1199 605 1255 686 ia·

155 722 365 816 ·roribns,
406 727 673 828 ipsarumque
718 722 1258 830 requisitionesliberalius

165 844 389 936 exaudire,
429 855 585 948 quanto
628 845 800 928 ducatui
827 845 1257 926 nostro·sineeriores

164 965 274 1044 zelo·
290 974 334 1046 et
362 967 554 1047 claritate
581 967 892 1047 excellentium·
913 977 1166 1069 operum-se
1195 991 1258 1044 os·

163 1087 352 1166 tendunt.
404 1085 517 1166 Unde
560 1111 655 1168 enm
696 1087 1129 1167 serenissimus
1171 1087 1256 1164 do·

164 1203 1261 1309 minnsStepbanns'l'buertie'nsdei

163 1325 361 1423 gratia
401 1323 945 1427 llassi·e,'Bossine
986 1325 1259 1430 partin-m·

97 1481 104 1488 ·
157 1469 272 1546 *qne
324 1447 900 1533 maritimarum‘rex
951 1453 1034 1526 ete.
1083 1445 1260 1524 honoris

164 1575 206 1644 et
232 1567 412 1654 nominis
439 1567 769 1648 nostrisszelator
795 1567 1014 1666 assiduus,
1055 1567 1126 1668 qni
1151 1589 1259 1646 senr-

164 1711 244 1790 per
270 1713 367 1770 enm
409 1689 500 1768 eius
526 1687 875 1790 progenitoribus
916 1687 1062 1768 inclite
1083 1698 1258 1766 memo·

157 1809 250 1896 rie,
272 1833 319 1886 se
345 1831 496 1888 verum
526 1811 741 1911 expressit
772 1811 1010 1899 Venetam,
1050 1833 1098 1889 se
1125 1819 1259 1912 penes

70 1967 77 1983 .
164 1926 359 2007 ducatum
387 1935 580 2008 nostrum
608 1928 797 2008 sentiens
833 1929 919 2006 suis
947 1929 1108 2007 meritis
1136 1928 1260 2029 grati·

164 2069 285 2126 mum
301 2046 529 2150 plurimum
558 2055 602 2128 et
616 2052 854 2150 acceptum,
879 2071 970 2126 nos·
985 2047 1139 2126 feeerit
1164 2047 1260 2126 ami·

163 2165 360 2248 eabiliter
389 2169 584 2268 rogitari,
605 2175 651 2248 nt
676 2169 868 2273 placeret
890 2169 1015 2248 nobis
1038 2167 1176 2274 ipsum
1205 2168 1262 2247 ei·

163 2289 438 2392 usqne‘tilios
467 2297 509 2371 et
535 2290 743 2382 heredes„
767 2285 973 2370 nobilium
1012 2289 1163 2370 civium
1190 2315 1262 2371 no·

159 2419 350 2492 xstrornm
366 2409 631 2493 Venetorum
658 2435 836 2492 numero
861 2411 1087 2512 gratiosius
1115 2415 1259 2515 aggre-

163 2533 270 2633 gari,
298 2541 344 2614 ut
372 2533 582 2614 beneficio
609 2531 855 2612 huiusmodi
885 2533 1093 2614 civilitatis
1118 2532 1262 2622 dotati,

160 2647 364 2734 nobilium
390 2659 435 2732 et
465 2651 619 2734 civium
646 2657 890 2732 nostrorum
918 2651 1141 2757 privilegio
1165 2679 1261 2734 oon·

160 2773 406 2873 gauderent.
458 2771 543 2850 Nos
580 2773 844 2854 attendentes
886 2772 1161 2854 dilectionem
1203 2773 1259 2850 in·

161 2899 332 2992 gentem
373 2919 422 2974 ao
449 2901 615 2993 gratnm
643 2895 838 2974 allectum
876 2902 919 2972 et
955 2893 1258 2981 sinceritatem,
1402 2881 1407 2890 ’

151 3035 286 3116 ¹quem
315 3037 487 3118 semper
513 3013 704 3117 prefatus
738 3013 1037 3093 serenissimus
1065 3014 1262 3094 dominns

163 3157 242 3211 rex
270 3131 510 3239 Stephanus
538 3135 590 3214 ad
616 3157 709 3222 nos,
737 3135 935 3214 ducatum
963 3143 1180 3222 nostrum,
1218 3139 1262 3213 et

164 3255 401 3356 singulares
426 3251 841 3362 personas'dueatns
864 3255 1067 3348 eiusdem,
1094 3255 1257 3335 lerven·

165 3383 231 3454 ter
258 3381 302 3455 et
328 3375 597 3456 laudabiliter
625 3379 833 3465 ostendit,
861 3383 1135 3480 acceptorum
1164 3401 1261 3482 ope·

165 3519 257 3576 rum
293 3521 373 3600 per
400 3497 619 3585 ellectum,
648 3492 932 3577 benemeritas
961 3496 1259 3603 requisitiones

164 3641 259 3696 suas
285 3617 480 3698 duximus
500 3618 625 3718 digne
654 3615 949 3702 retributionis
976 3639 1153 3696 munere
1169 3637 1257 3717 gra·
1288 3703 1289 3706 p

165 3739 421 3818 tilieabiliter
460 3737 753 3841 acceptandas.
807 3737 1073 3842 Quapropter
1112 3745 1257 3815 notum
1410 3787 1414 3792 -

156 3861 260 3945 lieri
287 3861 482 3940 volumus
510 3859 735 3952 universis,
763 3859 876 3963 qnod
905 3859 1259 3960 omni'Jnrisoon·

153 3982 356 4062 ¹alliorum
382 4040 394 4062 .
423 4038 435 4061 .
462 4037 472 4062 .
499 3984 675 4068 serrata,
704 3980 914 4084 prelatum
942 3979 1259 4060 serenissimum

167 4103 383 4185 dominnm
413 4103 671 4206 Stephanum
691 4125 867 4202 regem,
891 4127 1006 4184 enm
1030 4101 1133 4179 ‘suis
1160 4100 1257 4180 liliis

155 4233 210 4304 et
238 4223 477 4318 heredibus,
495 4226 543 4321 ip
571 4225 766 4306 Venetos
794 4230 838 4303 et
864 4225 979 4303 eires
1009 4224 1186 4302 nostros
1215 4227 1258 4298 et

992 4345 1051 4410 12*
