<?xml version="1.0" encoding="UTF-8"?>
<!DOCTYPE html PUBLIC "-//W3C//DTD XHTML 1.0 Transitional//EN"
    "http://www.w3.org/TR/xhtml1/DTD/xhtml1-transitional.dtd">
<html xmlns="http://www.w3.org/1999/xhtml" xml:lang="en" lang="en">
 <head>
  <title>
</title>
<meta http-equiv="Content-Type" content="text/html;charset=utf-8" />
  <meta name='ocr-system' content='tesseract 3.04.00' />
  <meta name='ocr-capabilities' content='ocr_page ocr_carea ocr_par ocr_line ocrx_word'/>
</head>
<body>
  <div class='ocr_page' id='page_1' title='image "./actaarchivivene00sergoog_0483.png"; bbox 0 0 3186 5112; ppageno 0'>
   <div class='ocr_carea' id='block_1_1' title="bbox 1164 439 1230 506">
    <p class='ocr_par' dir='ltr' id='par_1_1' title="bbox 1164 439 1230 506">
     <span class='ocr_line' id='line_1_1' title="bbox 1164 439 1230 506; baseline -0.03 0"><span class='ocrx_word' id='word_1_1' title='bbox 1164 439 1230 506; x_wconf 76' lang='lat' dir='ltr'><strong>tm</strong></span> 
     </span>
    </p>
   </div>
   <div class='ocr_carea' id='block_1_2' title="bbox 12 629 1231 866">
    <p class='ocr_par' dir='ltr' id='par_1_2' title="bbox 12 629 1231 866">
     <span class='ocr_line' id='line_1_2' title="bbox 12 629 1229 730; baseline 0.004 -13"><span class='ocrx_word' id='word_1_2' title='bbox 12 629 13 724; x_wconf 66' lang='grc' dir='ltr'>ἕ</span> <span class='ocrx_word' id='word_1_3' title='bbox 135 639 332 722; x_wconf 87' lang='lat' dir='ltr'><strong>troitibus</strong></span> <span class='ocrx_word' id='word_1_4' title='bbox 349 640 549 720; x_wconf 79' lang='lat' dir='ltr'><strong>Scutur</strong></span> <span class='ocrx_word' id='word_1_5' title='bbox 563 643 587 730; x_wconf 92' lang='lat' dir='ltr'><strong>i;</strong></span> <span class='ocrx_word' id='word_1_6' title='bbox 610 648 653 718; x_wconf 88' lang='lat' dir='ltr'><strong>et</strong></span> <span class='ocrx_word' id='word_1_7' title='bbox 668 643 702 720; x_wconf 88' lang='lat' dir='ltr'><strong>si</strong></span> <span class='ocrx_word' id='word_1_8' title='bbox 718 643 770 720; x_wconf 92' lang='lat' dir='ltr'><strong>de</strong></span> <span class='ocrx_word' id='word_1_9' title='bbox 787 643 873 722; x_wconf 89' lang='lat' dir='ltr'><strong>hoc</strong></span> <span class='ocrx_word' id='word_1_10' title='bbox 889 655 1027 724; x_wconf 83' lang='lat' dir='ltr'><strong>essent</strong></span> <span class='ocrx_word' id='word_1_11' title='bbox 1044 645 1229 726; x_wconf 88' lang='lat' dir='ltr'><strong>contenti</strong></span> 
     </span>
     <span class='ocr_line' id='line_1_3' title="bbox 12 759 1231 866; baseline 0.002 -24"><span class='ocrx_word' id='word_1_12' title='bbox 12 775 13 842; x_wconf 82' lang='lat' dir='ltr'>J</span> <span class='ocrx_word' id='word_1_13' title='bbox 137 759 244 840; x_wconf 86' lang='lat' dir='ltr'><strong>bene</strong></span> <span class='ocrx_word' id='word_1_14' title='bbox 273 763 470 864; x_wconf 86' lang='lat' dir='ltr'><strong>quidem,</strong></span> <span class='ocrx_word' id='word_1_15' title='bbox 501 762 668 866; x_wconf 89' lang='lat' dir='ltr'><strong>quaudo</strong></span> <span class='ocrx_word' id='word_1_16' title='bbox 698 789 804 854; x_wconf 91' lang='lat' dir='ltr'><strong>non,</strong></span> <span class='ocrx_word' id='word_1_17' title='bbox 833 764 978 842; x_wconf 86' lang='lat' dir='ltr'><strong>damus</strong></span> <span class='ocrx_word' id='word_1_18' title='bbox 1005 765 1081 844; x_wconf 88' lang='lat' dir='ltr'><strong>tibi</strong></span> <span class='ocrx_word' id='word_1_19' title='bbox 1110 765 1231 844; x_wconf 89' lang='lat' dir='ltr'><strong>liber·</strong></span> 
     </span>
    </p>
   </div>
   <div class='ocr_carea' id='block_1_3' title="bbox 136 867 1247 987">
    <p class='ocr_par' dir='ltr' id='par_1_3' title="bbox 136 867 1247 987">
     <span class='ocr_line' id='line_1_4' title="bbox 136 867 1247 987; baseline 0.002 -28"><span class='ocrx_word' id='word_1_20' title='bbox 136 890 264 960; x_wconf 84' lang='lat' dir='ltr'><strong>tatem</strong></span> <span class='ocrx_word' id='word_1_21' title='bbox 299 883 576 986; x_wconf 86' lang='lat' dir='ltr'><strong>promittendi</strong></span> <span class='ocrx_word' id='word_1_22' title='bbox 616 881 791 962; x_wconf 82' lang='lat' dir='ltr'><strong>ducatos</strong></span> <span class='ocrx_word' id='word_1_23' title='bbox 821 885 936 964; x_wconf 87' lang='lat' dir='ltr'><strong>mille</strong></span> <span class='ocrx_word' id='word_1_24' title='bbox 966 894 1008 964; x_wconf 86' lang='lat' dir='ltr'><strong>et</strong></span> <span class='ocrx_word' id='word_1_25' title='bbox 1035 867 1247 987; x_wconf 77' lang='lat' dir='ltr'><strong>quingen&#39;</strong></span> 
     </span>
    </p>
   </div>
   <div class='ocr_carea' id='block_1_4' title="bbox 12 1003 1229 1109">
    <p class='ocr_par' dir='ltr' id='par_1_4' title="bbox 12 1003 1229 1109">
     <span class='ocr_line' id='line_1_5' title="bbox 12 1003 1229 1109; baseline 0.006 -34"><span class='ocrx_word' id='word_1_26' title='bbox 12 1061 13 1064; x_wconf 63' lang='lat'>,</span> <span class='ocrx_word' id='word_1_27' title='bbox 137 1007 203 1087; x_wconf 88' lang='lat' dir='ltr'><strong>tos</strong></span> <span class='ocrx_word' id='word_1_28' title='bbox 238 1005 279 1080; x_wconf 92' lang='lat' dir='ltr'><strong>in</strong></span> <span class='ocrx_word' id='word_1_29' title='bbox 309 1025 449 1092; x_wconf 84' lang='lat' dir='ltr'><strong>anuo,</strong></span> <span class='ocrx_word' id='word_1_30' title='bbox 487 1028 580 1080; x_wconf 92' lang='lat' dir='ltr'><strong>cum</strong></span> <span class='ocrx_word' id='word_1_31' title='bbox 610 1003 702 1080; x_wconf 85' lang='lat' dir='ltr'><strong>aliis</strong></span> <span class='ocrx_word' id='word_1_32' title='bbox 731 1004 1047 1082; x_wconf 89' lang='lat' dir='ltr'><strong>conditionibus</strong></span> <span class='ocrx_word' id='word_1_33' title='bbox 1085 1029 1229 1109; x_wconf 89' lang='lat' dir='ltr'><strong>supra·</strong></span> 
     </span>
    </p>
   </div>
   <div class='ocr_carea' id='block_1_5' title="bbox 136 1121 1233 1344">
    <p class='ocr_par' dir='ltr' id='par_1_5' title="bbox 136 1121 1233 1344">
     <span class='ocr_line' id='line_1_6' title="bbox 136 1121 1233 1224; baseline 0.005 -28"><span class='ocrx_word' id='word_1_34' title='bbox 136 1121 323 1224; x_wconf 81' lang='lat' dir='ltr'><strong>scriptis3</strong></span> <span class='ocrx_word' id='word_1_35' title='bbox 353 1129 395 1198; x_wconf 90' lang='lat' dir='ltr'><strong>et</strong></span> <span class='ocrx_word' id='word_1_36' title='bbox 409 1125 446 1200; x_wconf 88' lang='lat' dir='ltr'><strong>si</strong></span> <span class='ocrx_word' id='word_1_37' title='bbox 461 1123 511 1200; x_wconf 86' lang='lat' dir='ltr'><strong>ad</strong></span> <span class='ocrx_word' id='word_1_38' title='bbox 538 1122 721 1202; x_wconf 89' lang='lat' dir='ltr'><strong>bocnon</strong></span> <span class='ocrx_word' id='word_1_39' title='bbox 750 1129 1063 1210; x_wconf 83' lang='lat' dir='ltr'><strong>contentarent,</strong></span> <span class='ocrx_word' id='word_1_40' title='bbox 1088 1149 1233 1202; x_wconf 87' lang='lat' dir='ltr'><strong>sumus</strong></span> 
     </span>
     <span class='ocr_line' id='line_1_7' title="bbox 138 1241 1231 1344; baseline 0.003 -27"><span class='ocrx_word' id='word_1_41' title='bbox 138 1243 326 1320; x_wconf 83' lang='lat' dir='ltr'><strong>contenti</strong></span> <span class='ocrx_word' id='word_1_42' title='bbox 355 1242 471 1342; x_wconf 93' lang='lat' dir='ltr'><strong>quod</strong></span> <span class='ocrx_word' id='word_1_43' title='bbox 498 1243 750 1344; x_wconf 68' lang='lat' dir='ltr'>promittere</span> <span class='ocrx_word' id='word_1_44' title='bbox 779 1241 938 1320; x_wconf 78' lang='lat' dir='ltr'><strong>debeas</strong></span> <span class='ocrx_word' id='word_1_45' title='bbox 964 1245 1026 1321; x_wconf 89' lang='lat' dir='ltr'><strong>cis</strong></span> <span class='ocrx_word' id='word_1_46' title='bbox 1055 1245 1231 1324; x_wconf 75' lang='lat' dir='ltr'><strong>ducatos</strong></span> 
     </span>
    </p>
   </div>
   <div class='ocr_carea' id='block_1_6' title="bbox 12 1360 1371 1472">
    <p class='ocr_par' dir='ltr' id='par_1_6' title="bbox 12 1360 1371 1472">
     <span class='ocr_line' id='line_1_8' title="bbox 12 1360 1371 1472; baseline -0.006 -26"><span class='ocrx_word' id='word_1_47' title='bbox 12 1409 13 1446; x_wconf 72' lang='lat' dir='ltr'><strong>l</strong></span> <span class='ocrx_word' id='word_1_48' title='bbox 138 1363 244 1440; x_wconf 92' lang='lat' dir='ltr'><strong>duos</strong></span> <span class='ocrx_word' id='word_1_49' title='bbox 270 1360 383 1438; x_wconf 90' lang='lat' dir='ltr'><strong>mille</strong></span> <span class='ocrx_word' id='word_1_50' title='bbox 414 1363 454 1438; x_wconf 88' lang='lat' dir='ltr'><strong>in</strong></span> <span class='ocrx_word' id='word_1_51' title='bbox 484 1385 593 1440; x_wconf 90' lang='lat' dir='ltr'><strong>anno</strong></span> <span class='ocrx_word' id='word_1_52' title='bbox 623 1361 674 1440; x_wconf 87' lang='lat' dir='ltr'><strong>de</strong></span> <span class='ocrx_word' id='word_1_53' title='bbox 704 1363 947 1440; x_wconf 79' lang='lat' dir='ltr'><strong>introitibus</strong></span> <span class='ocrx_word' id='word_1_54' title='bbox 977 1363 1230 1472; x_wconf 80' lang='lat' dir='ltr'><strong>Scutari,</strong></span> <span class='ocrx_word' id='word_1_55' title='bbox 1364 1413 1371 1428; x_wconf 89' lang='lat'><strong>·</strong></span> 
     </span>
    </p>
   </div>
   <div class='ocr_carea' id='block_1_7' title="bbox 138 1479 1233 1563">
    <p class='ocr_par' dir='ltr' id='par_1_7' title="bbox 138 1479 1233 1563">
     <span class='ocr_line' id='line_1_9' title="bbox 138 1479 1233 1563; baseline 0.005 -5"><span class='ocrx_word' id='word_1_56' title='bbox 138 1481 276 1562; x_wconf 89' lang='lat' dir='ltr'><strong>dando</strong></span> <span class='ocrx_word' id='word_1_57' title='bbox 305 1479 500 1558; x_wconf 86' lang='lat' dir='ltr'><strong>similiter</strong></span> <span class='ocrx_word' id='word_1_58' title='bbox 527 1482 588 1557; x_wconf 87' lang='lat' dir='ltr'><strong>eis</strong></span> <span class='ocrx_word' id='word_1_59' title='bbox 625 1482 877 1560; x_wconf 88' lang='lat' dir='ltr'><strong>Buduam</strong></span> <span class='ocrx_word' id='word_1_60' title='bbox 920 1491 962 1560; x_wconf 91' lang='lat' dir='ltr'><strong>et</strong></span> <span class='ocrx_word' id='word_1_61' title='bbox 999 1483 1233 1563; x_wconf 83' lang='lat' dir='ltr'><strong>Saboia·</strong></span> 
     </span>
    </p>
   </div>
   <div class='ocr_carea' id='block_1_8' title="bbox 12 1602 1235 1943">
    <p class='ocr_par' dir='ltr' id='par_1_8' title="bbox 12 1602 1235 1943">
     <span class='ocr_line' id='line_1_10' title="bbox 12 1602 1231 1704; baseline 0.002 -26"><span class='ocrx_word' id='word_1_62' title='bbox 12 1623 14 1662; x_wconf 62' lang='lat' dir='ltr'><strong>l</strong></span> <span class='ocrx_word' id='word_1_63' title='bbox 137 1627 271 1686; x_wconf 87' lang='lat' dir='ltr'><strong>narn.</strong></span> <span class='ocrx_word' id='word_1_64' title='bbox 298 1611 427 1702; x_wconf 90' lang='lat' dir='ltr'><strong>prout</strong></span> <span class='ocrx_word' id='word_1_65' title='bbox 454 1602 650 1704; x_wconf 86' lang='lat' dir='ltr'><strong>superius</strong></span> <span class='ocrx_word' id='word_1_66' title='bbox 681 1603 936 1683; x_wconf 87' lang='lat' dir='ltr'><strong>continetur.</strong></span> <span class='ocrx_word' id='word_1_67' title='bbox 965 1605 1017 1681; x_wconf 78' lang='lat' dir='ltr'><strong>ut</strong></span> <span class='ocrx_word' id='word_1_68' title='bbox 1042 1604 1079 1682; x_wconf 92' lang='lat' dir='ltr'><strong>si</strong></span> <span class='ocrx_word' id='word_1_69' title='bbox 1108 1613 1231 1682; x_wconf 88' lang='lat' dir='ltr'><strong>eruut</strong></span> 
     </span>
     <span class='ocr_line' id='line_1_11' title="bbox 12 1723 1233 1830; baseline 0.005 -30"><span class='ocrx_word' id='word_1_70' title='bbox 12 1727 14 1764; x_wconf 75' lang='lat'>³</span> <span class='ocrx_word' id='word_1_71' title='bbox 140 1723 328 1801; x_wconf 87' lang='lat' dir='ltr'><strong>contenti</strong></span> <span class='ocrx_word' id='word_1_72' title='bbox 356 1723 613 1800; x_wconf 74' lang='lat' dir='ltr'><strong>concludere</strong></span> <span class='ocrx_word' id='word_1_73' title='bbox 628 1746 778 1826; x_wconf 81' lang='lat' dir='ltr'><strong>pacem</strong></span> <span class='ocrx_word' id='word_1_74' title='bbox 803 1733 940 1802; x_wconf 88' lang='lat' dir='ltr'><strong>tecum</strong></span> <span class='ocrx_word' id='word_1_75' title='bbox 958 1751 1035 1827; x_wconf 92' lang='lat' dir='ltr'><strong>per</strong></span> <span class='ocrx_word' id='word_1_76' title='bbox 1052 1727 1233 1830; x_wconf 86' lang='lat' dir='ltr'><strong>aliquem</strong></span> 
     </span>
     <span class='ocr_line' id='line_1_12' title="bbox 12 1841 1235 1943; baseline 0 -25"><span class='ocrx_word' id='word_1_77' title='bbox 12 1883 13 1886; x_wconf 13' lang='grc' dir='ltr'><strong><em>κ</em></strong></span> <span class='ocrx_word' id='word_1_78' title='bbox 140 1842 364 1920; x_wconf 91' lang='lat' dir='ltr'><strong>modorum</strong></span> <span class='ocrx_word' id='word_1_79' title='bbox 393 1841 792 1942; x_wconf 82' lang='lat' dir='ltr'><strong>suprascriptorum,</strong></span> <span class='ocrx_word' id='word_1_80' title='bbox 820 1847 921 1921; x_wconf 90' lang='lat' dir='ltr'><strong>tunc</strong></span> <span class='ocrx_word' id='word_1_81' title='bbox 950 1845 990 1918; x_wconf 92' lang='lat' dir='ltr'><strong>in</strong></span> <span class='ocrx_word' id='word_1_82' title='bbox 1020 1843 1235 1943; x_wconf 72' lang='lat' dir='ltr'><strong>bonagro-</strong></span> 
     </span>
    </p>
   </div>
   <div class='ocr_carea' id='block_1_9' title="bbox 12 1961 1239 2686">
    <p class='ocr_par' dir='ltr' id='par_1_9' title="bbox 139 1961 1236 2309">
     <span class='ocr_line' id='line_1_13' title="bbox 140 1961 1234 2062; baseline -0.002 -20"><span class='ocrx_word' id='word_1_83' title='bbox 140 1965 194 2042; x_wconf 85' lang='lat' dir='ltr'><strong>tia</strong></span> <span class='ocrx_word' id='word_1_84' title='bbox 223 1961 336 2062; x_wconf 81' lang='lat' dir='ltr'><strong>illam</strong></span> <span class='ocrx_word' id='word_1_85' title='bbox 364 1965 644 2042; x_wconf 78' lang='lat' dir='ltr'><strong>concludere</strong></span> <span class='ocrx_word' id='word_1_86' title='bbox 667 1961 846 2049; x_wconf 85' lang='lat' dir='ltr'><strong>debeas,</strong></span> <span class='ocrx_word' id='word_1_87' title='bbox 890 1971 933 2040; x_wconf 90' lang='lat' dir='ltr'><strong>et</strong></span> <span class='ocrx_word' id='word_1_88' title='bbox 961 1967 1015 2042; x_wconf 94' lang='lat' dir='ltr'><strong>ob</strong></span> <span class='ocrx_word' id='word_1_89' title='bbox 1045 1965 1130 2042; x_wconf 93' lang='lat' dir='ltr'><strong>hoc</strong></span> <span class='ocrx_word' id='word_1_90' title='bbox 1158 1961 1234 2040; x_wconf 90' lang='lat' dir='ltr'><strong>tibi</strong></span> 
     </span>
     <span class='ocr_line' id='line_1_14' title="bbox 140 2083 1236 2190; baseline -0.004 -26"><span class='ocrx_word' id='word_1_91' title='bbox 140 2085 231 2164; x_wconf 89' lang='lat' dir='ltr'><strong>lieri</strong></span> <span class='ocrx_word' id='word_1_92' title='bbox 260 2083 440 2162; x_wconf 84' lang='lat' dir='ltr'><strong>lecimus</strong></span> <span class='ocrx_word' id='word_1_93' title='bbox 466 2085 721 2164; x_wconf 88' lang='lat' dir='ltr'><strong>sindicatum</strong></span> <span class='ocrx_word' id='word_1_94' title='bbox 751 2086 1001 2190; x_wconf 82' lang='lat' dir='ltr'><strong>adplenum,</strong></span> <span class='ocrx_word' id='word_1_95' title='bbox 1029 2086 1071 2163; x_wconf 88' lang='lat' dir='ltr'><strong>in</strong></span> <span class='ocrx_word' id='word_1_96' title='bbox 1100 2087 1236 2164; x_wconf 85' lang='lat' dir='ltr'><strong>forma</strong></span> 
     </span>
     <span class='ocr_line' id='line_1_15' title="bbox 139 2205 731 2309; baseline 0.003 -27"><span class='ocrx_word' id='word_1_97' title='bbox 139 2205 382 2282; x_wconf 85' lang='lat' dir='ltr'><strong>necessaria</strong></span> <span class='ocrx_word' id='word_1_98' title='bbox 410 2214 452 2282; x_wconf 88' lang='lat' dir='ltr'><strong>et</strong></span> <span class='ocrx_word' id='word_1_99' title='bbox 480 2212 731 2309; x_wconf 76' lang='lat' dir='ltr'><strong>opportuna,</strong></span> 
     </span>
    </p>

    <p class='ocr_par' dir='ltr' id='par_1_10' title="bbox 12 2325 1239 2686">
     <span class='ocr_line' id='line_1_16' title="bbox 242 2325 1239 2404; baseline 0.002 -4"><span class='ocrx_word' id='word_1_100' title='bbox 242 2325 287 2402; x_wconf 79' lang='lat' dir='ltr'><strong>Si</strong></span> <span class='ocrx_word' id='word_1_101' title='bbox 327 2349 432 2404; x_wconf 88' lang='lat' dir='ltr'><strong>vero</strong></span> <span class='ocrx_word' id='word_1_102' title='bbox 476 2327 576 2404; x_wconf 87' lang='lat' dir='ltr'><strong>dicti</strong></span> <span class='ocrx_word' id='word_1_103' title='bbox 629 2326 862 2404; x_wconf 90' lang='lat' dir='ltr'><strong>domina</strong></span> <span class='ocrx_word' id='word_1_104' title='bbox 915 2325 1140 2404; x_wconf 89' lang='lat' dir='ltr'><strong>Helena</strong></span> <span class='ocrx_word' id='word_1_105' title='bbox 1183 2333 1239 2402; x_wconf 88' lang='lat' dir='ltr'><strong>et</strong></span> 
     </span>
     <span class='ocr_line' id='line_1_17' title="bbox 12 2445 1234 2552; baseline -0.001 -30"><span class='ocrx_word' id='word_1_106' title='bbox 12 2539 13 2552; x_wconf 17' lang='lat' dir='ltr'><strong>p</strong></span> <span class='ocrx_word' id='word_1_107' title='bbox 138 2445 314 2523; x_wconf 86' lang='lat' dir='ltr'><strong>Balsa</strong></span> <span class='ocrx_word' id='word_1_108' title='bbox 343 2445 488 2524; x_wconf 89' lang='lat' dir='ltr'><strong>nolent</strong></span> <span class='ocrx_word' id='word_1_109' title='bbox 514 2445 662 2522; x_wconf 84' lang='lat' dir='ltr'><strong>venire</strong></span> <span class='ocrx_word' id='word_1_110' title='bbox 691 2445 740 2520; x_wconf 88' lang='lat' dir='ltr'><strong>ad</strong></span> <span class='ocrx_word' id='word_1_111' title='bbox 769 2469 918 2547; x_wconf 87' lang='lat' dir='ltr'><strong>pacem</strong></span> <span class='ocrx_word' id='word_1_112' title='bbox 946 2470 1026 2548; x_wconf 85' lang='lat' dir='ltr'><strong>per</strong></span> <span class='ocrx_word' id='word_1_113' title='bbox 1053 2446 1234 2547; x_wconf 85' lang='lat' dir='ltr'><strong>aliquem</strong></span> 
     </span>
     <span class='ocr_line' id='line_1_18' title="bbox 12 2566 1238 2686; baseline -0.004 -39"><span class='ocrx_word' id='word_1_114' title='bbox 12 2657 14 2686; x_wconf 26' lang='grc' dir='ltr'>ἱ</span> <span class='ocrx_word' id='word_1_115' title='bbox 138 2569 363 2646; x_wconf 90' lang='lat' dir='ltr'><strong>modorum</strong></span> <span class='ocrx_word' id='word_1_116' title='bbox 391 2566 797 2670; x_wconf 87' lang='lat' dir='ltr'><strong>suprascriptorum,</strong></span> <span class='ocrx_word' id='word_1_117' title='bbox 834 2568 908 2644; x_wconf 88' lang='lat' dir='ltr'><strong>sed</strong></span> <span class='ocrx_word' id='word_1_118' title='bbox 937 2575 1102 2648; x_wconf 82' lang='lat' dir='ltr'><strong>starent</strong></span> <span class='ocrx_word' id='word_1_119' title='bbox 1128 2566 1238 2644; x_wconf 86' lang='lat' dir='ltr'><strong>firmi</strong></span> 
     </span>
    </p>
   </div>
   <div class='ocr_carea' id='block_1_10' title="bbox 12 2684 1237 2772">
    <p class='ocr_par' dir='ltr' id='par_1_11' title="bbox 12 2684 1237 2772">
     <span class='ocr_line' id='line_1_19' title="bbox 12 2684 1237 2772; baseline 0.002 -8"><span class='ocrx_word' id='word_1_120' title='bbox 12 2725 14 2748; x_wconf 70' lang='grc' dir='ltr'>ι</span> <span class='ocrx_word' id='word_1_121' title='bbox 140 2695 182 2764; x_wconf 88' lang='lat' dir='ltr'><strong>et</strong></span> <span class='ocrx_word' id='word_1_122' title='bbox 208 2695 449 2765; x_wconf 82' lang='lat' dir='ltr'><strong>constantes</strong></span> <span class='ocrx_word' id='word_1_123' title='bbox 479 2689 520 2763; x_wconf 93' lang='lat' dir='ltr'><strong>in</strong></span> <span class='ocrx_word' id='word_1_124' title='bbox 548 2687 734 2763; x_wconf 87' lang='lat' dir='ltr'><strong>volendo</strong></span> <span class='ocrx_word' id='word_1_125' title='bbox 764 2684 1095 2772; x_wconf 87' lang='lat' dir='ltr'><strong>Antibarum,</strong></span> <span class='ocrx_word' id='word_1_126' title='bbox 1137 2693 1237 2768; x_wconf 72' lang='lat' dir='ltr'><strong>tirno</strong></span> 
     </span>
    </p>
   </div>
   <div class='ocr_carea' id='block_1_11' title="bbox 140 2805 1239 3030">
    <p class='ocr_par' dir='ltr' id='par_1_12' title="bbox 140 2805 1239 3030">
     <span class='ocr_line' id='line_1_20' title="bbox 140 2805 1237 2908; baseline -0.002 -22"><span class='ocrx_word' id='word_1_127' title='bbox 140 2810 178 2886; x_wconf 93' lang='lat' dir='ltr'><strong>in</strong></span> <span class='ocrx_word' id='word_1_128' title='bbox 206 2805 288 2890; x_wconf 90' lang='lat' dir='ltr'><strong>isto</strong></span> <span class='ocrx_word' id='word_1_129' title='bbox 320 2833 419 2886; x_wconf 89' lang='lat' dir='ltr'><strong>casu</strong></span> <span class='ocrx_word' id='word_1_130' title='bbox 449 2807 528 2884; x_wconf 90' lang='lat' dir='ltr'><strong>sibi</strong></span> <span class='ocrx_word' id='word_1_131' title='bbox 545 2805 692 2886; x_wconf 90' lang='lat' dir='ltr'><strong>dicere</strong></span> <span class='ocrx_word' id='word_1_132' title='bbox 718 2815 760 2882; x_wconf 90' lang='lat' dir='ltr'><strong>et</strong></span> <span class='ocrx_word' id='word_1_133' title='bbox 775 2807 1037 2908; x_wconf 84' lang='lat' dir='ltr'><strong>respondere</strong></span> <span class='ocrx_word' id='word_1_134' title='bbox 1067 2805 1237 2896; x_wconf 90' lang='lat' dir='ltr'><strong>debeas,</strong></span> 
     </span>
     <span class='ocr_line' id='line_1_21' title="bbox 141 2927 1239 3030; baseline -0.004 -25"><span class='ocrx_word' id='word_1_135' title='bbox 141 2930 413 3030; x_wconf 90' lang='lat' dir='ltr'><strong>quodtunon</strong></span> <span class='ocrx_word' id='word_1_136' title='bbox 446 2928 579 3004; x_wconf 88' lang='lat' dir='ltr'><strong>habes</strong></span> <span class='ocrx_word' id='word_1_137' title='bbox 609 2927 728 3004; x_wconf 85' lang='lat' dir='ltr'><strong>aliam</strong></span> <span class='ocrx_word' id='word_1_138' title='bbox 758 2928 998 3006; x_wconf 84' lang='lat' dir='ltr'><strong>libertatem</strong></span> <span class='ocrx_word' id='word_1_139' title='bbox 1027 2951 1107 3004; x_wconf 88' lang='lat' dir='ltr'><strong>nec</strong></span> <span class='ocrx_word' id='word_1_140' title='bbox 1132 2951 1239 3003; x_wconf 86' lang='lat' dir='ltr'><strong>man-</strong></span> 
     </span>
    </p>
   </div>
   <div class='ocr_carea' id='block_1_12' title="bbox 140 3045 1240 3150">
    <p class='ocr_par' dir='ltr' id='par_1_13' title="bbox 12 3035 1240 3158">
     <span class='ocr_line' id='line_1_22' title="bbox 140 3045 1240 3150; baseline -0.002 -25.208"><span class='ocrx_word' id='word_1_141' title='bbox 140 3050 280 3130; x_wconf 90' lang='lat' dir='ltr'><strong>datum</strong></span> <span class='ocrx_word' id='word_1_142' title='bbox 310 3075 332 3125; x_wconf 88' lang='lat' dir='ltr'><strong>a</strong></span> <span class='ocrx_word' id='word_1_143' title='bbox 360 3056 512 3127; x_wconf 89' lang='lat' dir='ltr'><strong>nostro</strong></span> <span class='ocrx_word' id='word_1_144' title='bbox 542 3048 742 3139; x_wconf 88' lang='lat' dir='ltr'><strong>dominio,</strong></span> <span class='ocrx_word' id='word_1_145' title='bbox 772 3048 943 3150; x_wconf 89' lang='lat' dir='ltr'><strong>etquod</strong></span> <span class='ocrx_word' id='word_1_146' title='bbox 970 3049 1138 3126; x_wconf 87' lang='lat' dir='ltr'><strong>videtur</strong></span> <span class='ocrx_word' id='word_1_147' title='bbox 1165 3045 1240 3126; x_wconf 87' lang='lat' dir='ltr'><strong>tibi</strong></span> 
     </span>
    </p>
   </div>
   <div class='ocr_carea' id='block_1_13' title="bbox 138 3167 1238 3268">
    <p class='ocr_par' dir='ltr' id='par_1_14' title="bbox 138 3167 1238 3268">
     <span class='ocr_line' id='line_1_23' title="bbox 138 3167 1238 3268; baseline -0.002 -22"><span class='ocrx_word' id='word_1_148' title='bbox 138 3168 428 3248; x_wconf 87' lang='lat' dir='ltr'><strong>necessarium</strong></span> <span class='ocrx_word' id='word_1_149' title='bbox 459 3191 576 3262; x_wconf 73' lang='lat' dir='ltr'><strong>csse„</strong></span> <span class='ocrx_word' id='word_1_150' title='bbox 606 3176 829 3268; x_wconf 83' lang='lat' dir='ltr'><strong>postquam</strong></span> <span class='ocrx_word' id='word_1_151' title='bbox 859 3167 909 3245; x_wconf 84' lang='lat' dir='ltr'><strong>ad</strong></span> <span class='ocrx_word' id='word_1_152' title='bbox 939 3194 988 3242; x_wconf 83' lang='lat' dir='ltr'><strong>ea</strong></span> <span class='ocrx_word' id='word_1_153' title='bbox 1018 3191 1128 3268; x_wconf 86' lang='lat' dir='ltr'><strong>quae</strong></span> <span class='ocrx_word' id='word_1_154' title='bbox 1158 3167 1238 3244; x_wconf 92' lang='lat' dir='ltr'><strong>sibi</strong></span> 
     </span>
    </p>
   </div>
   <div class='ocr_carea' id='block_1_14' title="bbox 12 3287 1257 3630">
    <p class='ocr_par' dir='ltr' id='par_1_15' title="bbox 12 3287 1257 3630">
     <span class='ocr_line' id='line_1_24' title="bbox 12 3287 1242 3390; baseline -0.004 -19"><span class='ocrx_word' id='word_1_155' title='bbox 12 3355 14 3390; x_wconf 69' lang='lat'><em>,</em></span> <span class='ocrx_word' id='word_1_156' title='bbox 144 3293 272 3370; x_wconf 78' lang='lat' dir='ltr'><strong>offers</strong></span> <span class='ocrx_word' id='word_1_157' title='bbox 315 3315 369 3367; x_wconf 86' lang='lat' dir='ltr'><strong>ex</strong></span> <span class='ocrx_word' id='word_1_158' title='bbox 413 3295 536 3390; x_wconf 86' lang='lat' dir='ltr'><strong>parte</strong></span> <span class='ocrx_word' id='word_1_159' title='bbox 576 3289 711 3366; x_wconf 90' lang='lat' dir='ltr'><strong>nostri</strong></span> <span class='ocrx_word' id='word_1_160' title='bbox 754 3287 954 3382; x_wconf 81' lang='lat' dir='ltr'><strong>dominii,</strong></span> <span class='ocrx_word' id='word_1_161' title='bbox 999 3311 1105 3388; x_wconf 87' lang='lat' dir='ltr'><strong>quac</strong></span> <span class='ocrx_word' id='word_1_162' title='bbox 1141 3297 1242 3384; x_wconf 38' lang='lat' dir='ltr'><strong>,sunt</strong></span> 
     </span>
     <span class='ocr_line' id='line_1_25' title="bbox 12 3405 1257 3496; baseline -0.012 0"><span class='ocrx_word' id='word_1_163' title='bbox 12 3409 15 3444; x_wconf 64' lang='lat'><em>¹</em></span> <span class='ocrx_word' id='word_1_164' title='bbox 144 3412 248 3491; x_wconf 88' lang='lat' dir='ltr'><strong>iusta</strong></span> <span class='ocrx_word' id='word_1_165' title='bbox 292 3419 334 3488; x_wconf 89' lang='lat' dir='ltr'><strong>et</strong></span> <span class='ocrx_word' id='word_1_166' title='bbox 361 3408 653 3492; x_wconf 84' lang='lat' dir='ltr'><strong>rationabilia,</strong></span> <span class='ocrx_word' id='word_1_167' title='bbox 694 3409 842 3486; x_wconf 91' lang='lat' dir='ltr'><strong>nolunt</strong></span> <span class='ocrx_word' id='word_1_168' title='bbox 884 3405 1257 3496; x_wconf 65' lang='lat' dir='ltr'><strong>condescendere·</strong></span> 
     </span>
     <span class='ocr_line' id='line_1_26' title="bbox 12 3525 1240 3630; baseline -0.007 -21"><span class='ocrx_word' id='word_1_169' title='bbox 12 3535 13 3538; x_wconf 70' lang='grc'>’</span> <span class='ocrx_word' id='word_1_170' title='bbox 145 3531 288 3612; x_wconf 82' lang='lat' dir='ltr'><strong>iacere</strong></span> <span class='ocrx_word' id='word_1_171' title='bbox 327 3529 438 3606; x_wconf 87' lang='lat' dir='ltr'><strong>inter</strong></span> <span class='ocrx_word' id='word_1_172' title='bbox 479 3537 620 3630; x_wconf 87' lang='lat' dir='ltr'><strong>partes</strong></span> <span class='ocrx_word' id='word_1_173' title='bbox 663 3537 949 3626; x_wconf 81' lang='lat' dir='ltr'><strong>treuguas</strong></span> <span class='ocrx_word' id='word_1_174' title='bbox 989 3528 1078 3604; x_wconf 87' lang='lat' dir='ltr'><strong>sive</strong></span> <span class='ocrx_word' id='word_1_175' title='bbox 1119 3525 1240 3602; x_wconf 85' lang='lat' dir='ltr'><strong>suffe·</strong></span> 
     </span>
    </p>
   </div>
   <div class='ocr_carea' id='block_1_15' title="bbox 146 3647 1252 3996">
    <p class='ocr_par' dir='ltr' id='par_1_16' title="bbox 146 3647 1252 3996">
     <span class='ocr_line' id='line_1_27' title="bbox 146 3647 1241 3750; baseline -0.003 -24"><span class='ocrx_word' id='word_1_176' title='bbox 146 3651 326 3736; x_wconf 87' lang='lat' dir='ltr'><strong>rentias,</strong></span> <span class='ocrx_word' id='word_1_177' title='bbox 368 3655 413 3750; x_wconf 82' lang='lat' dir='ltr'><strong>et</strong></span> <span class='ocrx_word' id='word_1_178' title='bbox 439 3647 560 3727; x_wconf 83' lang='lat' dir='ltr'><strong>factis</strong></span> <span class='ocrx_word' id='word_1_179' title='bbox 601 3647 724 3726; x_wconf 87' lang='lat' dir='ltr'><strong>dictis</strong></span> <span class='ocrx_word' id='word_1_180' title='bbox 765 3649 952 3745; x_wconf 82' lang='lat' dir='ltr'><strong>treuguis</strong></span> <span class='ocrx_word' id='word_1_181' title='bbox 994 3655 1037 3722; x_wconf 90' lang='lat' dir='ltr'><strong>tu</strong></span> <span class='ocrx_word' id='word_1_182' title='bbox 1075 3648 1241 3725; x_wconf 86' lang='lat' dir='ltr'><strong>scribes</strong></span> 
     </span>
     <span class='ocr_line' id='line_1_28' title="bbox 146 3766 1252 3848; baseline -0.005 0"><span class='ocrx_word' id='word_1_183' title='bbox 146 3777 293 3848; x_wconf 86' lang='lat' dir='ltr'><strong>nostro</strong></span> <span class='ocrx_word' id='word_1_184' title='bbox 331 3769 518 3844; x_wconf 89' lang='lat' dir='ltr'><strong>dominio</strong></span> <span class='ocrx_word' id='word_1_185' title='bbox 558 3767 837 3847; x_wconf 85' lang='lat' dir='ltr'><strong>intentionem</strong></span> <span class='ocrx_word' id='word_1_186' title='bbox 879 3790 996 3844; x_wconf 87' lang='lat' dir='ltr'><strong>suam</strong></span> <span class='ocrx_word' id='word_1_187' title='bbox 1033 3773 1075 3842; x_wconf 86' lang='lat' dir='ltr'><strong>el</strong></span> <span class='ocrx_word' id='word_1_188' title='bbox 1104 3766 1252 3843; x_wconf 80' lang='lat' dir='ltr'><strong>omnia·</strong></span> 
     </span>
     <span class='ocr_line' id='line_1_29' title="bbox 147 3887 1242 3996; baseline -0.006 -27"><span class='ocrx_word' id='word_1_189' title='bbox 147 3916 253 3995; x_wconf 88' lang='lat' dir='ltr'><strong>quae</strong></span> <span class='ocrx_word' id='word_1_190' title='bbox 281 3897 449 3996; x_wconf 88' lang='lat' dir='ltr'><strong>petunt,</strong></span> <span class='ocrx_word' id='word_1_191' title='bbox 479 3896 522 3967; x_wconf 87' lang='lat' dir='ltr'><strong>et</strong></span> <span class='ocrx_word' id='word_1_192' title='bbox 549 3891 627 3990; x_wconf 88' lang='lat' dir='ltr'><strong>ipsi</strong></span> <span class='ocrx_word' id='word_1_193' title='bbox 654 3888 848 3966; x_wconf 88' lang='lat' dir='ltr'><strong>similiter</strong></span> <span class='ocrx_word' id='word_1_194' title='bbox 875 3895 1050 3989; x_wconf 89' lang='lat' dir='ltr'><strong>possunt</strong></span> <span class='ocrx_word' id='word_1_195' title='bbox 1076 3887 1242 3964; x_wconf 85' lang='lat' dir='ltr'><strong>mittere</strong></span> 
     </span>
    </p>
   </div>
   <div class='ocr_carea' id='block_1_16' title="bbox 12 4011 1243 4116">
    <p class='ocr_par' dir='ltr' id='par_1_17' title="bbox 12 4011 1243 4116">
     <span class='ocr_line' id='line_1_30' title="bbox 12 4011 1243 4116; baseline -0.008 -21"><span class='ocrx_word' id='word_1_196' title='bbox 12 4043 14 4068; x_wconf 79' lang='lat'><strong>¹</strong></span> <span class='ocrx_word' id='word_1_197' title='bbox 149 4013 201 4094; x_wconf 81' lang='lat' dir='ltr'><strong>ad</strong></span> <span class='ocrx_word' id='word_1_198' title='bbox 237 4013 492 4116; x_wconf 87' lang='lat' dir='ltr'><strong>presentiam</strong></span> <span class='ocrx_word' id='word_1_199' title='bbox 535 4019 725 4088; x_wconf 86' lang='lat' dir='ltr'><strong>nostram</strong></span> <span class='ocrx_word' id='word_1_200' title='bbox 774 4033 875 4086; x_wconf 91' lang='lat' dir='ltr'><strong>suos</strong></span> <span class='ocrx_word' id='word_1_201' title='bbox 917 4011 1243 4097; x_wconf 83' lang='lat' dir='ltr'><strong>ambaxiatores,</strong></span> 
     </span>
    </p>
   </div>
   <div class='ocr_carea' id='block_1_17' title="bbox 149 4129 1244 4489">
    <p class='ocr_par' dir='ltr' id='par_1_18' title="bbox 149 4129 1244 4489">
     <span class='ocr_line' id='line_1_31' title="bbox 150 4129 1243 4238; baseline -0.007 -24"><span class='ocrx_word' id='word_1_202' title='bbox 150 4133 305 4238; x_wconf 86' lang='lat' dir='ltr'><strong>quibus</strong></span> <span class='ocrx_word' id='word_1_203' title='bbox 327 4143 373 4212; x_wconf 89' lang='lat' dir='ltr'><strong>tu</strong></span> <span class='ocrx_word' id='word_1_204' title='bbox 401 4133 532 4212; x_wconf 87' lang='lat' dir='ltr'><strong>facies</strong></span> <span class='ocrx_word' id='word_1_205' title='bbox 576 4140 727 4210; x_wconf 87' lang='lat' dir='ltr'><strong>nostro</strong></span> <span class='ocrx_word' id='word_1_206' title='bbox 757 4131 928 4209; x_wconf 89' lang='lat' dir='ltr'><strong>nomine</strong></span> <span class='ocrx_word' id='word_1_207' title='bbox 955 4129 1113 4209; x_wconf 85' lang='lat' dir='ltr'><strong>salvum</strong></span> <span class='ocrx_word' id='word_1_208' title='bbox 1147 4154 1243 4208; x_wconf 89' lang='lat' dir='ltr'><strong>con·</strong></span> 
     </span>
     <span class='ocr_line' id='line_1_32' title="bbox 150 4251 1243 4356; baseline -0.008 -22"><span class='ocrx_word' id='word_1_209' title='bbox 150 4255 321 4334; x_wconf 91' lang='lat' dir='ltr'><strong>ductum</strong></span> <span class='ocrx_word' id='word_1_210' title='bbox 351 4253 627 4356; x_wconf 75' lang='lat' dir='ltr'><strong>adplenum,</strong></span> <span class='ocrx_word' id='word_1_211' title='bbox 668 4256 713 4328; x_wconf 87' lang='lat' dir='ltr'><strong>ut</strong></span> <span class='ocrx_word' id='word_1_212' title='bbox 753 4252 914 4353; x_wconf 90' lang='lat' dir='ltr'><strong>possint</strong></span> <span class='ocrx_word' id='word_1_213' title='bbox 953 4251 1063 4327; x_wconf 89' lang='lat' dir='ltr'><strong>inter</strong></span> <span class='ocrx_word' id='word_1_214' title='bbox 1101 4255 1243 4351; x_wconf 87' lang='lat' dir='ltr'><strong>partes</strong></span> 
     </span>
     <span class='ocr_line' id='line_1_33' title="bbox 149 4369 1244 4489; baseline -0.009 -33"><span class='ocrx_word' id='word_1_215' title='bbox 149 4375 334 4489; x_wconf 84' lang='lat' dir='ltr'><strong>reperiri</strong></span> <span class='ocrx_word' id='word_1_216' title='bbox 366 4371 586 4452; x_wconf 86' lang='lat' dir='ltr'><strong>demodis</strong></span> <span class='ocrx_word' id='word_1_217' title='bbox 630 4380 673 4450; x_wconf 90' lang='lat' dir='ltr'><strong>et</strong></span> <span class='ocrx_word' id='word_1_218' title='bbox 713 4369 795 4448; x_wconf 83' lang='lat' dir='ltr'><strong>viis</strong></span> <span class='ocrx_word' id='word_1_219' title='bbox 832 4369 1128 4474; x_wconf 84' lang='lat' dir='ltr'><strong>possibilibus,</strong></span> <span class='ocrx_word' id='word_1_220' title='bbox 1165 4391 1244 4474; x_wconf 86' lang='lat' dir='ltr'><strong>per</strong></span> 
     </span>
    </p>
   </div>
   <div class='ocr_carea' id='block_1_18' title="bbox 0 0 1611 5112">
    <p class='ocr_par' dir='ltr' id='par_1_19' title="bbox 0 0 1611 5112">
     <span class='ocr_line' id='line_1_34' title="bbox 0 0 1611 5112; baseline 0 0"><span class='ocrx_word' id='word_1_221' title='bbox 0 0 1611 5112; x_wconf 95' lang='lat' dir='ltr'><strong> </strong></span> 
     </span>
    </p>
   </div>
  </div>
 </body>
</html>
