3212 5116
305 353 377 421 ata

307 555 440 638 nobili
480 559 654 640 virosr.
691 555 943 634 Nicolao'
994 554 1185 632 Basso
1242 553 1393 659 capita·

307 706 388 758 neo
417 703 495 755 suo
525 676 607 756 civi
633 685 790 760 nostro,
820 675 1026 773 iumagus
1054 676 1257 776 pecuniae
1286 695 1392 754 sunl·

307 826 395 894 ma,
431 798 568 878 causis
595 796 731 874 eidem
761 795 964 874 maiestati
990 795 1113 874 notis.
1154 797 1206 875 Et
1234 798 1329 899 quia
1357 825 1395 875 a·

308 921 382 998 lias
409 917 663 998 excellentia
703 921 844 994 vestra
877 915 1047 1016 scripsit
1075 923 1117 994 et
1142 915 1397 1018 subsequen·

307 1049 373 1120 ter
408 1065 484 1143 per
522 1039 842 1116 ambassatorem
874 1061 996 1114 suarm
1036 1037 1158 1116 nobis
1197 1039 1299 1118 tecit
1327 1063 1394 1116 ex·

305 1162 433 1268 poni,
488 1159 600 1262 quod
654 1158 853 1236 redderet
905 1159 1038 1260 ipsum
1068 1179 1123 1237 sr.
1176 1159 1394 1238 Nicolaum

308 1285 417 1362 hene
446 1287 715 1366 contentum,
742 1277 1013 1383 sperabamus
1055 1279 1168 1381 quod
1197 1278 1283 1360 hoc
1311 1303 1395 1357 mo·

307 1400 362 1482 do
392 1400 546 1478 lactum
573 1405 710 1485 essett
750 1397 1027 1478 consideratis
1049 1400 1171 1497 justis
1188 1400 1324 1478 causis
1353 1402 1394 1476 et

308 1523 435 1622 longo
466 1527 673 1624 tempore,
716 1545 799 1621 quo
827 1516 1154 1598 satisfactionem
1183 1542 1299 1597 suam
1326 1543 1394 1622 pa·

307 1643 463 1722 tienter
489 1643 771 1746 praestolatus
801 1650 878 1722 est.
904 1641 957 1719 llt
978 1643 1074 1743 quia
1089 1640 1180 1745 ipse
1195 1667 1252 1719 sr.
1276 1639 1397 1719 Nico·

308 1764 397 1840 lans
426 1764 481 1840 ob
510 1762 679 1862 negotia
713 1761 952 1838 serenitatis
977 1767 1143 1839 vestrae
1173 1768 1237 1840 est
1265 1759 1396 1838 diver·

308 1885 363 1961 sis
405 1881 602 1986 personis
642 1881 682 1958 in
712 1882 848 1959 multis
875 1881 1064 1983 pecuniis
1103 1880 1325 1981 obligatus,
1353 1887 1396 1958 et

307 2003 387 2108 ipsi
413 2004 572 2106 pluries
592 2003 844 2081 solutionem
873 2025 988 2080 suam
1018 2025 1161 2080 coram
1190 1999 1309 2078 nobis
1338 1999 1393 2078 in·

306 2123 556 2203 stantissime
583 2123 815 2228 petierunt,
843 2121 1085 2226 praedictus
1114 2147 1170 2200 sr.
1199 2119 1395 2200 Nicotaus

307 2273 393 2326 non
421 2245 546 2323 audet
578 2243 763 2344 jamdiu
792 2267 1071 2348 comparere,
1114 2245 1298 2345 quinon
1326 2240 1392 2316 hu·

307 2369 411 2446 bens
436 2366 546 2446 uude
581 2367 780 2450 solvere,
820 2365 938 2444 timet
966 2363 1208 2442 carceribus
1243 2362 1394 2440 manci·

306 2485 407 2588 pari,
437 2484 549 2587 qnod
577 2509 655 2562 nos
683 2479 850 2584 ag'ravat
877 2491 919 2560 et
946 2481 1175 2586 perturbat,
1202 2505 1394 2587 praeser·

281 2603 377 2683 .tim
418 2630 498 2707 pro
528 2605 694 2683 honore
731 2605 875 2704 regio,
917 2631 1042 2708 quem
1081 2610 1240 2683 tantum
1268 2603 1396 2703 diligi·

307 2751 412 2817 mus,
442 2732 485 2804 et
510 2751 590 2829 pro
632 2726 784 2803 damno
815 2733 855 2804 et
883 2723 1153 2804 incommodo
1196 2723 1297 2802 civis
1324 2748 1393 2804 no·

307 2847 384 2925 stri
420 2854 462 2926 et
489 2845 666 2922 aliorum
708 2847 859 2924 civium
895 2853 1165 2940 nostrorum,
1208 2845 1392 2921 debenti·

306 2991 375 3043 um
410 2966 604 3068 recipere
645 2967 889 3043 mercedem
930 2989 1060 3043 suam.
1121 2965 1255 3064 Quare
1298 2989 1394 3043 cum

305 3087 532 3194 propingvi
559 3089 623 3165 sui
650 3111 778 3189 saepe
813 3088 1126 3192 comparuerint
1154 3109 1298 3166 coram
1326 3110 1393 3161 uo·

307 3209 369 3288 bis
397 3212 689 3313 requirentes,
731 3211 843 3312 quod
872 3206 1146 3313 provideatur
1187 3215 1233 3286 ut
1260 3205 1395 3285 dictus

306 3355 351 3408 sr
377 3329 569 3409 Nicolaus
597 3331 734 3436 possit
774 3353 889 3408 snam
917 3329 1243 3409 satisfactionem
1271 3325 1393 3404 habe·

272 3473 276 3484 ·
307 3474 367 3549 re,
385 3455 429 3530 ut
444 3475 693 3553 comparere
722 3453 858 3550 possit
883 3449 1071 3527 Venetiis
1095 3454 1137 3525 et
1150 3445 1395 3525 satisfacere

307 3569 455 3670 quibus
484 3595 609 3650 causa
636 3571 862 3669 majestatis
888 3576 1056 3646 vestrae
1085 3574 1276 3654 tenetur,
1314 3565 1395 3652 cel·

305 3691 528 3770 situdinem
568 3696 750 3769 vestram
791 3690 948 3791 regiam
988 3687 1283 3766 instantissime
1326 3683 1392 3764 de·

305 3835 541 3916 precamur,
569 3819 773 3915 quatenus
800 3838 878 3916 pro
894 3813 1059 3888 honore
1089 3807 1396 3890 maiestatisve·

306 3941 446 4022 strae,
475 3941 518 4012 et
543 3939 588 4010 ut
614 3934 856 4036 praedictus
886 3935 989 4014 civis
1018 3939 1165 4012 noster
1192 3939 1317 4009 exeat
1344 3927 1396 4004 de

307 4051 519 4130 laboribus
560 4053 658 4144 istis,
687 4061 729 4134 et
768 4061 813 4134 ut
840 4051 901 4133 illi
929 4055 1001 4156 qni
1041 4051 1199 4130 habere
1241 4050 1397 4128 debent

306 4173 469 4278 possint
494 4172 653 4254 habere
681 4175 938 4256 solutionem
966 4195 1094 4264 snam,
1121 4174 1315 4274 dignetur
1342 4179 1397 4250 te·
1424 4165 1429 4174 “
