3226 5112
181 579 289 668 uri.
329 584 376 659 ul
407 584 525 684 potet
551 579 685 660 literis
716 577 969 682 superinde
997 577 1191 681 scriptis,
1232 581 1275 655 et
1359 579 1368 602 ⁴

180 699 388 801 sigillatis.
422 698 642 798 Negusi
690 697 845 782 subditi
893 697 1275 786 turesevion

183 827 447 922 occuparunt
475 821 528 900 de
557 819 776 900 territorio
794 817 968 916 dominij
983 819 1274 907 venetiarum,

182 941 223 1018 in
250 941 518 1030 tribuslocis
545 937 656 1022 intus
685 937 866 1024 confinia
905 940 961 1018 de
1002 963 1151 1019 versus
1188 963 1275 1022 cus·

183 1067 294 1140 trum
324 1061 538 1150 Ceteri,
565 1060 747 1164 petitur:
780 1058 892 1161 qirod
910 1055 1090 1141 confinio
1106 1083 1274 1143 consor»

183 1191 334 1260 rentur
374 1187 417 1260 et
457 1185 829 1266 manuteneantur,
871 1185 914 1258 et
953 1179 1068 1280 quod
1096 1178 1276 1282 predicti

183 1299 335 1400 Negusi
365 1303 570 1398 cogantur
598 1301 826 1382 restituere
852 1297 1024 1378 domino
1043 1299 1187 1384 comiti
1202 1297 1277 1378 Cn·

185 1421 275 1508 ἰπὶ,
303 1419 471 1500 nomine
489 1421 532 1502 il.
547 1419 719 1518 dominij
735 1418 1024 1512 venetiorum,
1053 1444 1198 1498 omnes
1215 1443 1277 1502 re·

184 1542 373 1620 eoleetns
389 1547 432 1618 et
445 1542 743 1633 emolumenta,
760 1563 862 1642 quus
879 1548 920 1619 et
936 1565 1017 1643 que
1039 1540 1274 1642 quomodo·

80 1731 83 1738 .
185 1662 290 1742 libet
316 1660 581 1750 habuerunt,
624 1670 667 1740 et
700 1661 956 1762 colligarunt
994 1685 1124 1764 super
1151 1660 1276 1762 dictis

186 1783 384 1871 terrenis,
411 1783 498 1862 sive
526 1783 771 1884 territorijs.

139 1953 144 1966 ·
252 1904 435 1986 ¹ltenr
490 1904 767 1986 existentibus
817 1905 1024 2012 inportu
1079 1902 1277 1984 Budue

185 2025 357 2106 berehis
388 2024 548 2103 duabus
566 2023 938 2122 Ceteri,Budusnij
966 2047 1040 2106 ens
1057 2033 1277 2126 ceperunt,

184 2170 266 2250 pro
305 2148 457 2249 quibus
498 2143 750 2228 damnificati
790 2145 959 2224 fuerunt
999 2143 1183 2226 caui-ini
1224 2146 1277 2228 de

184 2267 409 2371 yperporis
436 2265 508 2342 Vl.
534 2273 705 2348 centum
720 2293 731 2359 ς
759 2268 811 2343 de
840 2265 993 2367 quibus
1023 2265 1125 2345 licet
1151 2292 1177 2343 v
1193 2291 1277 2366 ny·

185 2409 210 2460 r
225 2410 250 2462 o
266 2386 290 2464 d
306 2413 330 2468 n
357 2387 494 2468 Alto
512 2411 551 2466 m
565 2413 590 2470 s
605 2413 631 2468 n
646 2413 707 2470 ns
734 2385 864 2466 luerit
889 2389 1169 2466 rementiatur
1197 2409 1277 2490 per

186 2511 384 2590 oratores
411 2507 584 2588 illustris
611 2508 768 2592 domiui
798 2507 940 2609 desp
959 2533 984 2590 n
1001 2513 1017 2588 t
1032 2507 1059 2598 i,
1088 2507 1277 2608 nihilque

184 2633 325 2708 tomen
353 2627 502 2708 heberi
526 2627 694 2729 aliquod
711 2627 860 2732 potuit,
888 2627 1166 2732 petiturergo
1182 2627 1277 2729 cogi

185 2745 422 2850 predictum
457 2746 751 2834 Altomonum‚
791 2748 841 2828 nd
883 2748 1192 2830 exbursnodum
1235 2755 1278 2830 et

186 2869 434 2950 solvendum
463 2867 669 2948 Caturicis
711 2869 802 2952 sine
845 2865 922 2944 ulia
957 2869 1157 2950 dilatione
1185 2891 1276 2972 pro·

186 2987 298 3072 dictu
325 3013 533 3094 yperperu
559 2995 775 3072 sexcenta.

289 3110 434 3192 item
489 3111 696 3193 existente
742 3110 784 3190 iu
811 3115 948 3212 portu.
978 3108 1309 3201 delibari,-

68 3235 70 3238 ’
187 3237 367 3332 propter
407 3231 537 3315 muris
563 3235 874 3333 tempestatem,
907 3229 1117 3329 navigium
1151 3253 1279 3314 unum

189 3349 346 3432 domini
372 3353 544 3452 Antoni]
571 3351 805 3433 Arimondo
835 3352 990 3430 nobilis
1019 3351 1122 3432 civis
1141 3352 1279 3434 Vene-
1413 3337 1421 3352 ⁸

188 3475 269 3566 tus,
299 3471 396 3574 quia
424 3473 660 3575 predictum
690 3471 897 3571 navigium
926 3471 1131 3554 lesionem
1160 3496 1279 3551 rece·

189 3597 333 3692 peret,
375 3600 550 3695 stoque
580 3594 680 3672 illud
708 3593 901 3686 intrabat,
929 3591 1068 3672 factor
1095 3590 1279 3692 predicti

189 3707 352 3792 domini
373 3712 542 3812 Antonij
571 3713 647 3792 Du
664 3713 676 3792 l
692 3738 715 3790 c
730 3712 742 3788 i
758 3735 823 3812 gn
838 3738 864 3788 u
881 3735 920 3788 m
950 3711 1027 3788 luit
1052 3735 1133 3815 pro
1149 3711 1280 3794 homi

190 3828 312 3908 nibus
329 3829 570 3924 ethioclis,
599 3840 764 3914 etcum
793 3833 919 3912 muris
947 3836 1178 3938 tempestas
1192 3857 1278 3918 ces·

189 3959 324 4030 nasset
349 3953 458 4034 ndeo
489 3953 604 4054 quod
632 3953 842 4054 navigium
886 3953 1119 4053 predictum
1160 3943 1312 4036 snum'

190 4071 311 4170 sequi
339 4072 550 4173 potuisset
575 4073 767 4173 viegium,
798 4075 896 4174 quin
922 4075 1191 4175 provisiones
1209 4079 1280 4158 de·

192 4187 278 4300 bite
307 4189 419 4276 lacte
447 4192 634 4290 fuissent,
660 4201 868 4278 venerunt
892 4194 1008 4280 Bud
1025 4197 1158 4280 ueni
1183 4223 1281 4282 cum
