3192 5112
381 579 526 683 ux.
556 599 668 678 rana.
696 601 746 676 10
771 595 1034 698 Augusta.

155 795 339 868 our-osope
364 809 403 850 aa
428 805 532 868 pam
567 805 776 864 npeaaarasa
814 803 960 846 reason
983 788 1163 868 canno-te,
1186 793 1247 866 lly-

433 911 591 968 pucaasa,
616 895 729 952 llaaaa
753 910 771 949 ι
797 893 965 964 Maapeua.

254 1061 405 1168 Capta:
433 1065 548 1164 quod
584 1061 893 1165 respondeatur
931 1068 1076 1138 nostro
1119 1063 1247 1142 colle·

150 1185 220 1284 gio
248 1207 377 1288 super
401 1183 568 1288 punctis
598 1183 808 1260 contentis
835 1184 875 1260 in
908 1205 1059 1260 eorum
1089 1183 1248 1270 litteris,

152 1297 193 1386 et
233 1307 373 1410 primo
415 1305 466 1384 ad
505 1305 635 1382 verba
677 1313 790 1382 tacta
830 1325 934 1408 per
969 1304 1246 1383 comitem

149 1425 522 1504 Budislavum
550 1425 850 1524 Vrognich
879 1425 940 1502 de
969 1423 1246 1503 fortilicia

149 1546 373 1639 Tenini,
400 1548 606 1634 volumus,
647 1549 764 1650 quod
792 1549 873 1650 ipsi
904 1546 1048 1626 comiti
1075 1571 1244 1649 respon·
1373 1553 1377 1560 '

149 1668 299 1747 deatnr
327 1693 422 1748 cum
449 1670 591 1746 verbis
620 1668 885 1774 decentibus,
914 1667 1027 1770 quod
1057 1667 1243 1746 conside·

27 1813 33 1818 ·
149 1799 302 1887 rantes,
332 1783 445 1890 quod
473 1788 624 1867 luimus
653 1797 694 1866 et
715 1811 933 1892 speramus
962 1787 1123 1866 debere
1151 1811 1245 1866 esse

147 1929 273 2008 super
299 1914 479 1986 tractatu
508 1909 732 1986 concordii
767 1931 862 1986 cum
891 1909 1062 1985 domino
1106 1929 1244 2006 rege

148 2025 447 2128 Ungariae,
479 2053 565 2106 non
605 2032 931 2108 intromittemus
958 2053 1034 2106 nos
1061 2051 1139 2132 per
1165 2053 1244 2106 nos

146 2151 213 2228 vel
250 2157 397 2249 gentes
435 2163 598 2227 nostras
640 2151 693 2228 de
722 2149 917 2228 iaciendo
955 2152 1005 2227 ad
1041 2172 1241 2254 praesens

151 2279 299 2354 contra
328 2295 423 2348 eum
451 2269 631 2372 aliquam
658 2269 913 2360 novitatem
945 2279 987 2349 et
1013 2278 1244 2376 propterea

151 2393 288 2498 ipsea
329 2415 375 2470 se
415 2399 553 2494 potest
596 2391 739 2470 iacere
793 2393 902 2470 sicut
940 2393 1108 2496 placet,
1149 2391 1244 2494 quia

19 2543 20 2592 ς
151 2521 347 2616 quantum
373 2537 454 2617 pro
482 2511 631 2604 nobis,
663 2514 860 2590 nolumus
887 2515 927 2590 in
969 2515 1085 2592 dicto
1129 2513 1242 2592 iacto

149 2660 225 2715 nos
253 2636 491 2737 aliqualiter
517 2635 736 2742 impedire.

251 2773 393 2879 Capta:
421 2777 471 2852 ad
499 2775 655 2854 factum
685 2775 758 2854 lilii
801 2775 1043 2854 Comitis
1070 2774 1243 2866 Pauli,

149 2895 358 2976 scribatur
387 2897 588 2996 collegio,
626 2896 740 2998 quod
768 2895 972 2974 babentes
1013 2919 1155 2974 curam
1192 2896 1242 2973 ad

149 3039 317 3096 omnem
349 3018 723 3096 'conservationem
779 3025 821 3094 et
863 3018 1018 3094 bonum
1044 3067 1049 3084 .
1074 3017 1237 3094 comi·

149 3145 259 3215 tum
288 3134 457 3214 Pauli
486 3143 541 3216 et
576 3137 887 3229 Maledini,
927 3135 968 3212 in
1009 3136 1240 3215 continenti

146 3256 511 3335 determinavimus
538 3257 705 3336 mittere
735 3260 784 3335 ad
816 3283 839 3335 c
856 3259 961 3337 omi
977 3265 1087 3337 tem
1116 3257 1240 3358 lloy·

147 3401 286 3456 mum
335 3383 526 3454 nostrum
578 3379 777 3457 nuncium
830 3379 1059 3482 specialem
1114 3401 1242 3481 super

146 3499 244 3588 boc,
273 3504 315 3575 et
343 3499 456 3598 quod
483 3499 535 3577 de
563 3499 647 3576 hoc
673 3501 899 3580 informent
928 3481 1076 3578 ¹dictos
1114 3497 1239 3575 comi·

146 3625 229 3697 tem
258 3615 433 3694 Paulum
476 3628 519 3697 et
547 3620 815 3701 Maledinum.
867 3623 920 3700 nt
947 3619 1133 3697 mittatur
1159 3639 1238 3721 pro

144 3745 264 3842 parte
293 3746 460 3826 nostra,
488 3765 600 3841 unus
622 3743 797 3822 nuncius
825 3743 875 3820 ad
905 3739 1103 3829 comitem
1131 3737 1238 3838 Doy·

82 3841 85 3852 ¹
146 3883 273 3951 mum,
304 3861 374 3962 qni
402 3861 528 3937 etiam
557 3871 756 3962 aggravet
784 3861 1008 3942 comitibus
1034 3861 1238 3962 Veglae

146 3981 303 4062 iactum
344 3981 670 4084 receptationis·‚
712 4007 835 4085 quam
869 3983 1039 4086 publice
1080 3982 1239 4062 iaciunt

144 4105 197 4181 dc
225 4101 381 4181 nostris
407 4103 638 4182 rebellibus
664 4104 888 4184 ladratinis
914 4101 953 4180 in
982 4103 1065 4181 suis
1106 4107 1236 4208 porti·

19 4287 20 4296 t
145 4227 223 4304 bus
250 4222 454 4308 ettonis,
490 4231 635 4325 contra
665 4225 850 4306 debitum
878 4223 1112 4313 fidelitatis,
1142 4249 1236 4304 cum
