3226 5112
388 589 711 683 benivolentiae,
738 576 914 690 rigentis
941 585 1050 668 inter
1075 611 1193 667 suam
1209 587 1476 668 serenitatem

389 719 432 788 et
458 717 648 789 nostrum
677 709 929 802 dominium,
970 733 1094 812 quam
1134 734 1211 787 nos
1239 711 1310 811 qui
1336 733 1476 786 sumus

388 829 602 932 longinqui
630 838 672 908 et
699 853 783 908 nou
811 855 1036 932 possumus
1064 830 1213 910 videre
1253 853 1335 908 nec
1363 827 1477 906 intei-

388 951 521 1051 ligere
558 973 608 1029 ea
643 974 752 1053 quae
781 959 1011 1030 occurrunt
1037 959 1081 1030 et
1110 974 1344 1030 occurrere
1363 957 1479 1054 pote·
1589 959 1590 992 ³

386 1079 483 1150 runt
509 1097 611 1152 suae
639 1072 876 1162 serenitati,
916 1074 973 1154 ita
1002 1075 1117 1176 quod
1146 1097 1229 1152 uon
1257 1095 1479 1174 possemus

386 1193 653 1296 pertinenter·
677 1195 900 1274 consulere
927 1217 1030 1272 suae
1057 1193 1288 1284 serenitati,
1315 1192 1390 1271 sed
1411 1189 1479 1268 be·
1589 1167 1590 1208 ἢ

386 1335 439 1390 ne
467 1312 750 1392 certificamus
779 1339 895 1400 eum,
925 1316 1038 1416 quod
1067 1313 1224 1392 dudum
1250 1311 1402 1390 fuimus
1429 1334 1481 1388 ac
1588 1383 1590 1406 p

385 1459 527 1512 sumus
555 1442 598 1512 et
626 1459 720 1512 esse
748 1436 1011 1538 disponimus
1034 1433 1329 1514 cordialissimi
1357 1432 1481 1510 amici

386 1563 430 1656 et
468 1553 651 1633 benivoli
692 1580 793 1635 suae
834 1559 1087 1646 serenitatis,
1121 1562 1166 1634 et
1205 1558 1247 1633 in
1289 1553 1481 1632 omnibus

387 1653 742 1756 concernentibus
770 1677 981 1756 bonorem
1008 1687 1052 1756 et
1080 1675 1353 1758 commodum
1376 1699 1479 1754 suae
1589 1721 1590 1772 3

385 1799 624 1881 serenitatis
643 1805 686 1878 at
700 1806 830 1878 status
846 1801 922 1892 sui,
945 1822 1116 1901 semper
1137 1800 1294 1876 erimus
1310 1821 1479 1898 promp·

386 1916 534 1994 tissimi
561 1925 604 1996 et
629 1918 796 1998 sincere
824 1917 1036 2020 dispositi,
1069 1919 1179 1996 sicut
1205 1939 1376 2020 semper
1404 1915 1479 1996 fui·

386 2061 478 2114 mus
508 2046 551 2118 et
577 2039 669 2140 pius
699 2037 736 2116 si
762 2037 854 2140 pius
882 2037 968 2116 dici
995 2041 1152 2140 potest,
1180 2042 1223 2114 et
1238 2038 1350 2116 sicut
1375 2061 1480 2114 sem·

385 2179 464 2260 per
501 2157 647 2238 videre
687 2163 884 2259 potuerat
923 2181 1003 2262 per
1040 2159 1251 2238 effectum.
1306 2155 1480 2238 Dicatur

387 2301 559 2379 quoque
587 2277 703 2356 dicto
732 2277 908 2370 oratori,
938 2281 1052 2379 quod
1076 2302 1154 2382 per
1168 2278 1369 2359 comitem
1385 2302 1478 2358 nos·

386 2407 496 2477 trum
525 2395 713 2478 Sibenici
741 2400 894 2478 fuimus
922 2399 1145 2486 informati,
1173 2399 1287 2500 quod
1313 2421 1390 2478 sua
1416 2422 1478 2476 se·

384 2517 542 2600 renites
573 2518 738 2618 rogavit
765 2545 883 2608 eum,
911 2519 1024 2622 quod
1051 2543 1137 2598 non
1164 2519 1267 2598 velit
1294 2521 1398 2600 dare
1425 2519 1479 2596 fa·

384 2662 535 2716 rorem
564 2663 644 2718 nec
671 2664 720 2717 se
747 2639 952 2744 impedire
988 2642 1029 2718 in
1067 2640 1191 2723 factis
1231 2667 1256 2719 c
1273 2665 1298 2718 o
1315 2641 1478 2719 mitia

383 2755 735 2838 Johanisde
764 2757 1027 2850 Citieos,
1068 2770 1219 2844 contra
1247 2785 1375 2864 quem
1403 2785 1478 2842 sua

250 2931 254 2949 ‚
386 2879 595 2958 serenitas
624 2879 801 2958 intendit
826 2900 1005 2960 movere
1034 2905 1243 2982 guerram.
1278 2881 1333 2962 ut
1361 2883 1476 2985 quod

385 3007 431 3078 ut
457 3021 534 3076 sua
573 2999 778 3078 serenitas
820 3011 1052 3099 cognoscat
1091 3013 1281 3082 nostram
1323 3004 1477 3082 bonam

386 3123 689 3221 intentionem,
731 3148 809 3202 nos
850 3124 1135 3204 mandavimus
1176 3125 1292 3204 dicto
1331 3123 1477 3204 comiti

383 3250 558 3330 nostro,
594 3245 711 3346 quod
738 3270 784 3322 se
820 3269 904 3324 non
941 3243 1142 3347 impediat
1178 3247 1220 3324 in
1247 3243 1313 3324 his
1341 3245 1475 3330 fartis

385 3362 618 3442 secundum
647 3365 963 3466 requisitionem
986 3366 1116 3468 ipsius
1130 3366 1395 3446 serenissimi
1409 3368 1474 3446 do·

386 3485 486 3562 mini
514 3485 640 3583 regis.
692 3485 746 3564 Et
771 3487 833 3568 sic
874 3489 927 3566 de
968 3512 1082 3568 novo
1119 3486 1323 3580 dicimus,
1365 3486 1473 3590 quod
1589 3539 1590 3550 a

384 3629 467 3684 non
496 3603 684 3685 dabimus
723 3631 804 3686 neo
840 3607 930 3686 dari
958 3608 1160 3688 faciemus
1189 3609 1383 3691 favorem
1409 3608 1473 3690 ali·
1589 3623 1590 3628 ‘

386 3751 513 3828 quem
541 3725 656 3806 dicto
686 3727 830 3807 comiti
856 3728 1053 3818 debanni,
1080 3753 1219 3832 nequa
1246 3753 1326 3808 nos
1351 3729 1474 3833 impe·

385 3842 546 3926 diemus
574 3847 615 3924 in
643 3847 709 3924 his
736 3847 884 3936 factis,
926 3849 984 3926 ita
1012 3852 1126 3952 quod
1159 3874 1236 3928 sua
1270 3851 1472 3935 serenitas

387 3964 522 4044 libere
550 3965 695 4054 facere
723 3970 885 4071 poterit
911 3970 1021 4050 iacta
1050 3995 1138 4049 sua.

488 4086 551 4166 Ad
568 4094 732 4192 partem
748 4098 890 4172 antem
905 4093 1039 4174 mutui
1052 4091 1306 4172 ducatorum
1320 4088 1474 4172 XXXII

385 4206 583 4308 millium,
619 4216 852 4290 summetur
888 4212 1107 4296 excusatio
1144 4211 1259 4315 quod
1295 4235 1384 4295 noa
1414 4213 1474 4288 ast

1588 2685 1590 2774 i
