3236 5108
1238 359 1313 430 ιιι

293 552 1248 653 ΟΧθνηιιιιιιιιοι.ιιιιιιιιι.
1357 625 1359 634 ,

219 767 357 823 ssasane
381 783 420 822 ce
456 783 620 840 sanerany
641 767 827 840 sparnone,
851 781 889 836 pa
914 781 1012 835 raepu
1041 763 1168 836 ,ιοόιιτιι
1193 780 1310 836 opser-

217 886 297 928 nnsa
321 869 432 946 Μαρια
456 871 729 946 Bapoapnsaops
752 885 841 927 rocn.
868 869 972 946 inopia
998 869 1202 944 Cpauunnpa,
1226 885 1311 940 rope

216 991 311 1032 bosra
338 989 377 1033 ce
412 991 549 1042 nassau,
575 991 591 1030 a
617 991 655 1046 pa
679 979 769 1029 ιιοιιε
803 989 1008 1047 norpcnrnrn
1038 991 1075 1030 na
1099 971 1159 1032 rab
1182 969 1311 1044 bosane

602 1095 644 1152 po
670 1089 760 1136 1000.
783 1093 913 1154 pysana.

317 1247 479 1328 lterum
507 1245 716 1328 scribatur
743 1246 882 1348 baJuio
913 1255 956 1326 et
971 1250 1191 1353 capitaneo
1219 1246 1310 1326 Du·

216 1367 425 1456 racbii,
453 1369 506 1447 de
536 1369 861 1472 recuperatione
905 1367 1096 1448 castri
1127 1367 1310 1466 (hoyo,

217 1487 485 1568 demonibus
525 1501 566 1568 et
593 1489 782 1592 potentia
824 1487 1226 1574 Constantini,
1269 1497 1311 1567 et

216 1613 547 1691 recomendatur
589 1610 754 1714 quidam
796 1609 1004 1688 Antonius
1045 1611 1097 1688 de
1140 1608 1307 1689 civitate

216 1755 336 1829 nova,
366 1731 504 1834 quiin
533 1731 749 1810 Durachio
777 1753 940 1808 moram
970 1731 1123 1828 trabit,
1154 1741 1196 1810 et
1222 1734 1309 1810 vult

212 1851 369 1930 habere
399 1851 580 1940 modum,
608 1852 764 1932 dictum
794 1859 977 1932 castrum
1006 1853 1303 1956 recuperandi;

316 2125 497 2230 Insuper
526 2125 622 2230 quia
650 2127 855 2205 habemus
883 2129 1005 2208 valde
1034 2128 1155 2206 cordi
1181 2153 1305 2234 prop·

213 2254 279 2324 ter
308 2247 490 2326 comissa
530 2272 634 2351 per
675 2247 926 2327 Marcum
967 2247 1304 2328 Bnrbadico

212 2375 358 2447 contra
396 2376 585 2448 nostrum
627 2370 856 2457 honorem,
898 2370 1061 2448 habere
1103 2371 1238 2473 ipsum
1264 2369 1304 2447 in

210 2491 401 2570 munibus
426 2493 598 2584 nostris,
625 2493 817 2570 volumus
847 2499 891 2570 et
920 2489 1109 2570 fidelitati
1138 2499 1303 2571 vestrae
1413 2501 1414 2504 ‘

185 2613 308 2691 'cum
336 2611 450 2692 dicto
492 2613 675 2714 collegio
717 2612 942 2692 scribimus
971 2619 1013 2690 et
1049 2615 1302 2700 mandamus,

211 2739 415 2835 qnatenus
453 2737 639 2812 tractare
680 2733 870 2811 debentia
925 2755 1022 2810 cum
1071 2732 1303 2810 domino

210 2851 452 2950 seorgio
483 2849 847 2941 Stracimiri,
876 2851 916 2928 iu
944 2859 1156 2956 potestate
1185 2851 1302 2930 cuius

208 2981 285 3064 est,
314 2973 380 3049 vei
412 2996 507 3051 cum
535 2973 639 3072 aliis,
656 2997 751 3051 cum
768 2973 922 3075 quibus
953 2975 1189 3053 crederetis
1217 2973 1302 3052 hoc

208 3091 368 3170 ducere
396 3116 523 3194 posse
551 3095 601 3170 ed
631 3093 842 3183 effectum,
868 3097 921 3172 de
939 3092 1134 3172 habendo
1162 3093 1301 3196 ipsum

211 3212 401 3291 Marcum
426 3214 465 3290 in
495 3213 686 3292 manibus
712 3215 876 3313 vestris,
906 3217 1119 3317 possendo
1148 3237 1301 3317 expen-

211 3333 316 3410 dere
341 3343 522 3436 propter
549 3335 661 3427 hoc,
690 3361 825 3438 usque
854 3337 903 3413 ad
932 3336 1204 3437 quantitatem
1233 3331 1302 3413 du·

211 3459 404 3532 catorum
446 3456 558 3532 mitte
587 3481 711 3559 quam
740 3457 885 3535 meiius
921 3455 1143 3561 poteritis;
1183 3459 1226 3530 et
1266 3456 1302 3532 si

210 3598 331 3652 casus
358 3573 473 3652 dabit
499 3577 612 3678 quod
650 3601 745 3656 eum
775 3567 988 3667 babeatis,
1030 3575 1223 3654 debeatis
1249 3571 1302 3674 tp-

209 3717 297 3775 sum
340 3694 442 3796 poni
471 3694 614 3774 iacere
641 3697 682 3774 in
729 3697 973 3776 carceribus
1002 3695 1078 3772 sub
1121 3698 1230 3774 bona
1259 3702 1302 3772 et

210 3819 321 3891 tanta
350 3816 556 3900 custodia,
598 3818 711 3917 quod
740 3817 849 3894 benc
872 3817 1131 3893 conservari
1157 3815 1302 3918 possit,

208 3936 347 4013 donec
375 3935 694 4016 notificaveritis
731 3939 852 4014 nobis
882 3946 924 4018 et
953 3936 1200 4040 receperitis
1227 3961 1298 4014 no·
1383 4017 1386 4023 ,

206 4063 338 4134 strum
373 4057 621 4137 mundatum.
649 4057 824 4136 sivero
852 4059 1055 4137 videretis
1072 4083 1155 4136 non
1172 4082 1298 4162 posse

206 4201 303 4255 eum
329 4177 388 4256 ibi
428 4205 581 4259 sacrrre
621 4181 785 4256 seivarc
814 4189 856 4258 et
896 4181 1039 4259 iacere
1079 4178 1299 4270 custodiri,

207 4323 288 4406 per
313 4301 489 4406 primam
533 4302 690 4402 galeam
733 4327 839 4404 quae
868 4301 1096 4384 declinabit
1135 4301 1299 4381 Dura
