3236 5108
353 629 395 642 -
440 627 483 642 -
527 625 572 642 ·-
616 590 756 674 (onim
802 594 1046 670 ouapnapaav
1079 613 1096 650 ιι
1132 609 1305 669 annotans
1357 596 1445 652 biao-

651 697 789 774 noanon,
811 729 855 744 -
886 731 940 788 f*
985 716 1025 756 ua
1049 696 1167 780 saum]

456 846 597 950 Capta:
626 848 824 926 Catonum
866 849 962 949 quia
992 831 1054 927 est
1093 847 1212 925 valde
1254 871 1446 926 necessa·

234 999 238 1010 ¹
356 967 475 1052 nium,
503 967 731 1069 providere
759 967 808 1044 ad
837 967 858 1042 f
864 991 885 1042 a
903 975 982 1045 cta
1010 965 1291 1043 Tarchiae
1319 990 1446 1069 puop-

354 1087 696 1164 immutationes
736 1095 902 1165 secutas
937 1088 977 1163 in
1006 1085 1088 1164 iliis
1128 1085 1328 1189 partibus,
1379 1109 1446 1164 co·

353 1206 537 1284 mittatur
564 1208 798 1306 vicobajuio
828 1208 900 1310 qui
929 1207 1009 1284 unit
1036 1207 1077 1286 in
1106 1208 1139 1284 C
1157 1233 1182 1286 o
1199 1231 1225 1282 n
1240 1233 1260 1282 s
1277 1213 1328 1283 ta
1344 1231 1369 1282 n
1387 1205 1445 1282 ti·

353 1353 379 1404 n
396 1351 421 1401 o
438 1349 505 1427 po
523 1327 534 1402 Ι
551 1328 577 1419 i,
606 1329 718 1428 quod
747 1353 986 1408 convocare
1030 1327 1185 1406 debeat
1224 1326 1446 1404 consilium

354 1445 567 1537 demin
597 1471 681 1548 quo
712 1448 937 1551 propositis
966 1455 1008 1524 at
1040 1450 1287 1528 examinatis
1316 1448 1443 1524 omni·

353 1567 456 1659 bus,
499 1591 604 1668 quae
646 1567 792 1644 haberi
819 1575 1023 1670 poterunt
1063 1568 1115 1644 de
1143 1568 1266 1644 dictis
1308 1565 1445 1652 factis,

353 1686 531 1766 debeant
571 1689 716 1766 videre
756 1701 798 1766 et
838 1693 1106 1775 examinare,
1147 1689 1181 1765 si
1222 1689 1302 1765 enit
1343 1689 1445 1766 utile

354 1833 433 1910 pro
464 1809 585 1900 iactis
614 1811 746 1889 nostri
776 1811 962 1890 comunis
980 1821 1022 1889 ot
1050 1819 1333 1889 mercatorum
1350 1833 1442 1887 nos·

354 1938 544 2020 tronum,
573 1933 687 2032 quod
715 1934 838 2010 vadat
866 1933 916 2010 ad
944 1931 1221 2034 praesentiam
1251 1932 1289 2008 ἰΙ
1310 1930 1393 2006 liu
1408 1957 1443 2022 s,

354 2051 422 2152 qui
463 2052 542 2129 anit
571 2051 611 2127 in
652 2051 833 2154 imperio
874 2050 1009 2129 ioco
1054 2052 1281 2136 Munati,
1324 2059 1367 2128 et
1408 2053 1444 2128 si

353 2171 645 2250 deliberabunt
680 2171 794 2272 quod
823 2172 885 2250 ire
914 2173 1093 2258 debeat,
1123 2180 1222 2250 tuno
1250 2169 1288 2247 in
1331 2173 1444 2249 bona

358 2293 489 2404 gnatia
515 2294 638 2371 vadat
665 2303 706 2371 at
732 2318 779 2370 se
807 2302 1051 2396 praesentet
1079 2317 1174 2370 oum
1201 2293 1358 2370 nostris
1383 2293 1444 2368 iit·

355 2413 456 2492 tanis
492 2413 776 2505 credulitati5‚
817 2437 924 2515 quaa
953 2413 1003 2491 ad
1032 2415 1234 2493 cautelam
1275 2413 1375 2492 fiant
1403 2413 1442 2491 in

354 2558 579 2639 personam
621 2535 844 2612 amborum
896 2533 1171 2612 filiorum
1225 2534 1444 2613 Mousti

353 2662 583 2757 separatae,
612 2665 655 2733 ut
691 2661 930 2758 praesentet
957 2655 1093 2742 iiiam,
1136 2657 1243 2733 iilius
1272 2655 1343 2756 qui
1372 2655 1442 2733 do·

353 2775 587 2854 minabitur.
615 2775 769 2874 Quibus
798 2775 946 2853 litteris
974 2775 1264 2878 praesentatis,
1292 2783 1335 2853 et
1360 2776 1440 2853 iao·

353 2907 392 2974 ta
434 2899 683 2976 salutatione
724 2897 892 2974 decenti
926 2901 969 2971 et
997 2895 1211 2975 oblatione
1243 2896 1443 2997 generati,

354 3038 448 3092 oum
476 3017 555 3093 iliis
581 3017 723 3094 verbis
763 3040 868 3117 quae
909 3017 988 3094 sibi
1016 3017 1133 3095 utilia
1171 3019 1443 3104 videbuntur,

353 3135 494 3214 diosna
535 3137 711 3224 debeat,
748 3140 858 3238 quod
887 3135 1031 3216 subtus
1071 3140 1268 3240 partitam
1310 3139 1443 3237 galea·

353 3277 444 3335 num
472 3259 756 3360 praesentium
785 3262 838 3337 du
884 3261 1073 3337 venetiis
1101 3261 1148 3335 ad
1192 3257 1441 3336 audientiam

352 3376 643 3457 dominationis
673 3385 843 3457 nostrae
871 3388 1058 3467 venant,
1086 3383 1162 3458 sed
1202 3403 1284 3457 non
1315 3379 1442 3464 olane,

353 3501 505 3578 beilum
536 3508 578 3577 et
605 3499 778 3592 novitas,
809 3499 923 3602 quod
951 3501 1088 3578 fuerat
1114 3501 1223 3578 intur
1260 3499 1440 3595 magnifl-

251 3625 256 3642 '
354 3643 449 3700 cum
477 3619 690 3698 dominum
721 3621 990 3705 Manatum,
1020 3643 1100 3723 qua
1128 3625 1443 3722 patnemsuum,

354 3751 409 3819 et
451 3741 1119 3832 comitembazanumda
1149 3764 1232 3842 quo
1275 3739 1441 3818 diversa

193 3919 201 3939 ,
353 3862 612 3954 dicebantur,
654 3865 807 3965 quibus
849 3864 952 3942 fides
982 3865 1090 3942 bene
1131 3859 1328 3966 praeberi
1356 3885 1441 3937 non

352 3989 529 4083 poterat.
571 3979 654 4059 Sed
682 3989 818 4060 tamen
851 3985 1079 4061 dominatio
1122 3991 1265 4060 nostra
1293 3979 1425 4056 aaadi

353 4101 617 4180 venatde
647 4097 1303 4205 mortaipsiusdomini
1335 4099 1436 4176 Mo·

361 4221 491 4318 rati,
524 4221 575 4298 da
603 4246 682 4325 qua
710 4225 927 4301 maximam
970 4223 1274 4326 displicentiam
1317 4219 1442 4299 bubu-
