3186 5112
1199 397 1262 464 m

168 604 244 680 bus
280 623 453 690 eorum,
493 609 539 680 nt
567 603 605 680 in
635 604 849 706 superiori
890 603 1047 684 dictum
1091 611 1179 702 est,
1223 613 1265 684 et

167 724 422 827 promittens
436 723 600 801 solenni
628 723 899 825 stipulatione
925 726 1161 826 predictum
1179 749 1265 802 ces·

167 844 329 921 sionem
359 829 657 930 donationem,
701 849 745 920 et
773 845 912 922 omnia
942 850 985 921 et
1012 846 1175 945 singula
1202 871 1264 921 str-

167 985 243 1066 pra
272 964 428 1065 scripta
456 960 576 1039 lirma
606 969 710 1049 reta,
739 969 781 1038 et
809 968 928 1061 grata
959 962 1119 1043 babere
1150 971 1260 1040 tene·

169 1109 229 1181 re,
261 1091 304 1160 et
325 1109 411 1161 uon
440 1083 737 1162 contrafacere
765 1085 830 1159 vel
859 1087 1006 1162 venire
1038 1085 1178 1187 aliqua
1205 1109 1265 1165 ra·

167 1207 282 1284 tione
311 1212 353 1280 et
382 1231 536 1295 cansa,
576 1203 628 1280 de
651 1207 750 1303 jure
779 1207 843 1283 vel
875 1205 930 1284 de
958 1208 1097 1294 lacto,
1135 1231 1262 1310 quam

167 1325 442 1404 donationem
481 1326 519 1400 iu
556 1331 779 1430 perpetum
820 1327 1163 1405 irrevocabiliter
1201 1325 1263 1404 lir-

168 1469 277 1523 mam
307 1444 481 1534 habere,
509 1451 551 1522 et
573 1453 724 1525 tenere
752 1446 873 1526 dictis
902 1446 1139 1525 nominibus
1169 1471 1260 1550 pro·

169 1567 293 1654 misit,
310 1564 433 1645 dictis
464 1568 701 1646 rectoribus
725 1569 847 1648 dictis
875 1568 1112 1647 nominibus
1140 1569 1262 1671 stipu-

168 1684 373 1774 lantibus,
414 1691 493 1766 sub
521 1715 629 1792 pena
668 1689 815 1790 viginti
843 1691 969 1769 millia
1010 1691 1261 1768 ducatorum

167 1807 284 1898 auri,
309 1807 578 1914 stipulatione
605 1809 785 1889 solemni
809 1809 1044 1926 premissa,
1071 1834 1151 1912 pro
1181 1835 1260 1918 qua

167 1951 297 2027 pena,
327 1933 370 2002 et
398 1927 595 2005 omnibus
624 1929 842 2032 premissis
869 1930 991 2007 dictis
1019 1929 1261 2008 rectoribus

166 2046 291 2126 dictis
316 2045 555 2128 nominibus
581 2049 897 2153 recipientibus,
926 2049 1124 2150 obligavit
1139 2047 1261 2150 dictis

165 2167 405 2245 nominibus
436 2171 575 2248 omnia
604 2173 716 2250 bona
743 2169 952 2250 dictorum
991 2170 1080 2269 ejus
1108 2169 1258 2247 consti·

166 2289 394 2382 luentium,
425 2317 506 2393 qua
533 2315 642 2395 pena
671 2293 822 2384 soluta,
852 2291 918 2368 vel
944 2315 1042 2379 uon,
1069 2289 1258 2394 predicta

166 2411 304 2488 omnia
344 2415 433 2491 rata
474 2419 771 2513 permaneant:
812 2439 861 2492 ac
903 2401 1098 2518 promisit
1139 2409 1258 2489 dictis

164 2519 587 2612 nominib11sdietam
628 2533 896 2622 donationem
925 2559 1008 2612 nou
1051 2553 1257 2612 revocare

164 2651 203 2729 in
232 2651 317 2730 vita
345 2653 481 2730 velia
516 2659 653 2732 morte
682 2679 858 2735 suorum
898 2652 1257 2744 constituentium,

164 2793 303 2874 neque
332 2758 560 2852 occasione
589 2773 914 2876 ingratitudinis,
953 2795 1034 2854 nec
1061 2797 1256 2876 suprave·

165 2891 365 2972 aientium
406 2892 636 2973 liberorum
679 2896 920 2976 occasione.
973 2895 1103 2995 Quam
1132 2897 1255 2974 done·

164 3014 350 3102 tionem,
392 3015 487 3117 quia
523 3041 726 3096 summam
756 3016 1080 3120 quingentorum
1108 3017 1253 3094 aureo·

164 3155 256 3210 rum
283 3132 495 3222 excedere
523 3137 651 3226 novit,
681 3145 724 3215 et
751 3137 941 3217 similiter
969 3136 1154 3241 plurium
1182 3131 1253 3214 do·

164 3253 380 3335 nationum
406 3256 517 3334 vires
549 3255 743 3335 obtinere
772 3258 894 3336 dictis
922 3255 1254 3342 nominibus,v0·

104 3411 110 3419 ·
163 3376 238 3453 luit
254 3375 294 3452 in
310 3383 375 3454 tot
388 3383 529 3480 partes
546 3379 718 3459 divisam
735 3405 784 3461 ac
800 3381 911 3458 nulla
936 3378 1147 3458 excedere
1162 3399 1254 3480 pos·

164 3498 219 3576 sit
245 3519 446 3574 summam
468 3499 531 3576 ·V·
548 3509 717 3578 centum
732 3525 957 3579 aureorum
985 3499 1050 3578 rei
1065 3496 1254 3600 predicte

164 3619 333 3704 donate,
350 3619 603 3698 renuncians
625 3622 760 3699 dictus
776 3627 1032 3723 procurator
1061 3615 1253 3696 omnibus

165 3745 207 3816 et
233 3739 406 3836 singulis
435 3737 680 3834 beneficiis,
724 3764 805 3842 que
834 3737 913 3817 sibi
939 3742 992 3818 de
1013 3741 1111 3838 jure
1141 3763 1251 3818 com·

164 3864 386 3962 peterent,
428 3865 469 3936 et
510 3861 705 3938 omnibus
740 3859 1061 3960 exceptionibus
1101 3859 1251 3962 quibus

165 3987 315 4058 contra
357 3981 586 4082 premissa,
627 3979 691 4056 vel
733 3979 904 4081 aliquod
944 3981 1250 4083 premissorum

164 4109 309 4202 posset
336 4101 491 4206 aliquid
530 4101 849 4206 quomodolibet
875 4104 1026 4211 excipi
1045 4101 1156 4188 obici
1183 4107 1250 4187 vel

166 4221 338 4326 opponi
