3228 5108
179 588 350 668 mendo
378 589 498 668 nobis
526 587 639 682 illas,
666 611 769 690 ques
793 585 987 692 primitus
1014 581 1271 672 habebamus

102 700 105 706 ’
179 711 627 811 etlluleignum,
669 707 894 812 cumipse
935 707 1269 788 dominusrex

178 839 361 916 asserat,
402 829 532 905 dictas
573 837 709 906 terras
750 851 845 908 esse
886 829 938 908 de
974 827 1269 925 jurisdictione

176 973 261 1036 sua,
290 957 333 1028 et
359 948 517 1027 dietum
546 947 788 1026 sandali
815 947 909 1024 fore
937 946 1016 1026 sibi
1044 946 1270 1036 subditum,

177 1095 226 1148 ao
254 1095 357 1148 suos
394 1077 691 1148 antecessores
732 1068 967 1148 dominasse
995 1067 1116 1148 dictis
1144 1070 1271 1148 terris

168 1191 219 1266 'st
259 1201 340 1270 oet.
406 1190 643 1290 Allegando
686 1213 881 1290 magnum
924 1197 966 1266 et
1014 1189 1267 1288 singularem

177 1333 379 1406 amorem,
407 1313 477 1414 qui
506 1319 569 1390 est
595 1313 705 1388 inter
731 1312 865 1414 ipsum
895 1309 1105 1388 dominum
1123 1331 1268 1410 regern

177 1437 220 1508 et
247 1451 349 1518 nos,
384 1431 497 1533 quod
525 1433 715 1510 dominus
741 1455 817 1512 rex
846 1432 974 1508 debet
1001 1453 1095 1508 esse
1125 1431 1268 1510 certis·

176 1551 317 1650 simus,
348 1552 460 1654 quod
487 1553 708 1651 singularis
735 1550 901 1630 affectio
933 1576 1056 1654 qnam
1085 1553 1269 1650 gerimus

175 1674 380 1771 majestati
407 1695 529 1764 suae,
560 1675 669 1752 siout
695 1673 848 1750 vidisse
876 1673 1013 1774 potuit
1040 1695 1117 1773 per
1145 1671 1265 1750 elleo-

173 1801 288 1884 tnm‚
315 1773 535 1872 induceret
560 1818 637 1870 nos
672 1801 829 1870 tontum
867 1793 917 1870 ad
946 1792 1186 1872 laciendum
1205 1781 1265 1874 wde

174 1913 300 1992 rebus
329 1915 457 2016 gratis
484 1923 527 1994 et
554 1918 740 2018 acceptis
767 1939 867 1992 suae
895 1912 1125 1998 serenitati,
1161 1937 1266 2016 quae

173 2057 267 2114 oum
302 2035 470 2113 honore
511 2043 656 2114 nostro
697 2035 790 2114 fleri
827 2041 1030 2140 possent,
1070 2039 1266 2134 quantum

172 2155 348 2232 alieuius
388 2157 502 2256 regis
543 2163 585 2234 et
611 2156 813 2262 principis
849 2180 959 2234 nuno
995 2153 1195 2251 viventis,
1224 2161 1267 2232 et

170 2273 363 2352 similiter
390 2273 552 2354 laceret
593 2277 745 2355 caritas
774 2299 899 2378 quam
939 2282 1156 2378 portamus
1184 2295 1265 2350 ma·

169 2393 328 2495 goilioo
370 2393 584 2474 domino
615 2395 884 2486 Crauoie,
911 2396 984 2474 sed
1017 2393 1174 2472 veritas
1203 2391 1265 2470 rei
1409 2447 1413 2458 ·

170 2521 249 2607 est,
278 2514 391 2616 quod
418 2515 586 2594 vivente
613 2515 830 2595 domino
859 2515 1099 2616 Georgio
1129 2513 1263 2594 Stra·

168 2635 366 2724 zamiri,
394 2637 894 2716 descendentedomini
922 2633 1262 2714 BalsaeStra·

168 2757 379 2836 zamiri
421 2759 750 2837 etaliorum
789 2759 1043 2838 dedicta
1083 2757 1263 2846 domo,

169 2877 241 2978 qui
269 2876 519 2977 longissimis
547 2879 810 2984 temporibus
840 2877 1042 2958 dominati
1058 2884 1153 2954 sunt
1180 2875 1260 2955 dio·

169 2995 219 3073 tis
249 2998 387 3094 terris,
419 3007 462 3076 et
488 3021 572 3076 noo
600 3001 767 3078 valente
793 3001 997 3078 sevalere
1025 2996 1076 3077 ab
1103 2997 1261 3077 insidiis

93 3137 94 3142 ‘
166 3125 210 3196 et
233 3121 582 3222 oppressionibus
610 3121 895 3214 Turonorum,
916 3123 1153 3224 inquorum
1180 3143 1260 3198 ma·
1363 3193 1373 3216 ,

167 3237 290 3344 nibus
320 3238 370 3318 de
400 3241 467 3317 die
496 3241 537 3320 in
566 3245 676 3322 diem
720 3243 878 3322 debere
906 3243 1052 3320 venire
1080 3250 1123 3320 et
1150 3241 1258 3340 oapi·

168 3364 258 3436 tare
286 3366 422 3439 terras
449 3387 573 3461 suas,
615 3367 705 3468 ipse
742 3390 836 3443 cum
881 3385 1028 3464 magna
1067 3361 1262 3440 instantia·

165 3477 385 3580 requisivit
411 3505 489 3560 nos
518 3489 559 3560 et
587 3485 769 3585 rogavit,
798 3485 912 3586 quod
948 3483 1154 3560 vellemus
1180 3502 1258 3582 pro

165 3599 332 3678 bonore
361 3600 458 3681 lidei
496 3605 727 3700 catolicae,
772 3615 815 3684 et
842 3601 1167 3684 conservatione
1195 3605 1260 3680 tot

165 3717 350 3797 lidelium
393 3723 646 3816 animarum,
689 3733 793 3829 quot
820 3730 938 3804 erant
965 3723 1003 3800 in
1031 3723 1109 3800 illis
1137 3724 1258 3826 parti·

164 3837 265 3927 bns,
295 3843 493 3946 accipere
522 3851 655 3925 terras
685 3845 853 3927 Scutari
881 3854 924 3924 et
951 3843 1132 3922 Drivasti
1160 3867 1254 3922 eum

164 3969 355 4042 contrata
383 3967 624 4068 superiori,
656 3992 763 4070 quae
793 3973 882 4044 erat
910 3965 1038 4066 magis
1067 3964 1117 4042 ad
1145 3963 1256 4044 fron·

165 4087 294 4163 terias
328 4083 625 4172 Turehorum,
667 4093 710 4164 et
736 4087 829 4164 illas
855 4087 906 4164 ab
935 4085 997 4162 eis
1024 4086 1254 4168 defendere

164 4208 206 4282 et
235 4229 519 4307 conservare,
564 4211 660 4312 quio
689 4207 1034 4288 conservantibus
1060 4211 1182 4290 nobis
1211 4222 1254 4292 et.

166 4316 488 4406 defendentibus
522 4351 617 4418 eas,
658 4351 742 4406 non
783 4327 994 4407 dubitabat
1033 4329 1186 4410 melius
1212 4339 1253 4410 et
