3154 5102
311 489 536 580 commoda
574 511 742 590 semper
781 494 1037 592 promptum.
1076 485 1129 566 nt
1163 490 1223 566 aio
1258 493 1399 592 potest

310 608 451 690 iacere
480 617 521 688 et
548 631 724 712 sperare
751 607 954 716 denobis.
973 609 1067 709 quia
1083 609 1342 708 disponimur
1357 607 1398 682 ii·

308 729 412 806 bere
428 727 478 806 ad
494 748 745 830 quecunque
762 725 946 806 comoda
959 735 1001 804 et
1016 727 1281 830 beneplacita
1312 748 1399 808 suo.

410 897 475 974 Ad
504 898 664 978 tactu
681 923 719 976 m
757 907 895 977 autem
923 907 1210 978 mercatorum
1237 907 1399 978 nostro-

310 1041 413 1106 rum,
451 1018 602 1120 quibus
628 1044 776 1098 versus
818 1019 1223 1126 Constantinopolim
1260 1019 1398 1096 eundo

309 1148 351 1218 et
376 1137 608 1227 redeundo,
623 1163 702 1243 per
728 1163 903 1240 regnum
930 1165 1049 1219 sunm
1077 1139 1278 1242 permittit
1301 1139 1402 1216 iibe-

310 1283 402 1337 rnm
428 1261 644 1339 transitum
674 1269 715 1339 et
742 1285 965 1358 securum,
1008 1261 1314 1363 respondeatur
1340 1283 1399 1336 re·

310 1380 539 1480 gradiendo
568 1382 621 1457 de
650 1381 874 1460 oblacione
904 1389 946 1458 et
972 1379 1248 1480 permissione
1283 1399 1401 1482 prae·

311 1502 435 1592 dicta,
464 1503 576 1603 quod
604 1523 832 1604 speramus,
862 1500 978 1601 quod
1001 1509 1173 1608 ⁸nostros
1197 1507 1401 1578 mercato·
1445 1519 1448 1524 ·

312 1643 381 1700 res
409 1627 451 1698 et
477 1617 624 1697 fideles
651 1620 691 1695 in
721 1619 835 1696 omni
863 1643 962 1697 casu
990 1617 1142 1697 habeat
1181 1619 1403 1722 specialius

312 1741 655 1828 commendatos,
684 1749 726 1819 et
753 1741 868 1842 qnod
897 1743 995 1840 iicet
1032 1739 1138 1818 certi
1165 1741 1404 1831 reddamur,

313 1860 425 1962 quod
450 1861 617 1939 utimec
644 1859 819 1938 intentio
847 1861 964 1960 regia
994 1883 1096 1961 erga
1123 1867 1292 1940 nostros
1319 1885 1402 1938 ser·

311 1990 446 2068 vetnr,
474 1981 705 2061 efficaciter
719 1981 973 2085 providebit,
990 1991 1128 2060 tamen
1144 1984 1403 2060 maiestatem

313 2125 429 2188 auam
456 2103 611 2182 devote
639 2101 888 2188 exoramus,
930 2111 1133 2204 quatenns
1174 2110 1320 2180 nostro
1348 2083 1425 2179 in!

313 2223 417 2300 tnitu
445 2225 612 2302 mandet
640 2222 769 2302 etsie
806 2221 1083 2300 effectualiter
1119 2221 1242 2300 iaciat
1269 2219 1405 2324 provi·

314 2340 416 2431 deri,
445 2342 558 2445 quod
585 2342 717 2420 nostri
745 2351 1007 2422 mercatores
1043 2367 1139 2422 cnm
1166 2343 1250 2420 suis
1277 2343 1405 2418 rebus

314 2461 451 2541 eundo
480 2471 522 2540 et
550 2462 767 2541 redeundo
794 2487 872 2566 per
898 2487 1101 2580 regnum,
1127 2472 1241 2548 tute,
1271 2464 1405 2540 libere

315 2591 358 2662 ot
398 2584 683 2662 favorabiliter
719 2591 976 2673 tractentur,
1015 2586 1122 2664 sicut
1163 2586 1216 2661 de
1242 2587 1406 2686 propin·

193 2759 201 2772 «
315 2707 469 2804 gnitate
508 2729 581 2782 sua
622 2703 867 2788 confidimus
907 2715 949 2785 et
988 2731 1218 2810 speramus·

640 2891 642 2896 ·
732 2860 828 2926 Miati
853 2862 912 2926 del
935 2861 1087 2927 Senato.
1113 2857 1211 2922 XiX.
1234 2859 1288 2924 ch.
1315 2859 1363 2921 17.

384 3047 610 3148 XXVII.
645 3071 755 3144 nano.
785 3071 893 3148 rna..
920 3067 1033 3166 vm.
1072 3071 1133 3148 n.
1170 3065 1344 3144 nunu.

318 3223 545 3300 Baprononeit
568 3227 886 3302 Ppanonuroaynnn
913 3224 1090 3285 uaeramiit
1115 3241 1226 3300 upon
1250 3227 1404 3284 creoana

474 3345 576 3402 apaan
601 3331 782 3405 deeaorn.
807 3348 845 3388 aa
871 3347 1081 3388 naen-annom
1105 3331 1256 3406 rpaiana.
1390 3353 1397 3369 ·

418 3461 687 3562 Priviiegium
716 3465 870 3544 domini
900 3467 1159 3571 Stephani
1185 3465 1252 3542 dei
1278 3465 1408 3567 gratia

319 3579 774 3684 regisSerriae

420 3737 957 3821 Bartholomens
1006 3740 1407 3838 Gradonigo,

320 3857 388 3934 dei
428 3857 561 3957 gratia
612 3860 1019 3951 venetiarum,
1079 3859 1408 3938 Dalmatiae

233 3969 237 3980 ’
321 3979 443 4076 atque
498 3977 882 4058 Chroatine
923 3981 1032 4081 dux,
1073 3981 1266 4060 dominns
1293 3999 1409 4078 quar·

319 4101 386 4174 tae
425 4097 555 4200 partis
595 4106 638 4178 et
678 4097 871 4178 dimidiae
912 4105 1049 4182 tocius
1096 4099 1261 4205 imperii
1309 4093 1408 4174 110,
