3226 5112
179 479 182 485 ¹
317 383 382 464 aa

316 625 398 705 que
437 601 653 704 praedicta
695 600 791 678 loca
833 621 909 678 sua
946 599 1303 702 opprimerentur,
1347 599 1411 674 eia

314 720 366 798 de
395 721 591 820 gentibus
619 719 860 806 subvenire,
887 720 1080 797 volumus
1106 725 1148 795 et
1163 715 1285 794 vobis
1298 740 1411 794 man·

312 845 459 920 damus
487 899 497 920 .
528 898 536 912 .
568 897 574 913 .
605 900 613 918 .
643 839 879 942 quodcum
919 867 973 918 eo
1001 861 1179 916 numero
1209 839 1412 938 equitum,

314 962 384 1066 qui
419 962 540 1040 vobis
579 960 836 1040 conveniens
877 967 920 1038 et
960 961 1164 1038 honestus
1203 960 1411 1046 videatur,

310 1109 388 1162 vos
427 1081 627 1163 conferre
664 1081 854 1161 debeatis
895 1085 945 1161 ad
987 1104 1198 1186 expensas
1238 1087 1408 1158 nostras

309 1205 588 1292 Ruduam,
630 1201 978 1281 Antibarum
1020 1209 1062 1278 et
1104 1201 1153 1278 ad
1195 1201 1274 1278 alia
1311 1201 1409 1280 loca

310 1326 630 1408 Albaniae,
664 1349 772 1426 quae
801 1328 919 1399 eraut
946 1321 1154 1427 praedicti
1182 1320 1447 1398 domini·

310 1445 571 1550 despoti,
612 1453 654 1522 et
694 1469 770 1522 eos
815 1444 991 1529 hortari,
1033 1449 1078 1520 ut
1105 1441 1187 1520 sint
1225 1440 1325 1520 boui
1362 1449 1407 1520 et

311 1567 543 1647 constantis
570 1565 718 1655 animi,
746 1565 944 1666 quoniam
973 1563 1297 1642 deliberavimus
1325 1588 1406 1641 vos

309 1689 477 1766 mittere
508 1688 558 1764 ad
586 1687 850 1790 praedictum
879 1685 1080 1762 comitem
1109 1685 1325 1763 stefanum
1355 1743 1364 1763 .
1396 1747 1403 1761 .

309 1866 318 1888 .
349 1867 360 1888 .
389 1869 396 1884 .
439 1809 551 1911 quod
580 1806 752 1885 desistat
778 1833 801 1886 a
829 1807 1084 1884 novitatibus
1113 1806 1175 1884 eis
1200 1807 1404 1884 inferren-

309 1930 392 2020 dis;
421 1929 535 2032 quod
563 1929 595 2006 si
613 1924 763 2007 fecerit
779 1930 887 2006 bene
904 1928 1084 2028 quidem,
1114 1931 1279 2030 quando
1295 1953 1402 2007 vero

309 2076 405 2138 non,
433 2051 568 2152 parati
595 2074 736 2127 sumus
765 2073 840 2128 eos
860 2047 943 2126 'snb
961 2053 1231 2152 protectione
1253 2057 1403 2129 nostra

203 2222 208 2236 ·
308 2171 500 2274 recipere
529 2176 571 2248 et
598 2170 840 2258 defensare3
867 2225 878 2245 .
908 2224 918 2244 .
951 2225 1001 2245 ..
1043 2175 1086 2247 et
1124 2174 1158 2249 si
1193 2168 1403 2264 videbitis,

308 2289 421 2393 quod
449 2291 532 2369 hoc
560 2291 621 2368 eis
648 2291 789 2394 piacet
819 2299 860 2368 et
888 2289 1000 2392 quod
1029 2291 1401 2370 sintcontentive·

308 2411 398 2488 nire
428 2412 478 2489 ad
507 2409 787 2488 obedientiam
815 2419 1000 2488 nostram
1011 2465 1173 2503 .....
1210 2411 1400 2492 debeatis

306 2531 369 2608 ire
391 2533 450 2609 ¹ad
479 2530 680 2610 comitem
707 2529 949 2620 stefanum,
978 2539 1020 2610 et
1049 2531 1173 2611 aliter
1197 2557 1283 2610 non
1312 2591 1322 2611 .
1352 2591 1401 2611 ..

308 2674 403 2728 cum
430 2651 629 2729 veneritis
656 2651 706 2728 ad
734 2651 1014 2754 praesentiam
1044 2651 1213 2731 comitis
1238 2651 1400 2732 stefani

307 2823 367 2846 ...
395 2770 556 2857 dicatis,
580 2773 694 2874 quod
711 2796 806 2850 eum
821 2773 1025 2851 habemus
1039 2773 1079 2849 in
1096 2771 1253 2850 bonum
1268 2771 1399 2850 fliium

307 2898 350 2967 et
376 2891 556 2972 amicum
584 2951 593 2968 .
624 2947 633 2969 .
663 2951 674 2972 .
703 2951 713 2972 .
740 2899 783 2977 et
810 2901 1039 2998 propterea
1078 2903 1233 2996 quanto
1262 2895 1401 2972 maior

305 3021 347 3091 et
373 3015 593 3115 potentior
621 3025 746 3106 esset,
774 3023 888 3093 tanto
912 3016 1042 3116 magis
1058 3014 1179 3095 nobis
1193 3015 1399 3118 placeret,

305 3132 531 3210 dummodo
561 3139 673 3211 esset
700 3159 795 3213 cum
824 3137 991 3216 honore
1017 3141 1194 3229 nostro,
1232 3179 1279 3194 -·
1321 3140 1397 3216 sed

303 3256 348 3328 ut
389 3261 528 3355 potest
569 3253 774 3334 audivisse
816 3254 1016 3335 habemus
1053 3278 1201 3358 pacem
1241 3256 1396 3336 factam

305 3399 398 3452 curn
440 3379 616 3456 condam
657 3377 838 3481 despoto
865 3380 998 3458 veteri
1035 3386 1076 3456 et
1104 3374 1397 3456 confirmatam

303 3519 381 3598 per
407 3507 673 3598 praesentem
701 3499 912 3578 dominum
940 3500 1188 3604 despotum,
1216 3506 1259 3578 et
1284 3500 1394 3580 iuter

303 3623 446 3696 cetera
484 3642 565 3722 per
601 3613 827 3725 capitulum
867 3647 1112 3726 expressum
1140 3626 1393 3702 conventum

302 3742 378 3824 est,
406 3743 451 3814 ut
468 3738 513 3815 >si
543 3739 636 3818 loca
664 3767 737 3820 sua
764 3741 966 3822 Albaniae
982 3729 1308 3846 oprimerentur.
1332 3743 1394 3822 eis

301 3881 396 3935 cum
425 3856 619 3958 gentibus
659 3861 811 3938 uostris
847 3863 1073 3941 subvenire
1101 3873 1322 3942 teneamur
1350 3872 1393 3940 et

300 3977 361 4053 eis
397 4001 647 4068 sucurrere3
689 4007 812 4084 quam
840 3986 896 4061 ob
927 4007 1016 4062 rem
1044 3987 1310 4065 intendentes
1347 3989 1390 4061 ut

102 4119 118 4206 j
244 4103 246 4108 ‘
298 4121 469 4201 semper
506 4100 680 4180 fecimus
717 4101 841 4182 fidem
878 4113 1066 4184 nostram
1094 4103 1388 4186 inviolabiliter

301 4217 544 4309 observare,
572 4222 921 4320 magnificentiam
949 4241 1064 4306 suam
1080 4225 1331 4328 requirimus
1346 4235 1388 4306 et
