<?xml version="1.0" encoding="UTF-8"?>
<!DOCTYPE html PUBLIC "-//W3C//DTD XHTML 1.0 Transitional//EN"
    "http://www.w3.org/TR/xhtml1/DTD/xhtml1-transitional.dtd">
<html xmlns="http://www.w3.org/1999/xhtml" xml:lang="en" lang="en">
 <head>
  <title>
</title>
<meta http-equiv="Content-Type" content="text/html;charset=utf-8" />
  <meta name='ocr-system' content='tesseract 3.04.00' />
  <meta name='ocr-capabilities' content='ocr_page ocr_carea ocr_par ocr_line ocrx_word'/>
</head>
<body>
  <div class='ocr_page' id='page_1' title='image "./actaarchivivene00sergoog_0716.png"; bbox 0 0 3206 5110; ppageno 0'>
   <div class='ocr_carea' id='block_1_1' title="bbox 378 403 440 470">
    <p class='ocr_par' dir='ltr' id='par_1_1' title="bbox 378 403 440 470">
     <span class='ocr_line' id='line_1_1' title="bbox 378 403 440 470; baseline 0.065 -4"><span class='ocrx_word' id='word_1_1' title='bbox 378 403 440 470; x_wconf 73' lang='lat'><strong>164</strong></span> 
     </span>
    </p>
   </div>
   <div class='ocr_carea' id='block_1_2' title="bbox 373 601 1470 828">
    <p class='ocr_par' dir='ltr' id='par_1_2' title="bbox 373 601 1470 828">
     <span class='ocr_line' id='line_1_2' title="bbox 475 601 1470 722; baseline -0.007 -38"><span class='ocrx_word' id='word_1_2' title='bbox 475 610 590 686; x_wconf 86' lang='lat' dir='ltr'><strong>Non</strong></span> <span class='ocrx_word' id='word_1_3' title='bbox 607 631 646 694; x_wconf 88' lang='lat' dir='ltr'><strong>o,</strong></span> <span class='ocrx_word' id='word_1_4' title='bbox 700 607 814 709; x_wconf 89' lang='lat' dir='ltr'><strong>quod</strong></span> <span class='ocrx_word' id='word_1_5' title='bbox 840 605 1077 722; x_wconf 85' lang='lat' dir='ltr'><strong>dignemur</strong></span> <span class='ocrx_word' id='word_1_6' title='bbox 1116 604 1363 683; x_wconf 76' lang='lat' dir='ltr'><strong>concedere</strong></span> <span class='ocrx_word' id='word_1_7' title='bbox 1416 601 1470 678; x_wconf 90' lang='lat' dir='ltr'><strong>ei·</strong></span> 
     </span>
     <span class='ocr_line' id='line_1_3' title="bbox 373 720 1470 828; baseline -0.009 -22"><span class='ocrx_word' id='word_1_8' title='bbox 373 731 469 806; x_wconf 92' lang='lat' dir='ltr'><strong>dem</strong></span> <span class='ocrx_word' id='word_1_9' title='bbox 509 725 731 828; x_wconf 77' lang='lat' dir='ltr'><strong>magnifico</strong></span> <span class='ocrx_word' id='word_1_10' title='bbox 773 720 942 804; x_wconf 87' lang='lat' dir='ltr'><strong>domin&#39;o</strong></span> <span class='ocrx_word' id='word_1_11' title='bbox 975 724 1158 812; x_wconf 80' lang='lat' dir='ltr'><strong>Sandali,</strong></span> <span class='ocrx_word' id='word_1_12' title='bbox 1198 747 1278 826; x_wconf 92' lang='lat' dir='ltr'><strong>per</strong></span> <span class='ocrx_word' id='word_1_13' title='bbox 1310 720 1470 824; x_wconf 88' lang='lat' dir='ltr'><strong>privile·</strong></span> 
     </span>
    </p>
   </div>
   <div class='ocr_carea' id='block_1_3' title="bbox 372 844 1472 952">
    <p class='ocr_par' dir='ltr' id='par_1_3' title="bbox 372 844 1472 952">
     <span class='ocr_line' id='line_1_4' title="bbox 372 844 1472 952; baseline -0.009 -26"><span class='ocrx_word' id='word_1_14' title='bbox 372 849 483 951; x_wconf 84' lang='lat' dir='ltr'><strong>glum</strong></span> <span class='ocrx_word' id='word_1_15' title='bbox 500 850 717 928; x_wconf 83' lang='lat' dir='ltr'><strong>obtentum</strong></span> <span class='ocrx_word' id='word_1_16' title='bbox 735 873 829 927; x_wconf 86' lang='lat' dir='ltr'><strong>cum</strong></span> <span class='ocrx_word' id='word_1_17' title='bbox 853 849 945 952; x_wconf 90' lang='lat' dir='ltr'><strong>ipso</strong></span> <span class='ocrx_word' id='word_1_18' title='bbox 962 845 1187 946; x_wconf 83' lang='lat' dir='ltr'><strong>magnilica</strong></span> <span class='ocrx_word' id='word_1_19' title='bbox 1203 844 1376 922; x_wconf 90' lang='lat' dir='ltr'><strong>domino</strong></span> <span class='ocrx_word' id='word_1_20' title='bbox 1392 864 1472 946; x_wconf 84' lang='lat' dir='ltr'><strong>per</strong></span> 
     </span>
    </p>
   </div>
   <div class='ocr_carea' id='block_1_4' title="bbox 172 965 1474 1202">
    <p class='ocr_par' dir='ltr' id='par_1_4' title="bbox 172 965 1474 1202">
     <span class='ocr_line' id='line_1_5' title="bbox 219 965 1471 1067; baseline -0.007 -20"><span class='ocrx_word' id='word_1_21' title='bbox 219 1003 223 1016; x_wconf 94' lang='lat'><strong>·</strong></span> <span class='ocrx_word' id='word_1_22' title='bbox 277 1005 286 1024; x_wconf 94' lang='lat'><strong>·</strong></span> <span class='ocrx_word' id='word_1_23' title='bbox 374 969 611 1048; x_wconf 84' lang='lat' dir='ltr'><strong>iamdictum</strong></span> <span class='ocrx_word' id='word_1_24' title='bbox 648 967 858 1050; x_wconf 78' lang='lat' dir='ltr'><strong>Johanem</strong></span> <span class='ocrx_word' id='word_1_25' title='bbox 899 967 1087 1067; x_wconf 81' lang='lat' dir='ltr'><strong>Georgia</strong></span> <span class='ocrx_word' id='word_1_26' title='bbox 1124 965 1471 1044; x_wconf 77' lang='lat' dir='ltr'><strong>ambassiatorem</strong></span> 
     </span>
     <span class='ocr_line' id='line_1_6' title="bbox 172 1085 1474 1202; baseline -0.005 -35"><span class='ocrx_word' id='word_1_27' title='bbox 172 1141 175 1150; x_wconf 83' lang='lat'>·</span> <span class='ocrx_word' id='word_1_28' title='bbox 277 1175 285 1202; x_wconf 46' lang='grc' dir='ltr'>Ι</span> <span class='ocrx_word' id='word_1_29' title='bbox 373 1097 588 1180; x_wconf 87' lang='lat' dir='ltr'><strong>nostrum,</strong></span> <span class='ocrx_word' id='word_1_30' title='bbox 616 1085 711 1169; x_wconf 81' lang='lat' dir='ltr'><strong>eum</strong></span> <span class='ocrx_word' id='word_1_31' title='bbox 740 1087 936 1168; x_wconf 86' lang='lat' dir='ltr'><strong>omnibus</strong></span> <span class='ocrx_word' id='word_1_32' title='bbox 963 1113 1045 1190; x_wconf 89' lang='lat' dir='ltr'><strong>que</strong></span> <span class='ocrx_word' id='word_1_33' title='bbox 1072 1111 1184 1167; x_wconf 88' lang='lat' dir='ltr'><strong>nune</strong></span> <span class='ocrx_word' id='word_1_34' title='bbox 1217 1086 1346 1189; x_wconf 85' lang='lat' dir='ltr'><strong>petita</strong></span> <span class='ocrx_word' id='word_1_35' title='bbox 1375 1089 1474 1160; x_wconf 88' lang='lat' dir='ltr'><strong>sunt</strong></span> 
     </span>
    </p>
   </div>
   <div class='ocr_carea' id='block_1_5' title="bbox 353 1207 1520 2881">
    <p class='ocr_par' dir='ltr' id='par_1_5' title="bbox 353 1207 1520 2881">
     <span class='ocr_line' id='line_1_7' title="bbox 373 1207 1470 1316; baseline -0.007 -27"><span class='ocrx_word' id='word_1_36' title='bbox 373 1235 452 1312; x_wconf 93' lang='lat' dir='ltr'><strong>per</strong></span> <span class='ocrx_word' id='word_1_37' title='bbox 499 1212 632 1316; x_wconf 91' lang='lat' dir='ltr'><strong>ipsum</strong></span> <span class='ocrx_word' id='word_1_38' title='bbox 669 1207 941 1312; x_wconf 79' lang='lat' dir='ltr'><strong>spectabilem</strong></span> <span class='ocrx_word' id='word_1_39' title='bbox 971 1208 1173 1288; x_wconf 86' lang='lat' dir='ltr'><strong>comitem</strong></span> <span class='ocrx_word' id='word_1_40' title='bbox 1203 1207 1470 1304; x_wconf 86' lang='lat' dir='ltr'><strong>Pribislaum,</strong></span> 
     </span>
     <span class='ocr_line' id='line_1_8' title="bbox 373 1327 1472 1430; baseline -0.002 -24"><span class='ocrx_word' id='word_1_41' title='bbox 373 1333 574 1430; x_wconf 70' lang='lat' dir='ltr'><strong>eiusdem.</strong></span> <span class='ocrx_word' id='word_1_42' title='bbox 591 1331 752 1409; x_wconf 92' lang='lat' dir='ltr'><strong>domini</strong></span> <span class='ocrx_word' id='word_1_43' title='bbox 783 1329 953 1410; x_wconf 85' lang='lat' dir='ltr'><strong>Sandali</strong></span> <span class='ocrx_word' id='word_1_44' title='bbox 981 1327 1341 1419; x_wconf 77' lang='lat' dir='ltr'><strong>ambassiatorem,</strong></span> <span class='ocrx_word' id='word_1_45' title='bbox 1370 1351 1472 1405; x_wconf 91' lang='lat' dir='ltr'><strong>con·</strong></span> 
     </span>
     <span class='ocr_line' id='line_1_9' title="bbox 374 1448 1472 1554; baseline -0.007 -24"><span class='ocrx_word' id='word_1_46' title='bbox 374 1453 584 1530; x_wconf 80' lang='lat' dir='ltr'><strong>lineantur</strong></span> <span class='ocrx_word' id='word_1_47' title='bbox 618 1452 757 1534; x_wconf 86' lang='lat' dir='ltr'><strong>omnia</strong></span> <span class='ocrx_word' id='word_1_48' title='bbox 798 1453 844 1528; x_wconf 90' lang='lat' dir='ltr'><strong>in</strong></span> <span class='ocrx_word' id='word_1_49' title='bbox 869 1473 951 1527; x_wconf 90' lang='lat' dir='ltr'><strong>uno</strong></span> <span class='ocrx_word' id='word_1_50' title='bbox 979 1450 1201 1554; x_wconf 84' lang='lat' dir='ltr'><strong>privilegio</strong></span> <span class='ocrx_word' id='word_1_51' title='bbox 1231 1473 1326 1529; x_wconf 89' lang='lat' dir='ltr'><strong>eum</strong></span> <span class='ocrx_word' id='word_1_52' title='bbox 1356 1448 1472 1526; x_wconf 90' lang='lat' dir='ltr'><strong>bulla</strong></span> 
     </span>
     <span class='ocr_line' id='line_1_10' title="bbox 373 1568 1471 1674; baseline -0.005 -24"><span class='ocrx_word' id='word_1_53' title='bbox 373 1579 520 1652; x_wconf 89' lang='lat' dir='ltr'><strong>nostra</strong></span> <span class='ocrx_word' id='word_1_54' title='bbox 561 1596 690 1653; x_wconf 86' lang='lat' dir='ltr'><strong>aurea</strong></span> <span class='ocrx_word' id='word_1_55' title='bbox 731 1570 955 1674; x_wconf 83' lang='lat' dir='ltr'><strong>pendente,</strong></span> <span class='ocrx_word' id='word_1_56' title='bbox 999 1571 1114 1673; x_wconf 88' lang='lat' dir='ltr'><strong>quod</strong></span> <span class='ocrx_word' id='word_1_57' title='bbox 1142 1568 1318 1649; x_wconf 80' lang='lat' dir='ltr'><strong>habebit</strong></span> <span class='ocrx_word' id='word_1_58' title='bbox 1357 1569 1471 1662; x_wconf 83' lang='lat' dir='ltr'><strong>idern</strong></span> 
     </span>
     <span class='ocr_line' id='line_1_11' title="bbox 373 1690 1472 1792; baseline -0.004 -24"><span class='ocrx_word' id='word_1_59' title='bbox 373 1690 573 1770; x_wconf 88' lang='lat' dir='ltr'><strong>dominus</strong></span> <span class='ocrx_word' id='word_1_60' title='bbox 596 1691 660 1768; x_wconf 80' lang='lat' dir='ltr'><strong>ad</strong></span> <span class='ocrx_word' id='word_1_61' title='bbox 699 1691 875 1792; x_wconf 80' lang='lat' dir='ltr'><strong>gloriam</strong></span> <span class='ocrx_word' id='word_1_62' title='bbox 918 1698 961 1768; x_wconf 89' lang='lat' dir='ltr'><strong>et</strong></span> <span class='ocrx_word' id='word_1_63' title='bbox 1001 1692 1209 1776; x_wconf 82' lang='lat' dir='ltr'><strong>honorem</strong></span> <span class='ocrx_word' id='word_1_64' title='bbox 1248 1711 1391 1777; x_wconf 81' lang='lat' dir='ltr'><strong>sunm3</strong></span> <span class='ocrx_word' id='word_1_65' title='bbox 1429 1693 1472 1765; x_wconf 82' lang='lat' dir='ltr'><strong>ei</strong></span> 
     </span>
     <span class='ocr_line' id='line_1_12' title="bbox 374 1809 1472 1916; baseline -0.004 -26"><span class='ocrx_word' id='word_1_66' title='bbox 374 1815 489 1914; x_wconf 90' lang='lat' dir='ltr'><strong>quod</strong></span> <span class='ocrx_word' id='word_1_67' title='bbox 517 1813 647 1892; x_wconf 91' lang='lat' dir='ltr'><strong>vellet</strong></span> <span class='ocrx_word' id='word_1_68' title='bbox 673 1812 798 1890; x_wconf 87' lang='lat' dir='ltr'><strong>etiam</strong></span> <span class='ocrx_word' id='word_1_69' title='bbox 826 1811 962 1889; x_wconf 90' lang='lat' dir='ltr'><strong>simile</strong></span> <span class='ocrx_word' id='word_1_70' title='bbox 1002 1811 1268 1916; x_wconf 82' lang='lat' dir='ltr'><strong>privilegium</strong></span> <span class='ocrx_word' id='word_1_71' title='bbox 1298 1835 1394 1888; x_wconf 88' lang='lat' dir='ltr'><strong>cum</strong></span> <span class='ocrx_word' id='word_1_72' title='bbox 1423 1809 1472 1888; x_wconf 88' lang='lat' dir='ltr'><strong>si·</strong></span> 
     </span>
     <span class='ocr_line' id='line_1_13' title="bbox 373 1928 1471 2035; baseline -0.004 -27"><span class='ocrx_word' id='word_1_73' title='bbox 373 1931 460 2008; x_wconf 92' lang='lat' dir='ltr'><strong>mili</strong></span> <span class='ocrx_word' id='word_1_74' title='bbox 499 1933 611 2010; x_wconf 87' lang='lat' dir='ltr'><strong>bulla</strong></span> <span class='ocrx_word' id='word_1_75' title='bbox 647 1933 688 2009; x_wconf 94' lang='lat' dir='ltr'><strong>in</strong></span> <span class='ocrx_word' id='word_1_76' title='bbox 718 1932 860 2031; x_wconf 84' lang='lat' dir='ltr'><strong>lingna</strong></span> <span class='ocrx_word' id='word_1_77' title='bbox 888 1931 1026 2010; x_wconf 87' lang='lat' dir='ltr'><strong>sclava</strong></span> <span class='ocrx_word' id='word_1_78' title='bbox 1055 1932 1360 2035; x_wconf 85' lang='lat' dir='ltr'><strong>conscriptum.</strong></span> <span class='ocrx_word' id='word_1_79' title='bbox 1403 1928 1471 2006; x_wconf 82' lang='lat' dir='ltr'><strong>Ad</strong></span> 
     </span>
     <span class='ocr_line' id='line_1_14' title="bbox 353 2049 1471 2156; baseline 0.004 -33"><span class='ocrx_word' id='word_1_80' title='bbox 353 2075 557 2130; x_wconf 31' lang='lat' dir='ltr'><strong>,nonum</strong></span> <span class='ocrx_word' id='word_1_81' title='bbox 587 2051 907 2156; x_wconf 83' lang='lat' dir='ltr'><strong>respondemus,</strong></span> <span class='ocrx_word' id='word_1_82' title='bbox 922 2050 1034 2154; x_wconf 87' lang='lat' dir='ltr'><strong>quod</strong></span> <span class='ocrx_word' id='word_1_83' title='bbox 1064 2052 1164 2130; x_wconf 86' lang='lat' dir='ltr'><strong>licet</strong></span> <span class='ocrx_word' id='word_1_84' title='bbox 1180 2075 1287 2153; x_wconf 88' lang='lat' dir='ltr'><strong>opus</strong></span> <span class='ocrx_word' id='word_1_85' title='bbox 1300 2075 1388 2128; x_wconf 94' lang='lat' dir='ltr'><strong>non</strong></span> <span class='ocrx_word' id='word_1_86' title='bbox 1409 2049 1471 2128; x_wconf 86' lang='lat' dir='ltr'><strong>io·</strong></span> 
     </span>
     <span class='ocr_line' id='line_1_15' title="bbox 376 2167 1472 2274; baseline -0.001 -27"><span class='ocrx_word' id='word_1_87' title='bbox 376 2177 439 2250; x_wconf 90' lang='lat' dir='ltr'><strong>ret</strong></span> <span class='ocrx_word' id='word_1_88' title='bbox 464 2171 731 2274; x_wconf 82' lang='lat' dir='ltr'><strong>privilegium</strong></span> <span class='ocrx_word' id='word_1_89' title='bbox 751 2175 998 2250; x_wconf 84' lang='lat' dir='ltr'><strong>contentum</strong></span> <span class='ocrx_word' id='word_1_90' title='bbox 1026 2168 1304 2274; x_wconf 87' lang='lat' dir='ltr'><strong>pernobilem</strong></span> <span class='ocrx_word' id='word_1_91' title='bbox 1332 2167 1472 2246; x_wconf 84' lang='lat' dir='ltr'><strong>virum</strong></span> 
     </span>
     <span class='ocr_line' id='line_1_16' title="bbox 373 2289 1472 2394; baseline 0.002 -26"><span class='ocrx_word' id='word_1_92' title='bbox 373 2292 587 2372; x_wconf 82' lang='lat' dir='ltr'><strong>dohanem</strong></span> <span class='ocrx_word' id='word_1_93' title='bbox 615 2289 805 2394; x_wconf 77' lang='lat' dir='ltr'><strong>Georgia</strong></span> <span class='ocrx_word' id='word_1_94' title='bbox 834 2298 1053 2371; x_wconf 83' lang='lat' dir='ltr'><strong>oratorem</strong></span> <span class='ocrx_word' id='word_1_95' title='bbox 1091 2297 1282 2372; x_wconf 88' lang='lat' dir='ltr'><strong>nostrum</strong></span> <span class='ocrx_word' id='word_1_96' title='bbox 1312 2291 1350 2366; x_wconf 94' lang='lat' dir='ltr'><strong>in</strong></span> <span class='ocrx_word' id='word_1_97' title='bbox 1379 2315 1472 2394; x_wconf 89' lang='lat' dir='ltr'><strong>pre·</strong></span> 
     </span>
     <span class='ocr_line' id='line_1_17' title="bbox 374 2413 1471 2517; baseline -0.002 -25"><span class='ocrx_word' id='word_1_98' title='bbox 374 2415 481 2493; x_wconf 88' lang='lat' dir='ltr'><strong>senti</strong></span> <span class='ocrx_word' id='word_1_99' title='bbox 520 2415 741 2517; x_wconf 85' lang='lat' dir='ltr'><strong>privilegio</strong></span> <span class='ocrx_word' id='word_1_100' title='bbox 785 2415 903 2494; x_wconf 85' lang='lat' dir='ltr'><strong>retici</strong></span> <span class='ocrx_word' id='word_1_101' title='bbox 931 2413 1091 2508; x_wconf 84' lang='lat' dir='ltr'><strong>facere,</strong></span> <span class='ocrx_word' id='word_1_102' title='bbox 1130 2415 1324 2516; x_wconf 89' lang='lat' dir='ltr'><strong>quoniam</strong></span> <span class='ocrx_word' id='word_1_103' title='bbox 1366 2413 1471 2490; x_wconf 92' lang='lat' dir='ltr'><strong>illud</strong></span> 
     </span>
     <span class='ocr_line' id='line_1_18' title="bbox 372 2532 1471 2620; baseline -0.002 -10"><span class='ocrx_word' id='word_1_104' title='bbox 372 2533 624 2612; x_wconf 88' lang='lat' dir='ltr'><strong>intendimus</strong></span> <span class='ocrx_word' id='word_1_105' title='bbox 653 2534 932 2615; x_wconf 79' lang='lat' dir='ltr'><strong>effectualiter</strong></span> <span class='ocrx_word' id='word_1_106' title='bbox 948 2536 1195 2620; x_wconf 85' lang='lat' dir='ltr'><strong>observare.</strong></span> <span class='ocrx_word' id='word_1_107' title='bbox 1216 2541 1399 2612; x_wconf 81' lang='lat' dir='ltr'><strong>attamen</strong></span> <span class='ocrx_word' id='word_1_108' title='bbox 1429 2532 1471 2608; x_wconf 90' lang='lat' dir='ltr'><strong>in</strong></span> 
     </span>
     <span class='ocr_line' id='line_1_19' title="bbox 372 2655 1520 2759; baseline 0.001 -28"><span class='ocrx_word' id='word_1_109' title='bbox 372 2655 708 2756; x_wconf 83' lang='lat' dir='ltr'><strong>magnificentiae</strong></span> <span class='ocrx_word' id='word_1_110' title='bbox 732 2681 808 2735; x_wconf 90' lang='lat' dir='ltr'><strong>sue</strong></span> <span class='ocrx_word' id='word_1_111' title='bbox 832 2656 1352 2759; x_wconf 82' lang='lat' dir='ltr'><strong>complacentiamsumus</strong></span> <span class='ocrx_word' id='word_1_112' title='bbox 1369 2679 1471 2734; x_wconf 90' lang='lat' dir='ltr'><strong>con·</strong></span> <span class='ocrx_word' id='word_1_113' title='bbox 1517 2701 1520 2710; x_wconf 71' lang='lat'><strong>,</strong></span> 
     </span>
     <span class='ocr_line' id='line_1_20' title="bbox 372 2773 1473 2881; baseline 0.001 -28"><span class='ocrx_word' id='word_1_114' title='bbox 372 2778 478 2856; x_wconf 86' lang='lat' dir='ltr'><strong>tenti</strong></span> <span class='ocrx_word' id='word_1_115' title='bbox 505 2773 607 2855; x_wconf 93' lang='lat' dir='ltr'><strong>illud</strong></span> <span class='ocrx_word' id='word_1_116' title='bbox 636 2799 717 2856; x_wconf 87' lang='lat' dir='ltr'><strong>una</strong></span> <span class='ocrx_word' id='word_1_117' title='bbox 747 2803 842 2855; x_wconf 88' lang='lat' dir='ltr'><strong>cnm</strong></span> <span class='ocrx_word' id='word_1_118' title='bbox 870 2775 1164 2881; x_wconf 84' lang='lat' dir='ltr'><strong>suprascriptis</strong></span> <span class='ocrx_word' id='word_1_119' title='bbox 1192 2775 1384 2878; x_wconf 88' lang='lat' dir='ltr'><strong>capitulis</strong></span> <span class='ocrx_word' id='word_1_120' title='bbox 1428 2783 1473 2854; x_wconf 84' lang='lat' dir='ltr'><strong>et</strong></span> 
     </span>
    </p>
   </div>
   <div class='ocr_carea' id='block_1_6' title="bbox 371 2896 1589 3002">
    <p class='ocr_par' dir='ltr' id='par_1_6' title="bbox 371 2896 1589 3002">
     <span class='ocr_line' id='line_1_21' title="bbox 371 2896 1589 3002; baseline -0.005 -27"><span class='ocrx_word' id='word_1_121' title='bbox 371 2896 720 3001; x_wconf 90' lang='lat' dir='ltr'><strong>responsionibus</strong></span> <span class='ocrx_word' id='word_1_122' title='bbox 760 2898 800 2976; x_wconf 94' lang='lat' dir='ltr'><strong>in</strong></span> <span class='ocrx_word' id='word_1_123' title='bbox 842 2923 925 2976; x_wconf 80' lang='lat' dir='ltr'><strong>rino</strong></span> <span class='ocrx_word' id='word_1_124' title='bbox 953 2897 1103 2977; x_wconf 89' lang='lat' dir='ltr'><strong>eodem</strong></span> <span class='ocrx_word' id='word_1_125' title='bbox 1130 2896 1368 3002; x_wconf 84' lang='lat' dir='ltr'><strong>privilegio,</strong></span> <span class='ocrx_word' id='word_1_126' title='bbox 1397 2919 1470 2974; x_wconf 92' lang='lat' dir='ltr'><strong>no·</strong></span> <span class='ocrx_word' id='word_1_127' title='bbox 1588 2909 1589 2936; x_wconf 48' lang='lat' dir='ltr'><strong>l</strong></span> 
     </span>
    </p>
   </div>
   <div class='ocr_carea' id='block_1_7' title="bbox 371 3016 1476 3727">
    <p class='ocr_par' dir='ltr' id='par_1_7' title="bbox 371 3016 1476 3727">
     <span class='ocr_line' id='line_1_22' title="bbox 371 3016 1469 3117; baseline 0 -23"><span class='ocrx_word' id='word_1_128' title='bbox 371 3025 458 3096; x_wconf 83' lang='lat' dir='ltr'><strong>stra</strong></span> <span class='ocrx_word' id='word_1_129' title='bbox 473 3018 589 3096; x_wconf 85' lang='lat' dir='ltr'><strong>bulla</strong></span> <span class='ocrx_word' id='word_1_130' title='bbox 605 3043 732 3098; x_wconf 87' lang='lat' dir='ltr'><strong>aurea</strong></span> <span class='ocrx_word' id='word_1_131' title='bbox 750 3018 1028 3113; x_wconf 81' lang='lat' dir='ltr'><strong>communito,</strong></span> <span class='ocrx_word' id='word_1_132' title='bbox 1043 3021 1187 3099; x_wconf 85' lang='lat' dir='ltr'><strong>facere</strong></span> <span class='ocrx_word' id='word_1_133' title='bbox 1208 3016 1382 3117; x_wconf 76' lang='lat' dir='ltr'><strong>motari,</strong></span> <span class='ocrx_word' id='word_1_134' title='bbox 1402 3017 1469 3094; x_wconf 87' lang='lat' dir='ltr'><strong>ali-</strong></span> 
     </span>
     <span class='ocr_line' id='line_1_23' title="bbox 371 3137 1473 3240; baseline 0.001 -27"><span class='ocrx_word' id='word_1_135' title='bbox 371 3137 426 3214; x_wconf 92' lang='lat' dir='ltr'><strong>ud</strong></span> <span class='ocrx_word' id='word_1_136' title='bbox 454 3143 593 3217; x_wconf 86' lang='lat' dir='ltr'><strong>autem</strong></span> <span class='ocrx_word' id='word_1_137' title='bbox 622 3138 761 3217; x_wconf 88' lang='lat' dir='ltr'><strong>simile</strong></span> <span class='ocrx_word' id='word_1_138' title='bbox 788 3141 828 3220; x_wconf 94' lang='lat' dir='ltr'><strong>in</strong></span> <span class='ocrx_word' id='word_1_139' title='bbox 859 3139 1038 3240; x_wconf 83' lang='lat' dir='ltr'><strong>lingua</strong></span> <span class='ocrx_word' id='word_1_140' title='bbox 1065 3139 1265 3218; x_wconf 87' lang='lat' dir='ltr'><strong>sclava</strong></span> <span class='ocrx_word' id='word_1_141' title='bbox 1294 3161 1379 3214; x_wconf 93' lang='lat' dir='ltr'><strong>non</strong></span> <span class='ocrx_word' id='word_1_142' title='bbox 1408 3161 1473 3214; x_wconf 87' lang='lat' dir='ltr'><strong>va-</strong></span> 
     </span>
     <span class='ocr_line' id='line_1_24' title="bbox 374 3257 1476 3364; baseline -0.001 -28"><span class='ocrx_word' id='word_1_143' title='bbox 374 3269 512 3346; x_wconf 82' lang='lat' dir='ltr'><strong>temus</strong></span> <span class='ocrx_word' id='word_1_144' title='bbox 539 3260 671 3338; x_wconf 87' lang='lat' dir='ltr'><strong>scribi</strong></span> <span class='ocrx_word' id='word_1_145' title='bbox 700 3259 858 3348; x_wconf 83' lang='lat' dir='ltr'><strong>faeere,</strong></span> <span class='ocrx_word' id='word_1_146' title='bbox 901 3261 1015 3364; x_wconf 89' lang='lat' dir='ltr'><strong>qnod</strong></span> <span class='ocrx_word' id='word_1_147' title='bbox 1053 3283 1136 3338; x_wconf 92' lang='lat' dir='ltr'><strong>non</strong></span> <span class='ocrx_word' id='word_1_148' title='bbox 1163 3257 1366 3339; x_wconf 87' lang='lat' dir='ltr'><strong>babemus</strong></span> <span class='ocrx_word' id='word_1_149' title='bbox 1407 3283 1476 3335; x_wconf 90' lang='lat' dir='ltr'><strong>no·</strong></span> 
     </span>
     <span class='ocr_line' id='line_1_25' title="bbox 377 3377 1473 3483; baseline 0.003 -28"><span class='ocrx_word' id='word_1_150' title='bbox 377 3378 508 3456; x_wconf 79' lang='lat' dir='ltr'><strong>turios</strong></span> <span class='ocrx_word' id='word_1_151' title='bbox 534 3377 649 3459; x_wconf 90' lang='lat' dir='ltr'><strong>illam</strong></span> <span class='ocrx_word' id='word_1_152' title='bbox 687 3381 869 3480; x_wconf 81' lang='lat' dir='ltr'><strong>linguam</strong></span> <span class='ocrx_word' id='word_1_153' title='bbox 898 3383 1099 3461; x_wconf 85' lang='lat' dir='ltr'><strong>scientes.</strong></span> <span class='ocrx_word' id='word_1_154' title='bbox 1152 3381 1300 3483; x_wconf 88' lang='lat' dir='ltr'><strong>ltaque</strong></span> <span class='ocrx_word' id='word_1_155' title='bbox 1334 3378 1473 3480; x_wconf 88' lang='lat' dir='ltr'><strong>plaee-</strong></span> 
     </span>
     <span class='ocr_line' id='line_1_26' title="bbox 376 3499 1473 3590; baseline 0 -14"><span class='ocrx_word' id='word_1_156' title='bbox 376 3506 417 3577; x_wconf 88' lang='lat' dir='ltr'><strong>at</strong></span> <span class='ocrx_word' id='word_1_157' title='bbox 443 3499 605 3578; x_wconf 89' lang='lat' dir='ltr'><strong>babere</strong></span> <span class='ocrx_word' id='word_1_158' title='bbox 645 3525 725 3581; x_wconf 88' lang='lat' dir='ltr'><strong>nos</strong></span> <span class='ocrx_word' id='word_1_159' title='bbox 752 3503 906 3582; x_wconf 87' lang='lat' dir='ltr'><strong>merito</strong></span> <span class='ocrx_word' id='word_1_160' title='bbox 935 3509 1185 3590; x_wconf 87' lang='lat' dir='ltr'><strong>excusatos,</strong></span> <span class='ocrx_word' id='word_1_161' title='bbox 1223 3525 1316 3579; x_wconf 88' lang='lat' dir='ltr'><strong>nam</strong></span> <span class='ocrx_word' id='word_1_162' title='bbox 1346 3501 1473 3579; x_wconf 86' lang='lat' dir='ltr'><strong>inten-</strong></span> 
     </span>
     <span class='ocr_line' id='line_1_27' title="bbox 374 3616 1471 3727; baseline 0 -32"><span class='ocrx_word' id='word_1_163' title='bbox 374 3616 508 3696; x_wconf 84' lang='lat' dir='ltr'><strong>dimus</strong></span> <span class='ocrx_word' id='word_1_164' title='bbox 537 3627 584 3696; x_wconf 89' lang='lat' dir='ltr'><strong>ut</strong></span> <span class='ocrx_word' id='word_1_165' title='bbox 610 3621 766 3714; x_wconf 74' lang='lat' dir='ltr'><strong>dictum</strong></span> <span class='ocrx_word' id='word_1_166' title='bbox 797 3630 873 3716; x_wconf 88' lang='lat' dir='ltr'><strong>est,</strong></span> <span class='ocrx_word' id='word_1_167' title='bbox 889 3629 1018 3726; x_wconf 90' lang='lat' dir='ltr'><strong>prout</strong></span> <span class='ocrx_word' id='word_1_168' title='bbox 1044 3645 1216 3727; x_wconf 87' lang='lat' dir='ltr'><strong>semper</strong></span> <span class='ocrx_word' id='word_1_169' title='bbox 1235 3627 1382 3699; x_wconf 90' lang='lat' dir='ltr'><strong>nostre</strong></span> <span class='ocrx_word' id='word_1_170' title='bbox 1413 3619 1471 3696; x_wconf 86' lang='lat' dir='ltr'><strong>lu·</strong></span> 
     </span>
    </p>
   </div>
   <div class='ocr_carea' id='block_1_8' title="bbox 375 3739 1589 3850">
    <p class='ocr_par' dir='ltr' id='par_1_8' title="bbox 375 3739 1589 3850">
     <span class='ocr_line' id='line_1_28' title="bbox 375 3739 1589 3850; baseline -0.002 -33"><span class='ocrx_word' id='word_1_171' title='bbox 375 3739 406 3818; x_wconf 89' lang='lat' dir='ltr'><strong>it</strong></span> <span class='ocrx_word' id='word_1_172' title='bbox 433 3739 760 3836; x_wconf 86' lang='lat' dir='ltr'><strong>consuetudinis,</strong></span> <span class='ocrx_word' id='word_1_173' title='bbox 788 3743 901 3847; x_wconf 86' lang='lat' dir='ltr'><strong>ipsas</strong></span> <span class='ocrx_word' id='word_1_174' title='bbox 930 3743 1237 3846; x_wconf 86' lang='lat' dir='ltr'><strong>responsiones</strong></span> <span class='ocrx_word' id='word_1_175' title='bbox 1281 3749 1324 3820; x_wconf 88' lang='lat' dir='ltr'><strong>et</strong></span> <span class='ocrx_word' id='word_1_176' title='bbox 1351 3740 1471 3844; x_wconf 86' lang='lat' dir='ltr'><strong>privi·</strong></span> <span class='ocrx_word' id='word_1_177' title='bbox 1588 3839 1589 3850; x_wconf 9' lang='grc' dir='ltr'>ᾖ</span> 
     </span>
    </p>
   </div>
   <div class='ocr_carea' id='block_1_9' title="bbox 373 3859 1469 4317">
    <p class='ocr_par' dir='ltr' id='par_1_9' title="bbox 373 3859 1037 3962">
     <span class='ocr_line' id='line_1_29' title="bbox 373 3859 1037 3962; baseline 0.006 -25"><span class='ocrx_word' id='word_1_178' title='bbox 373 3859 481 3962; x_wconf 82' lang='lat' dir='ltr'><strong>legia</strong></span> <span class='ocrx_word' id='word_1_179' title='bbox 509 3867 669 3958; x_wconf 67' lang='lat' dir='ltr'><strong>nostra,</strong></span> <span class='ocrx_word' id='word_1_180' title='bbox 688 3862 930 3942; x_wconf 80' lang='lat' dir='ltr'><strong>observare.</strong></span> <span class='ocrx_word' id='word_1_181' title='bbox 1033 3917 1037 3926; x_wconf 80' lang='lat'><em>-</em></span> 
     </span>
    </p>

    <p class='ocr_par' dir='ltr' id='par_1_10' title="bbox 374 3979 1469 4317">
     <span class='ocr_line' id='line_1_30' title="bbox 476 3979 1469 4088; baseline 0.001 -29"><span class='ocrx_word' id='word_1_182' title='bbox 476 3979 710 4062; x_wconf 87' lang='lat' dir='ltr'><strong>Postremo.</strong></span> <span class='ocrx_word' id='word_1_183' title='bbox 742 3985 1019 4088; x_wconf 88' lang='lat' dir='ltr'><strong>supplicatum</strong></span> <span class='ocrx_word' id='word_1_184' title='bbox 1058 3985 1207 4064; x_wconf 75' lang='lat' dir='ltr'><strong>extitit</strong></span> <span class='ocrx_word' id='word_1_185' title='bbox 1230 4007 1312 4084; x_wconf 93' lang='lat' dir='ltr'><strong>pro</strong></span> <span class='ocrx_word' id='word_1_186' title='bbox 1349 3991 1469 4087; x_wconf 85' lang='lat' dir='ltr'><strong>parte</strong></span> 
     </span>
     <span class='ocr_line' id='line_1_31' title="bbox 374 4099 1469 4204; baseline 0.001 -27"><span class='ocrx_word' id='word_1_187' title='bbox 374 4099 501 4204; x_wconf 87' lang='lat' dir='ltr'><strong>ipsius</strong></span> <span class='ocrx_word' id='word_1_188' title='bbox 553 4105 763 4202; x_wconf 83' lang='lat' dir='ltr'><strong>magnifici</strong></span> <span class='ocrx_word' id='word_1_189' title='bbox 802 4105 984 4187; x_wconf 84' lang='lat' dir='ltr'><strong>vaivoda·</strong></span> <span class='ocrx_word' id='word_1_190' title='bbox 1021 4103 1190 4183; x_wconf 77' lang='lat' dir='ltr'><strong>Sandali</strong></span> <span class='ocrx_word' id='word_1_191' title='bbox 1225 4110 1275 4182; x_wconf 85' lang='lat' dir='ltr'><strong>el.</strong></span> <span class='ocrx_word' id='word_1_192' title='bbox 1319 4103 1469 4203; x_wconf 84' lang='lat' dir='ltr'><strong>magni-</strong></span> 
     </span>
     <span class='ocr_line' id='line_1_32' title="bbox 376 4217 1468 4317; baseline 0.003 -21"><span class='ocrx_word' id='word_1_193' title='bbox 376 4217 551 4300; x_wconf 83' lang='lat' dir='ltr'><strong>ficorum</strong></span> <span class='ocrx_word' id='word_1_194' title='bbox 601 4225 780 4304; x_wconf 86' lang='lat' dir='ltr'><strong>fratrum</strong></span> <span class='ocrx_word' id='word_1_195' title='bbox 826 4227 1027 4317; x_wconf 87' lang='lat' dir='ltr'><strong>suorum,</strong></span> <span class='ocrx_word' id='word_1_196' title='bbox 1082 4225 1287 4308; x_wconf 79' lang='lat' dir='ltr'><strong>comitum</strong></span> <span class='ocrx_word' id='word_1_197' title='bbox 1324 4229 1468 4304; x_wconf 85' lang='lat' dir='ltr'><strong>Vocaz</strong></span> 
     </span>
    </p>
   </div>
   <div class='ocr_carea' id='block_1_10' title="bbox 0 0 1608 5110">
    <p class='ocr_par' dir='ltr' id='par_1_11' title="bbox 0 0 1608 5110">
     <span class='ocr_line' id='line_1_33' title="bbox 0 0 1608 5110; baseline 0 0"><span class='ocrx_word' id='word_1_198' title='bbox 0 0 1608 5110; x_wconf 95' lang='lat' dir='ltr'><strong> </strong></span> 
     </span>
    </p>
   </div>
  </div>
 </body>
</html>
