<?xml version="1.0" encoding="UTF-8"?>
<!DOCTYPE html PUBLIC "-//W3C//DTD XHTML 1.0 Transitional//EN"
    "http://www.w3.org/TR/xhtml1/DTD/xhtml1-transitional.dtd">
<html xmlns="http://www.w3.org/1999/xhtml" xml:lang="en" lang="en">
 <head>
  <title>
</title>
<meta http-equiv="Content-Type" content="text/html;charset=utf-8" />
  <meta name='ocr-system' content='tesseract 3.04.00' />
  <meta name='ocr-capabilities' content='ocr_page ocr_carea ocr_par ocr_line ocrx_word'/>
</head>
<body>
  <div class='ocr_page' id='page_1' title='image "./actaarchivivene00sergoog_1020.png"; bbox 0 0 3230 5104; ppageno 0'>
   <div class='ocr_carea' id='block_1_1' title="bbox 370 367 541 453">
    <p class='ocr_par' dir='ltr' id='par_1_1' title="bbox 370 367 541 453">
     <span class='ocr_line' id='line_1_1' title="bbox 370 367 541 453; baseline -0.006 0"><span class='ocrx_word' id='word_1_1' title='bbox 370 389 435 453; x_wconf 76' lang='lat' dir='ltr'><strong>ms</strong></span> <span class='ocrx_word' id='word_1_2' title='bbox 535 367 541 384; x_wconf 90' lang='lat'>&#39;</span> 
     </span>
    </p>
   </div>
   <div class='ocr_carea' id='block_1_2' title="bbox 368 587 1467 2232">
    <p class='ocr_par' dir='ltr' id='par_1_2' title="bbox 369 587 1460 816">
     <span class='ocr_line' id='line_1_2' title="bbox 371 587 1460 674; baseline -0.01 -1"><span class='ocrx_word' id='word_1_3' title='bbox 371 603 413 674; x_wconf 81' lang='lat' dir='ltr'><strong>et</strong></span> <span class='ocrx_word' id='word_1_4' title='bbox 440 593 649 670; x_wconf 76' lang='lat' dir='ltr'><strong>honorem</strong></span> <span class='ocrx_word' id='word_1_5' title='bbox 676 613 795 666; x_wconf 85' lang='lat' dir='ltr'><strong>suum</strong></span> <span class='ocrx_word' id='word_1_6' title='bbox 826 594 868 666; x_wconf 84' lang='lat' dir='ltr'><strong>et</strong></span> <span class='ocrx_word' id='word_1_7' title='bbox 896 587 1121 666; x_wconf 82' lang='lat' dir='ltr'><strong>eommo&#39;de</strong></span> <span class='ocrx_word' id='word_1_8' title='bbox 1149 588 1214 665; x_wconf 87' lang='lat' dir='ltr'><strong>sui</strong></span> <span class='ocrx_word' id='word_1_9' title='bbox 1257 593 1387 666; x_wconf 78' lang='lat' dir='ltr'><strong>sistus</strong></span> <span class='ocrx_word' id='word_1_10' title='bbox 1414 597 1460 663; x_wconf 90' lang='lat' dir='ltr'><strong>ut</strong></span> 
     </span>
     <span class='ocr_line' id='line_1_3' title="bbox 369 704 1043 816; baseline -0.004 -27"><span class='ocrx_word' id='word_1_11' title='bbox 369 713 544 816; x_wconf 82' lang='lat' dir='ltr'><strong>proprie</strong></span> <span class='ocrx_word' id='word_1_12' title='bbox 572 717 715 788; x_wconf 78' lang='lat' dir='ltr'><strong>nostra</strong></span> <span class='ocrx_word' id='word_1_13' title='bbox 742 704 1043 786; x_wconf 74' lang='lat' dir='ltr'><strong>desideramus.</strong></span> 
     </span>
    </p>

    <p class='ocr_par' dir='ltr' id='par_1_3' title="bbox 368 828 1467 2232">
     <span class='ocr_line' id='line_1_4' title="bbox 469 828 1459 932; baseline -0.004 -22"><span class='ocrx_word' id='word_1_14' title='bbox 469 834 516 910; x_wconf 92' lang='lat' dir='ltr'><strong>ln</strong></span> <span class='ocrx_word' id='word_1_15' title='bbox 547 831 709 909; x_wconf 79' lang='lat' dir='ltr'><strong>isoio</strong></span> <span class='ocrx_word' id='word_1_16' title='bbox 738 829 861 905; x_wconf 84' lang='lat' dir='ltr'><strong>ioci</strong></span> <span class='ocrx_word' id='word_1_17' title='bbox 890 853 1014 930; x_wconf 89' lang='lat' dir='ltr'><strong>quem</strong></span> <span class='ocrx_word' id='word_1_18' title='bbox 1042 831 1151 932; x_wconf 83' lang='lat' dir='ltr'><strong>petit</strong></span> <span class='ocrx_word' id='word_1_19' title='bbox 1187 828 1267 907; x_wconf 83' lang='lat' dir='ltr'><strong>sibi</strong></span> <span class='ocrx_word' id='word_1_20' title='bbox 1309 851 1459 907; x_wconf 82' lang='lat' dir='ltr'><strong>conoe·</strong></span> 
     </span>
     <span class='ocr_line' id='line_1_5' title="bbox 369 949 1459 1051; baseline -0.005 -20"><span class='ocrx_word' id='word_1_21' title='bbox 369 951 411 1031; x_wconf 91' lang='lat' dir='ltr'><strong>di</strong></span> <span class='ocrx_word' id='word_1_22' title='bbox 437 951 478 1029; x_wconf 92' lang='lat' dir='ltr'><strong>in</strong></span> <span class='ocrx_word' id='word_1_23' title='bbox 507 949 630 1030; x_wconf 87' lang='lat' dir='ltr'><strong>terris</strong></span> <span class='ocrx_word' id='word_1_24' title='bbox 660 949 830 1041; x_wconf 79' lang='lat' dir='ltr'><strong>nostris,</strong></span> <span class='ocrx_word' id='word_1_25' title='bbox 870 973 949 1051; x_wconf 92' lang='lat' dir='ltr'><strong>pro</strong></span> <span class='ocrx_word' id='word_1_26' title='bbox 980 949 1264 1028; x_wconf 67' lang='lat' dir='ltr'><strong>reductdsuo</strong></span> <span class='ocrx_word' id='word_1_27' title='bbox 1294 953 1337 1025; x_wconf 85' lang='lat' dir='ltr'><strong>et</strong></span> <span class='ocrx_word' id='word_1_28' title='bbox 1364 973 1459 1026; x_wconf 88' lang='lat' dir='ltr'><strong>suo·</strong></span> 
     </span>
     <span class='ocr_line' id='line_1_6' title="bbox 369 1067 1462 1174; baseline -0.003 -25"><span class='ocrx_word' id='word_1_29' title='bbox 369 1095 473 1161; x_wconf 82' lang='lat' dir='ltr'><strong>mm,</strong></span> <span class='ocrx_word' id='word_1_30' title='bbox 513 1069 689 1174; x_wconf 89' lang='lat' dir='ltr'><strong>siquod</strong></span> <span class='ocrx_word' id='word_1_31' title='bbox 731 1070 840 1148; x_wconf 82' lang='lat' dir='ltr'><strong>absit</strong></span> <span class='ocrx_word' id='word_1_32' title='bbox 866 1092 970 1170; x_wconf 88' lang='lat' dir='ltr'><strong>per</strong></span> <span class='ocrx_word' id='word_1_33' title='bbox 1019 1067 1275 1148; x_wconf 87' lang='lat' dir='ltr'><strong>Turoum</strong></span> <span class='ocrx_word' id='word_1_34' title='bbox 1314 1068 1462 1170; x_wconf 82' lang='lat' dir='ltr'><strong>pulsus</strong></span> 
     </span>
     <span class='ocr_line' id='line_1_7' title="bbox 368 1187 1462 1290; baseline -0.006 -18"><span class='ocrx_word' id='word_1_35' title='bbox 368 1199 481 1273; x_wconf 84' lang='lat' dir='ltr'><strong>esset</strong></span> <span class='ocrx_word' id='word_1_36' title='bbox 507 1199 550 1270; x_wconf 82' lang='lat' dir='ltr'><strong>ei</strong></span> <span class='ocrx_word' id='word_1_37' title='bbox 578 1195 658 1268; x_wconf 78' lang='lat' dir='ltr'><strong>cei.</strong></span> <span class='ocrx_word' id='word_1_38' title='bbox 686 1189 1025 1290; x_wconf 78' lang='lat' dir='ltr'><strong>Respondemus:</strong></span> <span class='ocrx_word' id='word_1_39' title='bbox 1066 1187 1462 1289; x_wconf 85' lang='lat' dir='ltr'><strong>quodoonfidimus</strong></span> 
     </span>
     <span class='ocr_line' id='line_1_8' title="bbox 371 1308 1461 1418; baseline -0.006 -29"><span class='ocrx_word' id='word_1_40' title='bbox 371 1321 498 1418; x_wconf 86' lang='lat' dir='ltr'><strong>prout</strong></span> <span class='ocrx_word' id='word_1_41' title='bbox 535 1309 715 1388; x_wconf 84' lang='lat' dir='ltr'><strong>diximus</strong></span> <span class='ocrx_word' id='word_1_42' title='bbox 742 1310 782 1388; x_wconf 91' lang='lat' dir='ltr'><strong>in</strong></span> <span class='ocrx_word' id='word_1_43' title='bbox 822 1309 959 1386; x_wconf 83' lang='lat' dir='ltr'><strong>diuino</strong></span> <span class='ocrx_word' id='word_1_44' title='bbox 997 1309 1219 1387; x_wconf 79' lang='lat' dir='ltr'><strong>elementia</strong></span> <span class='ocrx_word' id='word_1_45' title='bbox 1246 1314 1289 1386; x_wconf 84' lang='lat' dir='ltr'><strong>et</strong></span> <span class='ocrx_word' id='word_1_46' title='bbox 1315 1308 1353 1384; x_wconf 91' lang='lat' dir='ltr'><strong>in</strong></span> <span class='ocrx_word' id='word_1_47' title='bbox 1382 1309 1461 1384; x_wconf 87' lang='lat' dir='ltr'><strong>rir-</strong></span> 
     </span>
     <span class='ocr_line' id='line_1_9' title="bbox 369 1429 1462 1533; baseline -0.005 -24"><span class='ocrx_word' id='word_1_48' title='bbox 369 1437 456 1509; x_wconf 82' lang='lat' dir='ltr'><strong>tute</strong></span> <span class='ocrx_word' id='word_1_49' title='bbox 485 1437 527 1509; x_wconf 85' lang='lat' dir='ltr'><strong>et</strong></span> <span class='ocrx_word' id='word_1_50' title='bbox 553 1429 741 1533; x_wconf 80' lang='lat' dir='ltr'><strong>potentin</strong></span> <span class='ocrx_word' id='word_1_51' title='bbox 767 1453 842 1507; x_wconf 84' lang='lat' dir='ltr'><strong>sue</strong></span> <span class='ocrx_word' id='word_1_52' title='bbox 870 1435 914 1507; x_wconf 87' lang='lat' dir='ltr'><strong>et</strong></span> <span class='ocrx_word' id='word_1_53' title='bbox 940 1429 1120 1508; x_wconf 81' lang='lat' dir='ltr'><strong>aliorum</strong></span> <span class='ocrx_word' id='word_1_54' title='bbox 1157 1431 1462 1531; x_wconf 84' lang='lat' dir='ltr'><strong>predictorum,</strong></span> 
     </span>
     <span class='ocr_line' id='line_1_10' title="bbox 372 1551 1464 1657; baseline -0.004 -27"><span class='ocrx_word' id='word_1_55' title='bbox 372 1551 486 1657; x_wconf 91' lang='lat' dir='ltr'><strong>quod</strong></span> <span class='ocrx_word' id='word_1_56' title='bbox 514 1575 635 1630; x_wconf 76' lang='lat' dir='ltr'><strong>ossus</strong></span> <span class='ocrx_word' id='word_1_57' title='bbox 665 1553 744 1630; x_wconf 86' lang='lat' dir='ltr'><strong>iste</strong></span> <span class='ocrx_word' id='word_1_58' title='bbox 772 1575 982 1652; x_wconf 83' lang='lat' dir='ltr'><strong>nunquam</strong></span> <span class='ocrx_word' id='word_1_59' title='bbox 1020 1556 1199 1629; x_wconf 85' lang='lat' dir='ltr'><strong>ooeuret</strong></span> <span class='ocrx_word' id='word_1_60' title='bbox 1225 1607 1235 1629; x_wconf 89' lang='lat'><strong>.</strong></span> <span class='ocrx_word' id='word_1_61' title='bbox 1262 1607 1272 1652; x_wconf 69' lang='lat'><strong><em>,</em></strong></span> <span class='ocrx_word' id='word_1_62' title='bbox 1300 1577 1335 1638; x_wconf 87' lang='lat'><strong>.;</strong></span> <span class='ocrx_word' id='word_1_63' title='bbox 1387 1551 1464 1627; x_wconf 90' lang='lat' dir='ltr'><strong>sed</strong></span> 
     </span>
     <span class='ocr_line' id='line_1_11' title="bbox 370 1670 1465 1774; baseline -0.001 -23"><span class='ocrx_word' id='word_1_64' title='bbox 370 1673 645 1751; x_wconf 85' lang='lat' dir='ltr'><strong>nihilominus</strong></span> <span class='ocrx_word' id='word_1_65' title='bbox 916 1672 1104 1750; x_wconf 80' lang='lat' dir='ltr'><strong>contenti</strong></span> <span class='ocrx_word' id='word_1_66' title='bbox 1143 1670 1319 1763; x_wconf 89' lang='lat' dir='ltr'><strong>erimus,</strong></span> <span class='ocrx_word' id='word_1_67' title='bbox 1346 1673 1465 1774; x_wconf 90' lang='lat' dir='ltr'><strong>quod</strong></span> 
     </span>
     <span class='ocr_line' id='line_1_12' title="bbox 370 1790 1465 1895; baseline -0.003 -25"><span class='ocrx_word' id='word_1_68' title='bbox 370 1815 556 1895; x_wconf 86' lang='lat' dir='ltr'><strong>persone</strong></span> <span class='ocrx_word' id='word_1_69' title='bbox 584 1815 683 1869; x_wconf 79' lang='lat' dir='ltr'><strong>suae</strong></span> <span class='ocrx_word' id='word_1_70' title='bbox 711 1790 951 1869; x_wconf 79' lang='lat' dir='ltr'><strong>serenitatis</strong></span> <span class='ocrx_word' id='word_1_71' title='bbox 984 1813 1080 1869; x_wconf 79' lang='lat' dir='ltr'><strong>enm</strong></span> <span class='ocrx_word' id='word_1_72' title='bbox 1110 1791 1290 1887; x_wconf 81' lang='lat' dir='ltr'><strong>familis,</strong></span> <span class='ocrx_word' id='word_1_73' title='bbox 1334 1793 1465 1870; x_wconf 87' lang='lat' dir='ltr'><strong>rebus</strong></span> 
     </span>
     <span class='ocr_line' id='line_1_13' title="bbox 373 1911 1466 1998; baseline -0.003 -6"><span class='ocrx_word' id='word_1_74' title='bbox 373 1914 565 1992; x_wconf 81' lang='lat' dir='ltr'><strong>ethonis</strong></span> <span class='ocrx_word' id='word_1_75' title='bbox 605 1912 689 1988; x_wconf 88' lang='lat' dir='ltr'><strong>suis</strong></span> <span class='ocrx_word' id='word_1_76' title='bbox 732 1919 776 1988; x_wconf 87' lang='lat' dir='ltr'><strong>et</strong></span> <span class='ocrx_word' id='word_1_77' title='bbox 802 1935 1001 1998; x_wconf 87' lang='lat' dir='ltr'><strong>suorum,</strong></span> <span class='ocrx_word' id='word_1_78' title='bbox 1037 1911 1092 1988; x_wconf 85' lang='lat' dir='ltr'><strong>&#39;ud</strong></span> <span class='ocrx_word' id='word_1_79' title='bbox 1121 1919 1257 1989; x_wconf 82' lang='lat' dir='ltr'><strong>terres</strong></span> <span class='ocrx_word' id='word_1_80' title='bbox 1300 1919 1343 1988; x_wconf 87' lang='lat' dir='ltr'><strong>et</strong></span> <span class='ocrx_word' id='word_1_81' title='bbox 1370 1912 1466 1989; x_wconf 80' lang='lat' dir='ltr'><strong>loen</strong></span> 
     </span>
     <span class='ocr_line' id='line_1_14' title="bbox 372 2030 1466 2137; baseline 0.002 -27"><span class='ocrx_word' id='word_1_82' title='bbox 372 2042 518 2113; x_wconf 78' lang='lat' dir='ltr'><strong>nostre</strong></span> <span class='ocrx_word' id='word_1_83' title='bbox 546 2057 592 2110; x_wconf 90' lang='lat' dir='ltr'><strong>se</strong></span> <span class='ocrx_word' id='word_1_84' title='bbox 621 2030 829 2111; x_wconf 77' lang='lat' dir='ltr'><strong>reducere</strong></span> <span class='ocrx_word' id='word_1_85' title='bbox 856 2031 1008 2135; x_wconf 82' lang='lat' dir='ltr'><strong>possit.</strong></span> <span class='ocrx_word' id='word_1_86' title='bbox 1036 2055 1129 2110; x_wconf 82' lang='lat' dir='ltr'><strong>nom</strong></span> <span class='ocrx_word' id='word_1_87' title='bbox 1170 2055 1341 2137; x_wconf 88' lang='lat' dir='ltr'><strong>semper</strong></span> <span class='ocrx_word' id='word_1_88' title='bbox 1380 2055 1466 2112; x_wconf 80' lang='lat' dir='ltr'><strong>mu·</strong></span> 
     </span>
     <span class='ocr_line' id='line_1_15' title="bbox 374 2149 1467 2232; baseline -0.003 0"><span class='ocrx_word' id='word_1_89' title='bbox 374 2155 565 2232; x_wconf 80' lang='lat' dir='ltr'><strong>iestntem</strong></span> <span class='ocrx_word' id='word_1_90' title='bbox 607 2175 722 2229; x_wconf 84' lang='lat' dir='ltr'><strong>suum</strong></span> <span class='ocrx_word' id='word_1_91' title='bbox 765 2159 806 2229; x_wconf 81' lang='lat' dir='ltr'><strong>ei</strong></span> <span class='ocrx_word' id='word_1_92' title='bbox 846 2176 947 2228; x_wconf 87' lang='lat' dir='ltr'><strong>suos</strong></span> <span class='ocrx_word' id='word_1_93' title='bbox 1003 2153 1088 2229; x_wconf 81' lang='lat' dir='ltr'><strong>leto</strong></span> <span class='ocrx_word' id='word_1_94' title='bbox 1133 2154 1270 2232; x_wconf 82' lang='lat' dir='ltr'><strong>animo</strong></span> <span class='ocrx_word' id='word_1_95' title='bbox 1311 2149 1467 2229; x_wconf 87' lang='lat' dir='ltr'><strong>videbi·</strong></span> 
     </span>
    </p>
   </div>
   <div class='ocr_carea' id='block_1_3' title="bbox 373 2297 1465 2498">
    <p class='ocr_par' dir='ltr' id='par_1_4' title="bbox 373 2297 1465 2498">
     <span class='ocr_line' id='line_1_16' title="bbox 418 2297 668 2349; baseline -0.016 0"><span class='ocrx_word' id='word_1_96' title='bbox 418 2297 466 2349; x_wconf 89' lang='lat' dir='ltr'><strong>us</strong></span> <span class='ocrx_word' id='word_1_97' title='bbox 471 2328 668 2348; x_wconf 93' lang='grc'><strong>......</strong></span> 
     </span>
     <span class='ocr_line' id='line_1_17' title="bbox 373 2297 1465 2498; baseline 0.004 -34"><span class='ocrx_word' id='word_1_98' title='bbox 373 2297 413 2351; x_wconf 76' lang='lat' dir='ltr'><strong>m</strong></span> <span class='ocrx_word' id='word_1_99' title='bbox 477 2389 539 2466; x_wconf 87' lang='lat' dir='ltr'><strong>De</strong></span> <span class='ocrx_word' id='word_1_100' title='bbox 579 2391 727 2498; x_wconf 81' lang='lat' dir='ltr'><strong>bano</strong></span> <span class='ocrx_word' id='word_1_101' title='bbox 764 2389 1274 2478; x_wconf 71' lang='lat' dir='ltr'><strong>Paulo&#39;Cronoie,</strong></span> <span class='ocrx_word' id='word_1_102' title='bbox 1317 2398 1465 2468; x_wconf 77' lang='lat' dir='ltr'><strong>eontra</strong></span> 
     </span>
    </p>
   </div>
   <div class='ocr_carea' id='block_1_4' title="bbox 371 2507 1471 3335">
    <p class='ocr_par' dir='ltr' id='par_1_5' title="bbox 371 2507 1471 3335">
     <span class='ocr_line' id='line_1_18' title="bbox 378 2507 1466 2612; baseline -0.001 -27"><span class='ocrx_word' id='word_1_103' title='bbox 378 2533 502 2612; x_wconf 90' lang='lat' dir='ltr'><strong>quem</strong></span> <span class='ocrx_word' id='word_1_104' title='bbox 545 2509 660 2610; x_wconf 82' lang='lat' dir='ltr'><strong>regie</strong></span> <span class='ocrx_word' id='word_1_105' title='bbox 701 2511 897 2589; x_wconf 73' lang='lat' dir='ltr'><strong>maiestas</strong></span> <span class='ocrx_word' id='word_1_106' title='bbox 937 2533 1130 2610; x_wconf 80' lang='lat' dir='ltr'><strong>guerram</strong></span> <span class='ocrx_word' id='word_1_107' title='bbox 1172 2510 1327 2595; x_wconf 79' lang='lat' dir='ltr'><strong>movit,</strong></span> <span class='ocrx_word' id='word_1_108' title='bbox 1369 2507 1466 2588; x_wconf 87' lang='lat' dir='ltr'><strong>dioi-</strong></span> 
     </span>
     <span class='ocr_line' id='line_1_19' title="bbox 371 2631 1465 2732; baseline 0.001 -23"><span class='ocrx_word' id='word_1_109' title='bbox 371 2655 489 2709; x_wconf 87' lang='lat' dir='ltr'><strong>mus:</strong></span> <span class='ocrx_word' id='word_1_110' title='bbox 524 2631 636 2732; x_wconf 85' lang='lat' dir='ltr'><strong>quod</strong></span> <span class='ocrx_word' id='word_1_111' title='bbox 664 2631 704 2707; x_wconf 93' lang='lat' dir='ltr'><strong>in</strong></span> <span class='ocrx_word' id='word_1_112' title='bbox 748 2631 837 2710; x_wconf 90' lang='lat' dir='ltr'><strong>eius</strong></span> <span class='ocrx_word' id='word_1_113' title='bbox 879 2635 1237 2732; x_wconf 73' lang='lat' dir='ltr'><strong>contemplatione</strong></span> <span class='ocrx_word' id='word_1_114' title='bbox 1267 2632 1324 2710; x_wconf 90' lang='lat' dir='ltr'><strong>ob</strong></span> <span class='ocrx_word' id='word_1_115' title='bbox 1353 2653 1465 2710; x_wconf 79' lang='lat' dir='ltr'><strong>smo-</strong></span> 
     </span>
     <span class='ocr_line' id='line_1_20' title="bbox 373 2750 1466 2857; baseline -0.003 -27"><span class='ocrx_word' id='word_1_116' title='bbox 373 2777 464 2830; x_wconf 90' lang='lat' dir='ltr'><strong>rem</strong></span> <span class='ocrx_word' id='word_1_117' title='bbox 493 2777 617 2855; x_wconf 89' lang='lat' dir='ltr'><strong>quem</strong></span> <span class='ocrx_word' id='word_1_118' title='bbox 648 2753 727 2830; x_wconf 88' lang='lat' dir='ltr'><strong>sibi</strong></span> <span class='ocrx_word' id='word_1_119' title='bbox 755 2755 953 2853; x_wconf 84' lang='lat' dir='ltr'><strong>gerimus,</strong></span> <span class='ocrx_word' id='word_1_120' title='bbox 982 2755 1035 2834; x_wconf 89' lang='lat' dir='ltr'><strong>de</strong></span> <span class='ocrx_word' id='word_1_121' title='bbox 1061 2756 1154 2857; x_wconf 89' lang='lat' dir='ltr'><strong>ipso</strong></span> <span class='ocrx_word' id='word_1_122' title='bbox 1196 2750 1303 2830; x_wconf 85' lang='lat' dir='ltr'><strong>beno</strong></span> <span class='ocrx_word' id='word_1_123' title='bbox 1334 2759 1378 2830; x_wconf 92' lang='lat' dir='ltr'><strong>et</strong></span> <span class='ocrx_word' id='word_1_124' title='bbox 1407 2753 1466 2827; x_wconf 85' lang='lat' dir='ltr'><strong>io·</strong></span> 
     </span>
     <span class='ocr_line' id='line_1_21' title="bbox 375 2871 1469 2977; baseline -0.005 -21"><span class='ocrx_word' id='word_1_125' title='bbox 375 2875 435 2956; x_wconf 85' lang='lat' dir='ltr'><strong>eis</strong></span> <span class='ocrx_word' id='word_1_126' title='bbox 462 2875 548 2952; x_wconf 89' lang='lat' dir='ltr'><strong>suis</strong></span> <span class='ocrx_word' id='word_1_127' title='bbox 573 2897 653 2950; x_wconf 90' lang='lat' dir='ltr'><strong>nos</strong></span> <span class='ocrx_word' id='word_1_128' title='bbox 681 2897 765 2951; x_wconf 93' lang='lat' dir='ltr'><strong>non</strong></span> <span class='ocrx_word' id='word_1_129' title='bbox 803 2871 1122 2977; x_wconf 84' lang='lat' dir='ltr'><strong>impedivimus,</strong></span> <span class='ocrx_word' id='word_1_130' title='bbox 1163 2897 1242 2952; x_wconf 88' lang='lat' dir='ltr'><strong>nec</strong></span> <span class='ocrx_word' id='word_1_131' title='bbox 1269 2873 1469 2951; x_wconf 82' lang='lat' dir='ltr'><strong>uolumus</strong></span> 
     </span>
     <span class='ocr_line' id='line_1_22' title="bbox 374 2991 1467 3096; baseline -0.005 -23"><span class='ocrx_word' id='word_1_132' title='bbox 374 2991 594 3096; x_wconf 90' lang='lat' dir='ltr'><strong>impedire,</strong></span> <span class='ocrx_word' id='word_1_133' title='bbox 621 2993 694 3071; x_wconf 90' lang='lat' dir='ltr'><strong>sed</strong></span> <span class='ocrx_word' id='word_1_134' title='bbox 722 2993 859 3069; x_wconf 82' lang='lat' dir='ltr'><strong>solum</strong></span> <span class='ocrx_word' id='word_1_135' title='bbox 888 2991 941 3070; x_wconf 92' lang='lat' dir='ltr'><strong>de</strong></span> <span class='ocrx_word' id='word_1_136' title='bbox 970 2991 1132 3070; x_wconf 89' lang='lat' dir='ltr'><strong>dnobus</strong></span> <span class='ocrx_word' id='word_1_137' title='bbox 1162 2992 1294 3078; x_wconf 85' lang='lat' dir='ltr'><strong>loeis,</strong></span> <span class='ocrx_word' id='word_1_138' title='bbox 1320 2991 1467 3070; x_wconf 78' lang='lat' dir='ltr'><strong>videli-</strong></span> 
     </span>
     <span class='ocr_line' id='line_1_23' title="bbox 376 3105 1467 3218; baseline -0.002 -26"><span class='ocrx_word' id='word_1_139' title='bbox 376 3121 447 3192; x_wconf 84' lang='lat' dir='ltr'><strong>eet</strong></span> <span class='ocrx_word' id='word_1_140' title='bbox 481 3105 547 3192; x_wconf 87' lang='lat' dir='ltr'><strong>de</strong></span> <span class='ocrx_word' id='word_1_141' title='bbox 590 3111 941 3200; x_wconf 82' lang='lat' dir='ltr'><strong>Ostrovizn‚</strong></span> <span class='ocrx_word' id='word_1_142' title='bbox 982 3137 1090 3218; x_wconf 78' lang='lat' dir='ltr'><strong>quae</strong></span> <span class='ocrx_word' id='word_1_143' title='bbox 1117 3123 1162 3190; x_wconf 91' lang='lat' dir='ltr'><strong>ut</strong></span> <span class='ocrx_word' id='word_1_144' title='bbox 1202 3112 1467 3192; x_wconf 75' lang='lat' dir='ltr'><strong>notissimum</strong></span> 
     </span>
     <span class='ocr_line' id='line_1_24' title="bbox 375 3227 1471 3335; baseline -0.002 -23"><span class='ocrx_word' id='word_1_145' title='bbox 375 3243 439 3312; x_wconf 85' lang='lat' dir='ltr'><strong>ost</strong></span> <span class='ocrx_word' id='word_1_146' title='bbox 464 3227 565 3310; x_wconf 61' lang='lat' dir='ltr'><strong>mins</strong></span> <span class='ocrx_word' id='word_1_147' title='bbox 592 3237 738 3310; x_wconf 81' lang='lat' dir='ltr'><strong>nostra</strong></span> <span class='ocrx_word' id='word_1_148' title='bbox 767 3231 863 3324; x_wconf 79' lang='lat' dir='ltr'><strong>fuit,</strong></span> <span class='ocrx_word' id='word_1_149' title='bbox 892 3240 934 3310; x_wconf 85' lang='lat' dir='ltr'><strong>et</strong></span> <span class='ocrx_word' id='word_1_150' title='bbox 962 3232 1001 3308; x_wconf 91' lang='lat' dir='ltr'><strong>in</strong></span> <span class='ocrx_word' id='word_1_151' title='bbox 1030 3257 1079 3311; x_wconf 84' lang='lat' dir='ltr'><strong>ea</strong></span> <span class='ocrx_word' id='word_1_152' title='bbox 1106 3232 1170 3309; x_wconf 87' lang='lat' dir='ltr'><strong>ius</strong></span> <span class='ocrx_word' id='word_1_153' title='bbox 1199 3233 1369 3335; x_wconf 86' lang='lat' dir='ltr'><strong>plenum</strong></span> <span class='ocrx_word' id='word_1_154' title='bbox 1399 3233 1471 3310; x_wconf 80' lang='lat' dir='ltr'><strong>ha·</strong></span> 
     </span>
    </p>
   </div>
   <div class='ocr_carea' id='block_1_5' title="bbox 373 3351 1474 3456">
    <p class='ocr_par' dir='ltr' id='par_1_6' title="bbox 373 3351 1474 3456">
     <span class='ocr_line' id='line_1_25' title="bbox 373 3351 1474 3456; baseline -0.001 -28"><span class='ocrx_word' id='word_1_155' title='bbox 373 3353 476 3433; x_wconf 89' lang='lat' dir='ltr'><strong>bere</strong></span> <span class='ocrx_word' id='word_1_156' title='bbox 503 3351 804 3456; x_wconf 87' lang='lat' dir='ltr'><strong>pretendimus,</strong></span> <span class='ocrx_word' id='word_1_157' title='bbox 834 3360 877 3430; x_wconf 83' lang='lat' dir='ltr'><strong>et</strong></span> <span class='ocrx_word' id='word_1_158' title='bbox 902 3355 967 3432; x_wconf 90' lang='lat' dir='ltr'><strong>de</strong></span> <span class='ocrx_word' id='word_1_159' title='bbox 1009 3351 1069 3431; x_wconf 80' lang='grc'><strong>01</strong></span> <span class='ocrx_word' id='word_1_160' title='bbox 1086 3352 1100 3428; x_wconf 94' lang='lat' dir='ltr'><strong>i</strong></span> <span class='ocrx_word' id='word_1_161' title='bbox 1115 3379 1134 3429; x_wconf 92' lang='lat' dir='ltr'><strong>s</strong></span> <span class='ocrx_word' id='word_1_162' title='bbox 1149 3377 1168 3430; x_wconf 88' lang='lat' dir='ltr'><strong>s</strong></span> <span class='ocrx_word' id='word_1_163' title='bbox 1184 3375 1231 3438; x_wconf 84' lang='lat' dir='ltr'><strong>a,</strong></span> <span class='ocrx_word' id='word_1_164' title='bbox 1274 3377 1383 3453; x_wconf 79' lang='lat' dir='ltr'><strong>quae</strong></span> <span class='ocrx_word' id='word_1_165' title='bbox 1414 3352 1474 3428; x_wconf 78' lang='lat' dir='ltr'><strong>fu·</strong></span> 
     </span>
    </p>
   </div>
   <div class='ocr_carea' id='block_1_6' title="bbox 370 3471 1472 4298">
    <p class='ocr_par' dir='ltr' id='par_1_7' title="bbox 373 3471 1472 4038">
     <span class='ocr_line' id='line_1_26' title="bbox 373 3471 1471 3576; baseline 0 -24"><span class='ocrx_word' id='word_1_166' title='bbox 373 3475 471 3553; x_wconf 83' lang='lat' dir='ltr'><strong>itin</strong></span> <span class='ocrx_word' id='word_1_167' title='bbox 499 3471 772 3576; x_wconf 79' lang='lat' dir='ltr'><strong>protectione</strong></span> <span class='ocrx_word' id='word_1_168' title='bbox 807 3476 948 3550; x_wconf 84' lang='lat' dir='ltr'><strong>nostru</strong></span> <span class='ocrx_word' id='word_1_169' title='bbox 976 3479 1019 3550; x_wconf 87' lang='lat' dir='ltr'><strong>et</strong></span> <span class='ocrx_word' id='word_1_170' title='bbox 1048 3471 1333 3551; x_wconf 81' lang='lat' dir='ltr'><strong>recomendeii</strong></span> <span class='ocrx_word' id='word_1_171' title='bbox 1375 3497 1471 3552; x_wconf 88' lang='lat' dir='ltr'><strong>nos·</strong></span> 
     </span>
     <span class='ocr_line' id='line_1_27' title="bbox 377 3591 1472 3692; baseline -0.005 -18"><span class='ocrx_word' id='word_1_172' title='bbox 377 3593 443 3687; x_wconf 83' lang='lat' dir='ltr'><strong>tri,</strong></span> <span class='ocrx_word' id='word_1_173' title='bbox 472 3591 659 3672; x_wconf 88' lang='lat' dir='ltr'><strong>dicimus:</strong></span> <span class='ocrx_word' id='word_1_174' title='bbox 687 3613 883 3692; x_wconf 80' lang='lat' dir='ltr'><strong>rogamus</strong></span> <span class='ocrx_word' id='word_1_175' title='bbox 912 3592 1208 3672; x_wconf 77' lang='lat' dir='ltr'><strong>excellentiam</strong></span> <span class='ocrx_word' id='word_1_176' title='bbox 1239 3615 1382 3682; x_wconf 79' lang='lat' dir='ltr'><strong>suam,</strong></span> <span class='ocrx_word' id='word_1_177' title='bbox 1428 3599 1472 3671; x_wconf 89' lang='lat' dir='ltr'><strong>ut</strong></span> 
     </span>
     <span class='ocr_line' id='line_1_28' title="bbox 374 3713 1467 3818; baseline -0.001 -24"><span class='ocrx_word' id='word_1_178' title='bbox 374 3739 454 3818; x_wconf 92' lang='lat' dir='ltr'><strong>pro</strong></span> <span class='ocrx_word' id='word_1_179' title='bbox 484 3715 647 3792; x_wconf 88' lang='lat' dir='ltr'><strong>honore</strong></span> <span class='ocrx_word' id='word_1_180' title='bbox 674 3717 823 3791; x_wconf 81' lang='lat' dir='ltr'><strong>nosiro</strong></span> <span class='ocrx_word' id='word_1_181' title='bbox 851 3713 996 3793; x_wconf 91' lang='lat' dir='ltr'><strong>dehis</strong></span> <span class='ocrx_word' id='word_1_182' title='bbox 1024 3713 1172 3792; x_wconf 85' lang='lat' dir='ltr'><strong>duobis</strong></span> <span class='ocrx_word' id='word_1_183' title='bbox 1201 3714 1308 3794; x_wconf 85' lang='lat' dir='ltr'><strong>iocis</strong></span> <span class='ocrx_word' id='word_1_184' title='bbox 1332 3715 1467 3793; x_wconf 90' lang='lat' dir='ltr'><strong>seim·</strong></span> 
     </span>
     <span class='ocr_line' id='line_1_29' title="bbox 375 3832 1469 3942; baseline -0.003 -28"><span class='ocrx_word' id='word_1_185' title='bbox 375 3835 525 3942; x_wconf 86' lang='lat' dir='ltr'><strong>pedire</strong></span> <span class='ocrx_word' id='word_1_186' title='bbox 554 3858 635 3912; x_wconf 93' lang='lat' dir='ltr'><strong>non</strong></span> <span class='ocrx_word' id='word_1_187' title='bbox 675 3833 799 3922; x_wconf 85' lang='lat' dir='ltr'><strong>velit,</strong></span> <span class='ocrx_word' id='word_1_188' title='bbox 839 3834 891 3912; x_wconf 92' lang='lat' dir='ltr'><strong>de</strong></span> <span class='ocrx_word' id='word_1_189' title='bbox 928 3832 1020 3915; x_wconf 82' lang='lat' dir='ltr'><strong>aliis</strong></span> <span class='ocrx_word' id='word_1_190' title='bbox 1060 3857 1163 3913; x_wconf 87' lang='lat' dir='ltr'><strong>vero</strong></span> <span class='ocrx_word' id='word_1_191' title='bbox 1193 3835 1316 3913; x_wconf 74' lang='lat' dir='ltr'><strong>iscis!</strong></span> <span class='ocrx_word' id='word_1_192' title='bbox 1356 3845 1401 3914; x_wconf 87' lang='lat' dir='ltr'><strong>ut</strong></span> <span class='ocrx_word' id='word_1_193' title='bbox 1430 3837 1469 3914; x_wconf 91' lang='lat' dir='ltr'><strong>ei</strong></span> 
     </span>
     <span class='ocr_line' id='line_1_30' title="bbox 376 3957 491 4038; baseline -0.026 -2"><span class='ocrx_word' id='word_1_194' title='bbox 376 3957 491 4038; x_wconf 82' lang='lat' dir='ltr'><strong>libet.</strong></span> 
     </span>
    </p>

    <p class='ocr_par' dir='ltr' id='par_1_8' title="bbox 370 4074 1467 4298">
     <span class='ocr_line' id='line_1_31' title="bbox 476 4074 1465 4178; baseline 0 -22"><span class='ocrx_word' id='word_1_195' title='bbox 476 4077 676 4156; x_wconf 84' lang='lat' dir='ltr'><strong>Pretereo</strong></span> <span class='ocrx_word' id='word_1_196' title='bbox 703 4075 819 4155; x_wconf 78' lang='lat' dir='ltr'><strong>iuxta</strong></span> <span class='ocrx_word' id='word_1_197' title='bbox 848 4074 1164 4178; x_wconf 85' lang='lat' dir='ltr'><strong>requisitionem</strong></span> <span class='ocrx_word' id='word_1_198' title='bbox 1193 4077 1380 4156; x_wconf 87' lang='lat' dir='ltr'><strong>eiusdem</strong></span> <span class='ocrx_word' id='word_1_199' title='bbox 1405 4103 1465 4156; x_wconf 88' lang='lat' dir='ltr'><strong>se·</strong></span> 
     </span>
     <span class='ocr_line' id='line_1_32' title="bbox 370 4193 1467 4298; baseline 0 -24"><span class='ocrx_word' id='word_1_200' title='bbox 370 4196 582 4292; x_wconf 31' lang='lat' dir='ltr'><strong>,renissimi</strong></span> <span class='ocrx_word' id='word_1_201' title='bbox 608 4193 736 4294; x_wconf 80' lang='lat' dir='ltr'><strong>regis,</strong></span> <span class='ocrx_word' id='word_1_202' title='bbox 753 4219 897 4274; x_wconf 84' lang='lat' dir='ltr'><strong>sumus</strong></span> <span class='ocrx_word' id='word_1_203' title='bbox 913 4193 1022 4274; x_wconf 90' lang='lat' dir='ltr'><strong>bene</strong></span> <span class='ocrx_word' id='word_1_204' title='bbox 1038 4195 1227 4276; x_wconf 70' lang='lat' dir='ltr'><strong>contendi</strong></span> <span class='ocrx_word' id='word_1_205' title='bbox 1254 4219 1336 4298; x_wconf 92' lang='lat' dir='ltr'><strong>per</strong></span> <span class='ocrx_word' id='word_1_206' title='bbox 1364 4195 1467 4276; x_wconf 75' lang='lat' dir='ltr'><strong>lino·</strong></span> 
     </span>
    </p>
   </div>
   <div class='ocr_carea' id='block_1_7' title="bbox 1586 4326 1596 4411">
    <p class='ocr_par' dir='ltr' id='par_1_9' title="bbox 1586 4326 1596 4411">
     <span class='ocr_line' id='line_1_33' title="bbox 1586 4326 1596 4411; baseline 0 0"><span class='ocrx_word' id='word_1_207' title='bbox 1586 4326 1596 4411; x_wconf 85' lang='lat' dir='ltr'><strong>i</strong></span> 
     </span>
    </p>
   </div>
   <div class='ocr_carea' id='block_1_8' title="bbox 0 0 1629 5104">
    <p class='ocr_par' dir='ltr' id='par_1_10' title="bbox 0 0 1629 5104">
     <span class='ocr_line' id='line_1_34' title="bbox 0 0 1629 5104; baseline 0 0"><span class='ocrx_word' id='word_1_208' title='bbox 0 0 1629 5104; x_wconf 95' lang='lat' dir='ltr'><strong> </strong></span> 
     </span>
    </p>
   </div>
  </div>
 </body>
</html>
