3220 5118
343 363 408 430 tit

510 546 851 650 ccxcvm.
881 571 992 646 mo.
1020 573 1084 647 a.
1108 515 1275 646 arni
1317 588 1320 596 ,

388 729 568 835 Oaroeoon
590 776 777 835 uocaaanay
800 760 1023 836 itoropcaon
1046 735 1168 837 raayire
1193 780 1232 820 ce
1255 746 1386 820 Smne.

447 925 593 1031 Capta.
646 928 766 1028 Quod
795 929 865 1008 isti
893 930 1175 1009 amhaas'otori
1205 939 1248 1010 et
1275 928 1441 1012 cancei-

345 1046 452 1127 iario
483 1049 879 1130 comunitati's
919 1047 1105 1128 Catari
1132 1052 1444 1154 respondeatur
1578 1105 1583 1120 .

344 1170 385 1248 in
412 1168 493 1248 hac
521 1170 670 1249 iorma:
937 1257 939 1262 ,

446 1291 566 1392 Quod
593 1289 824 1370 audivimus
851 1289 1033 1394 capitula
1061 1315 1169 1394 quae
1190 1289 1315 1369 nobis
1343 1313 1441 1393 por·

345 1409 467 1498 rexit,
483 1434 562 1513 pro
579 1417 698 1512 parte
715 1410 983 1489 comunitatis
1013 1410 1141 1491 Cata
1154 1435 1175 1488 r
1187 1410 1210 1498 i,
1239 1434 1318 1514 per
1333 1433 1443 1511 quae

344 1530 525 1634 capitula
553 1531 690 1633 ample
718 1529 1139 1635 comprehendimus,
1168 1529 1269 1632 quid
1295 1533 1444 1633 petunt
1580 1533 1585 1620 i

343 1657 542 1728 anostro
572 1650 780 1740 dominio;
815 1650 1218 1756 comprehendimus
1247 1648 1445 1727 similiter

346 1772 498 1850 bonam
526 1771 805 1852 intentionem
835 1783 877 1850 et
899 1775 1161 1854 'voluntatem
1207 1770 1441 1850 comunitn·
1582 1807 1585 1852 4

347 1893 397 1970 tie
423 1893 681 1998 praedictae,
711 1894 1004 1976 adcommoda
1033 1901 1075 1972 et
1088 1893 1278 1974 honores
1306 1890 1444 1970 nostri

344 2011 527 2099 dominii,
562 2023 603 2093 et
630 2013 684 2094 ad
711 2017 872 2093 ruinam
889 2021 932 2092 et
958 2010 1293 2094 destructionem
1332 2009 1445 2090 iilius

342 2133 586 2234 nequissimi
614 2135 848 2238 proditoris
875 2133 909 2210 B
926 2159 948 2212 a
965 2135 977 2210 i
992 2161 1012 2212 s
1027 2157 1050 2211 a
1065 2163 1088 2210 e
1118 2131 1444 2222 Strazi'm'iru

343 2259 386 2330 et
413 2256 695 2354 regratiamur
735 2256 874 2335 dictae
917 2257 1162 2334 comunitati
1203 2255 1257 2332 de
1290 2275 1442 2332 eorum
1581 2305 1585 2352 4

342 2371 452 2452 bona
480 2373 713 2454 intentione
729 2381 773 2453 et
795 2375 1087 2481 dispositione
1115 2376 1187 2452 sed
1218 2377 1314 2478 quia
1343 2397 1442 2452 con·

336 2499 456 2574 tenta
493 2493 532 2572 in
561 2495 683 2576 dictis
726 2497 918 2600 capitulis
960 2507 1055 2578 sunt
1082 2496 1443 2598 moguae‘impor:

343 2617 495 2696 tantiae
523 2627 565 2696 et
593 2620 720 2698 etiam
766 2618 971 2723 requirit,
1011 2625 1057 2696 ut
1085 2617 1225 2698 omnia
1252 2616 1353 2698 flant
1378 2640 1442 2692 se·

343 2741 475 2825 crete,
503 2743 546 2815 et
573 2737 752 2816 maxime
790 2763 924 2842 usque
965 2739 1074 2818 diem
1116 2736 1294 2814 xis-tam
1336 2733 1439 2838 Sep·

342 2855 519 2934 tembris
546 2858 743 2960 proximi,
771 2867 916 2963 potest
942 2864 993 2940 ad
1022 2858 1184 2938 libitum
1212 2867 1332 2934 suum
1361 2854 1438 2934 Ca·

342 2983 479 3053 tarum
507 2976 687 3067 reverti,
716 2989 760 3057 et
786 2976 941 3058 dictam
970 2965 1273 3058 comoditatem
1301 2974 1439 3054 nostri

340 3101 462 3200 parte
503 3095 693 3192 hortari,
734 3105 780 3176 ut
820 3099 921 3177 veiit
961 3121 1241 3202 perseverare
1277 3095 1318 3172 in
1359 3093 1442 3173 hac

340 3241 413 3296 aua
443 3216 554 3295 bona
581 3219 812 3304 voluntate,
841 3229 884 3300 et
912 3219 1068 3307 dicere,
1092 3221 1204 3324 quod
1233 3213 1437 3318 disposui-

342 3362 432 3414 mus
476 3362 602 3416 unum
642 3363 695 3415 ex
737 3343 897 3421 nostris
940 3342 1109 3419 mittere
1151 3339 1201 3416 ad
1242 3343 1439 3416 rectores

341 3457 747 3539 nostrosdictarum
785 3461 992 3561 partium,
1030 3469 1073 3538 et
1100 3484 1176 3538 eos
1204 3459 1438 3536 informare

340 3573 394 3652 de
421 3575 655 3656 intentione
691 3585 836 3656 nostra
876 3580 1157 3683 superiectis
1195 3574 1436 3680 praedictis,

342 3695 414 3796 qui
452 3705 647 3778 rectores
687 3699 824 3778 nostri
866 3701 982 3780 circa
1025 3697 1295 3780 occurrentia
1336 3717 1434 3774 cum

340 3813 451 3894 dicta
480 3819 736 3902 comunitate
764 3819 1059 3924 providebunt,
1089 3819 1140 3900 ad
1169 3841 1353 3920 eaquae
1379 3813 1437 3890 vi·

341 3937 551 4015 debuntur
585 3950 824 4042 opportuna
854 3949 896 4020 et
923 3943 1165 4021 necessaria
1194 3939 1244 4013 ad
1272 3935 1434 4012 ruinam

342 4061 384 4132 et
413 4055 744 4139 destructionem
773 4062 807 4138 B
825 4087 848 4140 a
863 4063 875 4138 Ι
891 4087 910 4137 s
927 4085 948 4136 a
964 4087 987 4139 e
1016 4059 1234 4166 praedicti.

400 4271 406 4302 1
443 4176 524 4258 Alii
551 4183 700 4261 volunt
728 4169 1049 4286 respondeatur:
1078 4241 1088 4261 .
1115 4235 1125 4256 .
1234 4180 1285 4257 ad
1297 4171 1432 4280 requi·

341 4297 421 4378 sita
450 4307 528 4406 pe'r
554 4301 709 4382 dictam
747 4304 1045 4383 comunitatem
1073 4301 1280 4390 dicimus,
1318 4298 1433 4402 quod
