3226 5112
370 381 447 448 258

380 641 382 646 ,
530 583 836 687 CGGXOll.
880 605 992 681 mec.
1030 590 1097 680 25‘.
1136 601 1315 696 curri,

701 723 754 798 io
796 721 1141 802 srebrnicc

405 923 558 982 Creoarra
581 933 726 992 peccora
749 915 973 994 paruourauis
997 935 1059 976 cuo
1081 891 1275 996 noroplyeuls
1297 938 1440 996 prosopa

377 1045 471 1102 rupo,
495 1039 734 1084 cosmo-reiron.
758 1021 881 1098 mouchy
904 1023 1095 1079 Mser-asso
1119 1023 1230 1099 lyopba
1253 1027 1471 1099 Bpansosula

609 1144 713 1202 yuue
739 1141 864 1183 ucrorr.
887 1139 1030 1197 peccora
1055 1125 1239 1202 decsors.

479 1309 710 1391 llotilicalio
744 1311 862 1414 pacis
890 1317 933 1390 et
959 1311 1294 1390 declarationum
1328 1338 1473 1418 supro·

246 1533 251 1540 Ι
381 1437 649 1540 scriptorum,
678 1432 788 1512 focio
816 1458 895 1536 per
921 1433 1134 1512 dominum
1164 1433 1299 1514 stef
1309 1461 1330 1514 a
1345 1462 1371 1512 u
1386 1464 1413 1514 u
1429 1461 1473 1514 m

381 1559 697 1655 despotum
737 1551 957 1630 llossie.

362 1743 365 1750 .
480 1673 763 1754 Stel‘onus
798 1673 1117 1773 deigratia
1153 1673 1473 1756 Rossiede·

380 1805 616 1901 epotus,
651 1793 990 1872 eldominus
1019 1793 1232 1875 Servie
1261 1805 1341 1876 etc.
1384 1801 1472 1877 Με-

376 1916 512 1993 morio
541 1913 910 2012 commendemus,
953 1939 1003 1996 oc
1029 1915 1289 2018 presentium
1317 1921 1473 1996 tenore

377 2037 678 2136 significemus,
720 2033 871 2138 quibus
900 2037 1072 2138 expedit
1097 2037 1318 2116 universis.
1347 2038 1472 2136 Quod

378 2159 532 2238 dudum
560 2157 800 2257 vigentibus
828 2156 993 2256 guerris
1020 2157 1248 2237 discordiis
1288 2157 1390 2235 rixis
1427 2163 1474 2236 et

375 2279 621 2359 differentiis
658 2281 875 2357 internos
916 2281 961 2354 et
998 2277 1263 2377 magnificum
1303 2278 1474 2360 Geor-

376 2397 1470 2500 giumquoudumVulchiBrsulrene·
1598 2391 1599 2396 ¹

375 2525 574 2624 potem
610 2543 673 2597 oc
710 2517 901 2596 lilium
937 2522 1200 2596 nostrum
1236 2519 1474 2598 carissi·

376 2663 526 2733 mum,
566 2644 822 2742 nostrosque
850 2638 1085 2744 complices
1113 2641 1367 2719 adherentes
1408 2667 1473 2718 se·
1597 2655 1598 2664 ‘

262 2789 266 2799 ·
378 2781 535 2862 quoces
564 2757 754 2838 subditos
779 2780 830 2838 oc
859 2759 1117 2843 recomissos
1144 2781 1199 2836 ex
1226 2763 1348 2861 perte
1376 2785 1473 2850 uno,

378 2884 421 2956 et
435 2879 763 2957 illustrissimum
778 2879 1014 2982 principem
1030 2883 1074 2954 et
1087 2875 1301 2956 domiuum
1321 2879 1472 2960 Fron·

378 3001 579 3080 ciscum
608 2999 834 3080 Foscari
862 2999 932 3078 dei
958 2999 1093 3100 gratio
1121 2999 1272 3079 ducem
1299 3001 1472 3081 Veneti·

377 3145 520 3214 orum,
563 3145 767 3222 suumque
808 3119 957 3198 ducale
998 3119 1231 3198 dominium
1270 3144 1352 3200 nec
1384 3143 1472 3200 oou

379 3266 482 3319 suos
509 3240 743 3344 complices
772 3237 1026 3318 sdhcrsutes
1053 3263 1260 3343 sequaces
1279 3243 1472 3320 subditos

294 3417 299 3426 ·
379 3367 423 3441 et
462 3361 724 3438 recomissos
774 3383 827 3436 ex
867 3366 989 3464 parte
1030 3359 1172 3449 allero,
1212 3358 1472 3464 inpartibus

377 3481 629 3565 Albanis
656 3503 730 3560 scu
760 3479 987 3559 Zentlre
1017 3485 1098 3560 etc.
1139 3479 1307 3560 demum
1335 3483 1470 3584 prela·

379 3611 445 3682 lus
470 3599 715 3702 magnificus
743 3599 951 3700 Georgius
988 3601 1092 3703 vico¹
1123 3605 1168 3680 et
1207 3601 1246 3678 in
1288 3625 1471 3704 persono

378 3751 428 3804 oc
455 3724 697 3802 nominibus
725 3727 875 3802 nostro
890 3748 942 3802 ac
955 3747 1033 3800 suo
1049 3723 1238 3828 proprio,
1252 3724 1472 3825 proiicovil

381 3847 483 3926 lecit
508 3844 752 3948 composuit
780 3843 1064 3926 elcouclusil
1096 3844 1262 3922 lirmurn
1291 3869 1469 3926 concor-

380 3970 492 4046 dium
534 3991 584 4044 ac
622 3972 872 4072 perpetuom
911 3993 1075 4071 pacem,
1117 3991 1211 4046 cum
1251 3965 1470 4068 spectabili

381 4096 425 4168 et
450 4087 626 4188 egregio
655 4087 789 4166 milite
811 4087 980 4190 domiuo
1009 4085 1304 4165 Francisco
1333 4085 1469 4164 Bem-

383 4206 459 4299 bo,
487 4215 585 4284 tunc
613 4231 692 4310 pro
721 4205 835 4286 dicto
850 4207 1122 4286 Venellorum
1140 4204 1327 4284 dominio
1351 4227 1469 4304 geue·
