3234 5116
356 437 400 510 π
510 393 514 400 ,

358 676 480 756 quiam
522 677 575 731 ex
600 659 722 757 parte
762 657 907 732 nostra
946 655 1267 756 procuravimus
1295 655 1445 734 amicu-

357 769 495 850 biliter
534 795 804 852 conservare.
858 773 944 852 Sed
981 773 1313 854 considerantes·
1332 776 1448 854 novi·

357 897 463 970 tates
490 897 540 968 et
560 893 889 996 oppressiones,
931 919 1033 996 quas
1074 917 1149 975 sua
1191 895 1449 976 excellentia

359 1019 509 1090 contra
537 1013 634 1116 loca
674 1019 717 1090 et
742 1013 932 1094 subditos
973 1019 1145 1096 nostros
1174 1016 1353 1120 partium
1380 1014 1449 1094 Al·

357 1129 509 1208 baniae
534 1134 751 1211 attentavit
777 1141 820 1212 et
846 1134 966 1224 lecit,
994 1156 1079 1214 non
1107 1156 1257 1238 parum
1289 1133 1447 1216 condo·

358 1249 508 1326 luimus
548 1258 591 1330 et
634 1253 852 1340 dolemus,
894 1263 1202 1355 cognoscentes
1243 1261 1445 1362 anostro
1549 1275 1554 1285 ·
1597 1261 1598 1292 ¹

357 1369 543 1450 dominio
561 1371 731 1460 *nullam
755 1397 924 1456 causam
951 1377 1208 1479 processisse,
1239 1376 1295 1456 ob
1322 1397 1446 1479 quam

357 1490 534 1568 deberet
573 1491 625 1568 ad
653 1493 755 1572 tales
782 1497 989 1574 novitates
1018 1503 1061 1574 et
1087 1506 1207 1577 actus
1235 1495 1443 1600 procede-

202 1701 204 1712 Α
327 1635 433 1708 .re;
477 1615 519 1689 ct
541 1613 806 1716 speravimus
834 1617 950 1718 quod
990 1615 1342 1721 permissionem
1380 1615 1445 1691 sui

358 1730 689 1830 ambassiatoris,
718 1759 842 1838 quem
870 1735 920 1810 ad
947 1736 1229 1839 praesentiam
1256 1741 1444 1814 nostram

358 1854 596 1945 destinavit,
623 1879 772 1932 omnes
800 1855 1040 1958 praedictae
1067 1855 1279 1936 novitates
1316 1863 1360 1934 et
1386 1856 1443 1952 di·

359 1975 577 2052 sensiones
605 1973 830 2052 reformari
846 1974 1062 2054 deberent.
1091 1972 1176 2052 Sed
1202 1973 1373 2056 delectu
1402 1975 1444 2052 li·

356 2094 556 2187 bertatis,
580 2119 709 2198 'quam
738 2096 793 2173 ad
817 2119 867 2176 ea
895 2119 1003 2199 quae
1029 2095 1332 2200 proposuimus
1360 2096 1442 2174 dio·

357 2221 401 2292 to
423 2213 722 2294 'ambassiatori
750 2215 856 2294 dixit
880 2237 974 2292 non*
990 2215 1171 2306 habere,
1199 2239 1285 2294 non
1312 2217 1444 2319 potui·

355 2361 446 2414 mus
473 2336 525 2415 ad
553 2359 701 2438 pacem
731 2342 774 2412 et
802 2337 1080 2416 concordium
1108 2361 1253 2416 secum
1281 2336 1441 2427 venire,

211 2455 214 2458 ’
354 2455 464 2536 sicut
502 2479 646 2534 sumus
671 2457 905 2535 certissimi
949 2480 1065 2536 suam
1093 2451 1443 2538 excellentIama
1597 2533 1598 2572 ,

355 2572 469 2655 dioto
509 2601 606 2656 suo.
641 2568 944 2658 ambassiatore
985 2579 1113 2660 luisse
1150 2579 1443 2659 informatam.
1597 2579 1598 2610 ³

353 2695 407 2778 lit
432 2707 664 2800 propterea
705 2697 1039 2780 deliberavimus
1080 2700 1131 2778 ad
1159 2701 1441 2804 praesentiam
1597 2757 1598 2760 κ

354 2839 471 2896 suam
515 2826 558 2897 te
584 2822 752 2900 mittere
793 2819 834 2899 in
862 2825 1054 2900 nostrum
1075 2819 1441 2912 ambassiatorem,
1597 2845 1598 2902 ς

354 2951 400 3017 ut
425 2939 635 3042 pro-bona
663 2939 988 3021 conservatione
1015 2942 1135 3046 pacis
1162 2947 1205 3018 et
1230 2940 1440 3020 amicitiae

354 3061 466 3140 inter
478 3066 639 3164 partes,¹
665 3061 908 3140 differentiis
937 3061 1212 3141 existentibus
1239 3058 1350 3141 inter
1375 3087 1439 3140 su·
1597 3123 1598 3160 ,

354 3203 420 3258 am
459 3181 753 3260 excellentiam
793 3185 837 3260 et
863 3207 958 3260 nos»
980 3181 1072 3262 linis
1100 3183 1238 3262 bonus
1262 3190 1305 3262 et
1330 3185 1440 3286 paci·

352 3298 457 3380 fleus
486 3301 645 3404 imponi
669 3303 817 3405 possit.
860 3302 913 3382 nt
939 3303 1041 3382 licet
1068 3305 1175 3382 certi
1201 3302 1439 3395 reddamur,
1596 3351 1598 3424 p

354 3422 467 3526 quod
494 3423 769 3507 ambassiator
796 3448 893 3503 auras
935 3446 1036 3502 suae
1073 3423 1353 3504 excellentiae
1380 3423 1438 3502 di·
1597 3469 1598 3528 3

274 3587 278 3600 «
351 3544 469 3622 xerit‘
496 3551 540 3623 et
566 3542 847 3624 declaraverit
871 3544 1146 3625 intentionem
1172 3549 1360 3623 nostram
1388 3545 1439 3622 ad

353 3686 540 3767 eaquae
580 3663 1042 3756 condescenderemus,
1079 3671 1219 3745 tamen
1261 3687 1439 3766 cognos-

354 3795 500 3867 centes
535 3785 604 3864 illa
632 3807 726 3864 esse
765 3807 859 3864 cum
886 3809 1023 3864 onere
1046 3791 1222 3882 nostro,
1263 3787 1340 3865 sed
1368 3807 1437 3866 vo·

355 3905 490 3986 lentes
532 3928 585 3984 ex
611 3909 735 4010 parte
774 3911 919 3985 nostra
946 3905 1058 3982 illam
1096 3904 1437 3994 benivolentiam,

353 4028 657 4108 fraternitatem
700 4033 743 4106 et
779 4025 1038 4118 amicitiam,
1079 4049 1202 4129 quam
1240 4028 1439 4107 continue
1597 4013 1598 4062 ⁷

354 4169 434 4253 per
473 4149 695 4251 elapsum,
730 4167 825 4226 cum
864 4147 952 4225 sius
996 4145 1343 4250 progenitoribus
1367 4145 1437 4227 ba·
1500 4225 1507 4236 ,

354 4265 544 4362 buimna,
568 4258 694 4347 etiam
720 4291 867 4348 secum
894 4266 1078 4359 babere,
1123 4275 1166 4346 et
1192 4289 1272 4372 per
1300 4265 1440 4346 lutura
