3206 5110
351 389 418 460 m·

262 667 265 674 .
355 553 657 702 requisitiones
695 596 816 678 nobis
856 601 1009 680 multos
1038 602 1169 680 tactos
1194 627 1272 706 per
1295 602 1453 682 dictum

354 717 568 798 dominnm
594 717 832 799 iohannem
858 721 1070 822 Georgio,
1098 722 1347 800 eorumdem
1376 748 1456 801 nm·

355 835 649 936 bausiatorem,
679 839 813 918 libero
843 841 1037 917 relaxare
1066 849 1108 919 et
1135 841 1224 919 dori
1253 843 1454 924 diotinm·

354 961 594 1057 bossiatori,
624 963 669 1036 ot
688 959 784 1037 illos
804 960 1028 1060 consignet
1055 962 1188 1039 nostri
1215 969 1338 1066 parte
1363 991 1458 1066 pre·

357 1084 489 1164 libato
530 1081 804 1163 serenissimo
848 1081 1019 1161 domino
1062 1082 1159 1164 duci
1200 1093 1243 1162 et
1284 1089 1458 1167 comuni

354 1201 642 1290 Venellorum,
659 1207 702 1280 et
717 1201 876 1280 eisdem
907 1227 999 1286 nos,
1029 1212 1072 1282 et
1088 1202 1240 1282 tratres
1268 1213 1458 1305 nostros,

357 1329 401 1400 et
427 1322 599 1399 demum
641 1325 851 1412 nostram,
888 1321 1037 1400 offerat
1078 1330 1120 1399 et
1160 1327 1457 1404 recomendet.

357 1441 410 1524 Et
436 1447 480 1520 ut
506 1441 671 1528 melius,
700 1448 740 1518 et
769 1440 946 1519 validius
969 1441 1159 1544 predicta
1175 1446 1338 1524 serrari
1361 1471 1458 1549 pos·

310 1563 315 1575 ’
358 1564 450 1644 sint¹
476 1563 711 1662 juravimus
753 1563 874 1638 ambe
917 1569 1059 1662 partes
1101 1565 1151 1642 ad
1194 1571 1341 1644 sancta
1387 1556 1460 1643 dei

358 1683 599 1784 Evangelio,
626 1682 765 1760 omnin
794 1681 989 1786 predicta
1019 1683 1240 1798 observari
1269 1684 1459 1765 etinvio·

360 1801 542 1880 labiliter
582 1824 660 1903 per
686 1807 830 1905 partes
869 1801 1089 1880 observari
1127 1802 1284 1883 locere.
1341 1803 1389 1883 ln
1420 1801 1459 1881 li-

236 1949 239 1963 ·
359 1923 455 2000 dem
483 1945 661 2023 qnorum
679 1921 996 2024 premissorum,
1024 1924 1241 2001 utdictum
1267 1931 1347 2009 est.
1372 1929 1456 2025 jus·

359 2044 486 2136 simus
526 2043 601 2122 has
644 2051 864 2147 presentes
893 2044 1038 2124 literas
1081 2045 1171 2122 lieri
1200 2043 1372 2144 locere,
1417 2053 1459 2122 et

361 2165 475 2246 bulla
503 2168 638 2245 sancti
666 2165 800 2244 Marci
843 2166 1133 2270 apphensiono
1162 2167 1326 2244 muniri.
1381 2166 1458 2246 [ls-

361 2294 446 2364 tum
460 2285 537 2364 sub
566 2297 772 2367 oestro
800 2286 1018 2389 Blngnj,
1046 2286 1111 2365 die
1126 2287 1266 2390 primo
1278 2287 1460 2376 Novem·

364 2409 463 2498 bris,
494 2412 605 2498 1423,
633 2409 1041 2512 indictionoprima.

318 2595 321 2604 .
463 2529 664 2608 Tener
705 2539 844 2610 autem
882 2531 1091 2610 dictorum
1135 2533 1336 2610 decem
1384 2557 1460 2610 cn·

362 2651 686 2752 pilatorum,
714 2662 757 2728 et
784 2652 1107 2754 responsionum
1136 2655 1381 2729 nostrornm
1412 2653 1460 2728 nd

363 2757 452 2874 ipso
482 2757 696 2859 tactorum,
725 2773 956 2873 peremnia
986 2771 1176 2874 sequitur
1205 2775 1329 2848 otest
1355 2770 1461 2855 talis,

364 2889 584 2968 videlieet:

464 3009 656 3098 Primo,
687 3014 799 3114 quod
816 3011 1038 3109 dignemur
1058 3011 1216 3102 locere,
1247 3006 1362 3110 qnod
1394 3007 1460 3083 du·

367 3133 449 3212 ooli
477 3134 683 3220 sexcenti,
712 3132 912 3211 nominati
940 3133 979 3208 in
1009 3129 1300 3234 suprascripto
1336 3128 1458 3232 priri·

367 3251 492 3353 legio.
520 3252 787 3330 solummodo
814 3277 895 3356 pro
910 3253 1002 3356 ipso
1033 3247 1253 3349 magnifico
1282 3247 1455 3326 domino
1550 3319 1555 3332 ,

365 3371 635 3470 sandali,
665 3373 829 3458 dicant.
860 3397 936 3472 pro
966 3369 1270 3472 magnificentia
1296 3390 1370 3446 sun
1416 3377 1456 3444 et
1574 3395 1575 3398 ¹

364 3495 452 3608 nnis
479 3492 720 3574 heredibus.
762 3495 814 3572 nt
842 3496 1035 3599 insuper,
1063 3492 1157 3596 quin
1186 3489 1295 3567 idem
1325 3488 1453 3565 domi·

366 3639 442 3692 nus
473 3614 775 3702 sinistimu,
817 3615 916 3717 quid
946 3621 988 3692 et
1017 3617 1214 3716 quantum
1257 3608 1457 3710 importat

367 3737 417 3816 od
457 3739 639 3821 bonum,
681 3749 721 3814 et
753 3739 1118 3814 conservationem
1154 3729 1298 3836 ponis,
1342 3726 1454 3829 quod
1574 3813 1575 3826 Ν

367 3859 478 3938 dicta
523 3857 711 3959 provisio
752 3884 799 3937 se
837 3856 1035 3935 extendat
1069 3856 1109 3931 in
1138 3855 1389 3950 conjunctos
1418 3854 1457 3924 et

366 3979 516 4060 affines
554 4003 677 4069 suos,
720 3975 988 4081 oposidernlo
1019 3972 1131 4075 quod
1160 3971 1252 4073 ipse
1277 3967 1455 4068 magnili-

369 4125 444 4179 ous
472 4099 669 4178 dominns
711 4097 904 4188 Samnii,
946 4101 1027 4174 tam
1058 4095 1111 4171 de
1150 4089 1270 4169 factis
1302 4087 1454 4177 Catari,

331 4245 492 4326 ‚quom
521 4223 573 4300 de
602 4221 692 4300 aliis
720 4218 799 4298 sibi
828 4217 970 4323 petitis
1001 4239 1078 4320 per
1104 4213 1239 4290 virum
1272 4207 1454 4288 nobilem
