3154 5102
185 499 333 586 honor
371 525 471 580 suaa
512 504 726 601 majestati,
752 529 835 585 neo
862 509 999 596 nobis,
1038 509 1134 612 quta
1171 525 1280 588 nunu

183 621 367 725 amptius
407 625 741 724 ynroginarentur
780 626 891 729 quod
920 651 941 705 a
969 629 1094 708 nobis
1132 651 1280 735 prooe-

187 744 324 826 doret,
353 745 1015 845 quodplurimuminoonvenians
1043 759 1279 839 esanbourn

181 861 378 969 :ipsorum
406 862 594 952 intorsit,
634 873 820 943 nostram
851 869 919 970 qui
948 869 1170 971 antiquitus
1206 867 1282 946 tui·

190 1008 283 1060 mus
310 991 352 1060 et
381 1005 475 1060 asso
503 983 751 1062 intendimus
794 979 941 1064 eorurn
987 987 1167 1087 domini,
1210 990 1280 1066 nri·

190 1103 466 1184 soricordiam
503 1105 741 1208 implorare.
797 1107 934 1206 Quare
974 1113 1168 1209 majestas
1207 1133 1281 1188 sua

192 1227 233 1306 in
259 1226 341 1304 bac
369 1235 488 1328 parta
515 1251 593 1306 nos
633 1228 793 1306 habero
838 1235 980 1334 potest
1019 1233 1171 1312 merito
1214 1255 1282 1311 ex-

192 1354 374 1428 cusatos.
395 1347 603 1426 Faciendo
622 1349 923 1450 responsiones
935 1351 1170 1452 praedictas
1188 1377 1281 1433 com

192 1468 273 1547 hiis
302 1475 344 1546 et
371 1469 461 1546 aliis
486 1469 646 1569 purioris
674 1469 827 1558 verbis,
858 1491 965 1572 qrrao
992 1471 1257 1552 videbuntur.
1324 1489 1330 1508 '

724 1656 812 1723 sec.
839 1657 927 1746 sog.
954 1657 1024 1722 nu.
1049 1663 1086 1724 s.
1111 1661 1166 1726 cn.
1190 1659 1241 1726 aa.

299 1863 1184 1990 bl.1346.ind.xlv.ranprilis.

204 2077 391 2151 Ouranopa
405 2077 582 2134 arroso-uo
605 2091 706 2144 naara
730 2091 921 2152 nooaauusy
948 2079 1030 2134 bana
1053 2079 1289 2154 Baranam,

195 2198 258 2240 nou
284 2182 347 2238 ota
370 2197 408 2252 aa
434 2195 710 2255 uowoposornysy
738 2197 857 2250 nassau
884 2183 1039 2240 Manum
1064 2199 1107 2238 rs
1132 2184 1284 2256 aasabim

408 2283 624 2358 tropeum,
648 2281 758 2340 anona
784 2283 910 2352 otiosae
934 2284 1049 2358 Barna.

297 2431 453 2533 Capta:
496 2432 609 2534 quod
648 2457 727 2535 pro
757 2433 951 2512 laudabili
980 2443 1022 2512 et
1048 2434 1163 2514 bono
1192 2459 1285 2540 por·

196 2551 679 2656 tomento,quodbabuit
708 2555 902 2634 irater
929 2553 1287 2656 Peregrinus

197 2675 237 2754 in
279 2674 436 2753 nostris
476 2675 668 2760 servitiis,
696 2673 794 2753 fiant
834 2675 874 2752 ei
912 2675 1021 2756 dona
1069 2679 1284 2780 quomodo

198 2795 409 2873 videbitur
436 2795 637 2882 dominio,
666 2821 798 2898 usque
827 2800 878 2875 ad
905 2821 1106 2876 summam
1121 2797 1287 2876 ducato·

199 2939 289 2993 rum
321 2925 499 2994 centum.
554 2915 606 2994 nt
634 2918 728 3018 quia
755 2919 847 3022 ipse
873 2916 1041 2996 volebat
1066 2941 1286 2996 remanere

199 3034 266 3112 hio
295 3038 345 3113 ad
375 3037 619 3139 capitutum,
662 3045 915 3140 procuretur
944 3063 1021 3139 per
1048 3035 1286 3132 dominium,

198 3155 308 3256 quod
337 3153 426 3258 ipse
455 3163 693 3235 revertatur
722 3181 815 3234 oum
845 3154 1286 3234 ambaxatoribus

197 3277 343 3370 banni,
374 3277 471 3379 quia
498 3276 657 3378 poturit
697 3303 790 3354 esse
830 3280 1000 3353 muttum
1039 3276 1140 3353 utile
1168 3275 1317 3352 tactis·

199 3399 362 3476 nostris.
790 3401 794 3408 '

300 3517 441 3620 Copta:
476 3517 587 3618 quod
617 3519 922 3620 respondeatur
951 3513 1287 3593 ambasiatoribus

198 3639 413 3716 domini
457 3637 933 3728 baniBossinas‚
972 3635 1285 3740 numillispui'·

198 3759 280 3836 oris
307 3761 461 3852 verbis,
490 3785 596 3861 qnae
623 3757 871 3838 videbuntur
899 3755 1113 3844 dominio,
1148 3779 1286 3854 ragra-

199 3865 347 3960 oiando
376 3881 414 3958 ei
442 3882 494 3959 de
521 3881 612 3967 hiis,
642 3905 749 3983 quaa
792 3881 891 3959 troii
927 3879 967 3955 in
1004 3879 1213 3957 bonorem
1242 3885 1284 3955 ot

199 4001 422 4082 comodum
464 4003 584 4080 buius
624 4003 820 4089 dominii,
848 4007 889 4079 et
917 3999 967 4077 do
996 3999 1285 4078 notificatione
1396 4057 1404 4066 .

199 4122 404 4204 amioabiti
432 4123 556 4205 nobis
584 4122 716 4222 facta,
746 4123 836 4200 rius
865 4120 975 4226 quod
1004 4120 1205 4202 sentiebat
1233 4121 1284 4203 da
1312 4201 1315 4206 .
