3192 5112
1254 337 1299 418 ἢ
1414 275 1417 283 .

207 561 445 653 uehuntur,
500 551 610 640 sieut
650 583 798 638 eorum
842 557 1028 639 conditio
1070 563 1119 638 et
1151 565 1297 640 nutui·
1415 615 1419 626 ·

206 673 620 786 mfflmmfflm

306 855 373 934 Ad
399 878 457 930 se
473 879 496 934 c
513 879 538 930 u
552 879 578 930 n
593 855 619 932 d
636 878 662 930 u
676 877 716 930 m
747 853 972 956 capitulum
1000 876 1078 956 per
1106 854 1218 954 quod
1233 875 1296 928 re·

206 973 425 1052 aemendat
465 972 588 1052 nobis
630 965 904 1052 comitem
945 971 1295 1072 Gregorium

205 1099 249 1167 et
276 1101 356 1172 eet.
386 1090 709 1194 Respondentur
723 1092 834 1194 quod
859 1094 959 1170 satis
975 1091 1186 1171 eredimus
1201 1115 1296 1168 esse

203 1225 343 1292 uotam
385 1215 452 1292 do
469 1213 580 1290 min
596 1239 620 1287 o
657 1215 761 1292 ban
776 1237 801 1288 n
818 1240 858 1298 ο,
895 1235 1065 1313 gravem
1095 1211 1293 1290 offensam

203 1334 325 1414 nobis
354 1333 505 1412 iactam
534 1357 612 1436 per
639 1335 773 1435 ipsum
804 1335 1028 1422 comitem,
1066 1332 1164 1434 quia
1192 1331 1294 1408 exis·

204 1463 294 1534 tens
321 1462 472 1532 noster
499 1455 613 1538 civis,
644 1461 790 1532 contra
806 1454 993 1532 debitum
1021 1463 1064 1532 et
1084 1456 1293 1552 juramen·

202 1583 289 1650 tum
324 1571 545 1656 fidelitatis,
574 1573 799 1650 temerarie
842 1571 1134 1675 praesumpsit,
1164 1579 1206 1648 et
1234 1595 1291 1647 ar·

202 1699 310 1769 mata
350 1715 472 1768 manu
511 1691 656 1768 venire
691 1701 733 1768 et
769 1691 983 1770 hostiliter
1024 1697 1170 1768 contra
1202 1717 1292 1776 nos,

19 1848 28 1864 r
67 1885 69 1892 ,
201 1817 378 1914 propter
420 1813 594 1914 quodsi
624 1819 770 1888 contra
812 1837 907 1888 eum
945 1809 1102 1912 gravati
1140 1819 1181 1888 et
1209 1821 1291 1890 tur·

201 1931 285 2010 bati
312 1957 474 2024 sumus,
503 1957 586 2009 uon
616 1939 679 2010 est
707 1934 966 2024 mirandum
1001 1941 1065 2011 set
1091 1931 1291 2010 nihilomi-

200 2077 277 2130 uus
318 2052 579 2130 attendentes
620 2051 818 2132 instantes
858 2077 1036 2155 praeces
1063 2051 1192 2156 ipsius
1218 2051 1288 2130 do·
1371 2051 1378 2060 ’

199 2173 298 2250 mini
339 2173 486 2266 banni,
526 2197 606 2278 pro
651 2165 735 2276 qno'
772 2173 910 2256 omnia
937 2173 1058 2252 nobis
1088 2173 1291 2252 decenter

197 2292 417 2396 possibilia
444 2294 704 2388 faceremus,
741 2297 876 2400 ipsum
906 2295 1104 2374 comitem
1133 2295 1288 2394 Grego-

198 2413 319 2508 rium,
348 2413 382 2490 si
408 2414 635 2492 viderimus
678 2416 791 2516 quod
832 2421 1119 2516 recognoscat
1146 2413 1287 2490 talium

197 2557 342 2622 snum,
370 2542 411 2610 et
440 2533 555 2636 quod
595 2533 768 2614 intentio
798 2544 839 2614 et
869 2559 998 2638 opera
1027 2557 1100 2611 sua
1128 2533 1208 2611 sint
1235 2532 1286 2611 ad

196 2653 352 2732 bouum
381 2663 423 2732 et
449 2651 658 2732 honorem
686 2663 901 2743 nostrum,
941 2655 1285 2734 recomeudatum

194 2771 443 2872 habebimus
468 2773 616 2852 intuitu
644 2774 773 2877 ipsius
802 2773 960 2853 domini
989 2771 1137 2862 banni,
1175 2775 1285 2878 apud

194 2902 379 2972 nostram
408 2895 581 2994 gratiam
612 2903 652 2973 et
677 2919 876 2992 amorem.

217 3097 220 3102 ’
295 3085 358 3164 nd
389 3088 611 3166 tertium
641 3087 867 3193 capitulum
895 3087 946 3164 de
975 3087 1134 3186 injuriis
1148 3095 1190 3165 et
1217 3087 1283 3163 da·

194 3203 298 3283 mnis
333 3205 411 3285 sibi
449 3209 574 3288 iiiatis
616 3235 695 3313 per
736 3207 1282 3288 comitem-Maiani-

193 3349 314 3403 nnm
343 3331 385 3403 et
413 3337 489 3407 eet.
538 3327 857 3431 Respondentur
894 3331 1008 3432 quod
1036 3329 1153 3405 novit
1180 3330 1283 3404 deus

194 3447 362 3545 injurias
403 3449 532 3551 ipsius
572 3473 655 3528 nou
697 3450 832 3528 minus
874 3474 1023 3550 graves
1067 3449 1282 3538 habemus,

192 3591 312 3668 quam
342 3568 377 3644 si
404 3567 523 3647 nobis
549 3573 616 3648 vel
658 3571 814 3650 nostris
855 3569 1047 3670 gentibus
1083 3569 1191 3646 facte
1221 3569 1281 3646 fo·

189 3694 308 3772 rent,
336 3692 379 3761 et
404 3697 611 3789 pervento
653 3691 705 3766 de
744 3689 845 3793 ipsis
875 3691 926 3766 ad
954 3697 1138 3767 nostram
1180 3688 1280 3765 noti·

191 3805 315 3898 tiam,
356 3815 475 3886 antea
503 3812 662 3910 pluries
690 3811 993 3912 scripseramus
1021 3819 1063 3888 et
1090 3833 1199 3888 nunc
1228 3809 1279 3886 de

190 3950 301 4006 novo
343 3929 529 4007 misimus
579 3917 703 4008 unum
757 3939 944 4010 nostrum
985 3932 1195 4010 notarium
1237 3939 1279 4010 et

190 4045 649 4152 nuutinmspeciaiem
689 4073 768 4155 pru
812 4053 1116 4134 reformatione
1161 4075 1278 4156 prae·

19 4223 21 4306 ἰ
192 4167 414 4256 dictorum,
430 4178 485 4248 et
512 4191 728 4276 speramus
755 4173 869 4274 quud
896 4169 969 4252 fiet
996 4174 1146 4271 taliter,
1164 4173 1275 4273 quod
