3226 5112
338 575 463 662 venit,
492 579 536 652 nt
562 573 617 651 sit
645 595 739 654 oum
766 578 913 653 nostro
942 575 1155 670 dominio,
1181 580 1233 658 ad
1261 577 1434 658 favores

338 699 508 774 nostros
535 701 681 774 eontra
709 697 868 776 dietum
896 697 1097 776 comitem
1126 697 1359 792 stefanum,
1389 707 1433 778 et

337 841 385 894 se
414 803 539 894 otiert
567 819 623 894 ob
652 819 762 897 hauc
791 841 960 897 eausam
997 819 1061 895 ire
1090 819 1311 909 Ceterum,
1338 846 1430 923 spe·

336 959 430 1015 rans
471 941 597 1018 multa
653 940 818 1030 faeere,
861 965 955 1021 eum
996 948 1158 1020 asserat
1196 941 1429 1022 dominium

334 1059 434 1137 dieti
474 1059 652 1138 comitis.
681 1062 845 1141 Stefani
885 1063 997 1164 quod
1041 1065 1141 1142 alias
1179 1065 1260 1141 iuit
1297 1063 1428 1142 San·

335 1181 503 1266 datii,
533 1183 581 1258 ad
611 1207 705 1259 eum
735 1187 957 1284 spectare;
997 1184 1109 1262 vadit
1149 1210 1271 1288 pars,
1312 1185 1429 1286 quod

334 1302 622 1406 suprascripto
665 1303 813 1381 comiti
852 1303 1039 1382 Johanni
1080 1305 1271 1391 dicutur,
1312 1305 1428 1406 quod

333 1447 472 1501 sumus
502 1425 689 1528 contenti
718 1422 831 1525 quod
845 1424 968 1502 vadat
989 1423 1199 1514 Getarum,
1215 1425 1314 1502 etei
1329 1426 1428 1503 den·

333 1556 400 1625 tur
427 1545 567 1624 ducati
606 1543 724 1640 XXV
760 1569 840 1647 pro
880 1544 1075 1646 expensis
1117 1545 1269 1638 eundi,
1298 1571 1347 1624 ao
1373 1547 1429 1624 de

332 1691 508 1748 secessu
550 1691 627 1742 suo
670 1667 794 1743 detur
820 1665 970 1744 notitia
1012 1667 1234 1768 capitaneo
1277 1671 1427 1744 nostro

333 1787 454 1878 butu,
483 1785 626 1865 comiti
657 1784 796 1862 Catari
812 1793 855 1864 et
869 1787 1083 1886 provisori
1111 1796 1260 1866 nostro
1277 1790 1318 1865 in
1335 1809 1428 1886 par·

215 2009 218 2014 ¹
331 1908 441 1986 tibus
469 1905 684 1993 Albaniae,
714 1915 755 1984 et
784 1907 845 1984 eis
872 1905 1226 2010 scribatur‚quod
1252 1906 1334 2010 ipsi
1359 1931 1428 1984 co·
1547 1985 1551 2009 ,

331 2029 421 2104 miti
460 2025 669 2114 «iohanni,
696 2027 748 2102 de
778 2051 922 2104 mense
951 2025 991 2102 io
1021 2051 1208 2105 mensem
1246 2027 1346 2104 dent·
1374 2027 1428 2102 de

331 2145 573 2224 introitibus
590 2144 746 2222 nostris
763 2143 918 2232 Catari,
945 2146 1058 2224 ittam
1087 2146 1428 2232 subventionem,

330 2291 452 2369 quam
481 2266 542 2342 eis
568 2264 762 2346 videatur
789 2267 902 2344 iuxta
931 2291 1164 2366 operosus
1193 2267 1364 2346 mereri.

594 2494 604 2508 ·
680 2419 783 2486 Secr.
807 2391 908 2484 cons.
933 2437 1011 2506 rog.
1035 2417 1110 2483 Lib.
1132 2419 1207 2484 XV.
1231 2419 1285 2484 ob.
1309 2419 1383 2483 131.

329 2537 1065 2706 cccbxxvr-cnxxvn.
1084 2629 1195 2704 rnna.
1209 2633 1272 2704 er.
1286 2625 1427 2704 tutti.

326 2787 524 2844 3anoneorr.
561 2801 727 2860 asnernny
760 2775 873 2860 Kyrba
909 2803 928 2842 n
963 2801 1065 2860 nneay
1096 2789 1351 2862 itoroposon,
1387 2801 1427 2854 aa

326 2907 443 2964 aayauy
474 2889 561 2962 3ery
590 2903 708 2962 ropnro
738 2905 757 2942 n
785 2903 926 2961 rosato,
962 2905 1040 2946 raro
1074 2906 1096 2944 s
1122 2904 1250 2962 onrypa
1283 2905 1425 2948 naaman

357 3009 461 3052 unsar·
487 2993 664 3061 Croesum
689 3008 706 3048 a
730 3008 831 3064 nneay
855 3011 873 3048 n
898 2969 1062 3067 sanerany
1087 2993 1328 3066 cnapaposon
1352 3009 1392 3064 aa

419 3171 426 3186 ⁵
491 3113 609 3172 aeyaue
633 3097 728 3170 Bapn
753 3114 771 3152 n
794 3099 980 3172 ,ttpnnaor‘n
1030 3091 1253 3177 (Capeliano).

426 3227 547 3326 Quod
575 3226 782 3306 scribatur
811 3229 1032 3333 capitaneo
1062 3225 1168 3307 Cuiti
1199 3234 1242 3306 et
1274 3227 1424 3306 comiti

325 3350 462 3430 Catari
492 3373 542 3426 ac
570 3345 651 3425 Ser
675 3348 825 3427 Maroo
856 3350 976 3428 Geno
1005 3348 1128 3426 mititi
1154 3355 1197 3428 et
1211 3349 1424 3452 provisori

323 3473 365 3548 in
393 3467 585 3574 partibus
613 3469 830 3549 Albaniae.

424 3587 702 3667 Remanentes
746 3590 924 3692 copiose
961 3589 1176 3666 informati
1211 3611 1288 3690 per
1316 3587 1423 3666 titte-

321 3733 389 3788 ras
417 3717 581 3786 vestras
611 3707 697 3785 diei
722 3707 858 3787 Xilli.
886 3709 1137 3814 praesentis,
1165 3709 1228 3787 de
1255 3732 1420 3786 reces-

320 3859 377 3927 su
406 3829 624 3925 comitis
653 3827 866 3909 Stefani
895 3833 958 3908 de
985 3829 1143 3909 Zenta
1171 3831 1295 3906 etde
1326 3853 1421 3910 oon-

321 3951 549 4031 ditionibus
580 3958 622 4030 et
648 3951 863 4050 terminis,
893 3952 935 4030 in
963 3951 1113 4054 quibus
1156 3955 1292 4026 totum
1319 3949 1419 4026 iilud

319 4075 509 4177 paesium
539 4074 764 4176 reperitur3
793 4097 888 4151 eum
916 4081 1062 4153 nostro
1092 4071 1272 4150 consitio
1301 4091 1418 4166 roga·

219 4203 223 4211 '
319 4203 462 4273 torum
492 4191 761 4271 fidelitatibus
795 4195 949 4275 vestris
985 4193 1213 4272 scribimus
1241 4198 1285 4270 et
1312 4214 1419 4268 man·
