3192 5112
174 609 460 710 ficri-ensi,
489 610 532 688 in
559 607 824 710 procunndo
864 609 1074 692 bonorem
1102 615 1144 688 et
1171 621 1265 712 proi

174 731 408 808 motionem
435 729 576 832 ipsius
603 729 725 812 Vadit
751 753 859 834 pars,
886 729 998 830 qnod
1026 727 1265 832 rpribentur

176 851 338 930 litterae
368 848 623 930 credulitatis
651 849 882 926 domino
909 847 1099 948 Pepee
1127 859 1169 930 st
1195 850 1264 934 de·

174 973 288 1050 mino
315 971 367 1050 de
395 971 621 1061 Tutela,
649 969 701 1047 de
730 971 980 1048 credulitate
1006 993 1088 1072 pro
1116 971 1207 1054 Arn
1224 993 1260 1050 n·

176 1093 282 1171 deo
311 1093 553 1170 noterio
581 1099 729 1170 nostro
772 1091 842 1194 qui
870 1101 934 1170 est
970 1091 1010 1168 in
1040 1091 1156 1172 curin
1182 1115 1264 1198 pro

175 1217 323 1292 nostro
352 1211 536 1303 comuni,
567 1212 682 1313 quod
710 1210 745 1288 si
773 1211 975 1308 sentiret,
1018 1215 1132 1314 quod
1161 1211 1263 1315 epis·

176 1359 309 1436 copus
350 1337 462 1411 esset
502 1330 718 1435 depositus
757 1333 825 1410 vei
866 1331 1113 1425 defunctus,
1149 1331 1263 1434 qnod

175 1457 381 1558 procuret
408 1475 502 1528 cum
536 1435 702 1564 bonore
743 1461 916 1550 nostro,
946 1460 1028 1530 tem
1055 1454 1164 1556 opud
1192 1451 1262 1529 do·

173 1575 327 1651 minum
356 1573 522 1678 Papam,
551 1597 675 1678 quam
709 1576 817 1676 apud
861 1573 1073 1652 dominum
1103 1571 1154 1650 de
1182 1573 1263 1650 Tu·
1419 1591 1422 1596 “

174 1695 269 1773 telle
312 1701 355 1772 et
382 1695 484 1773 elios
524 1696 631 1777 sicut
670 1697 709 1775 ei
736 1695 876 1774 utilius
914 1693 1143 1782 videbitur,
1179 1717 1261 1797 pro

174 1813 288 1894 dicto
331 1815 568 1893 domino
609 1813 816 1917 Hetyn,
856 1823 900 1893 ut
931 1812 1197 1918 praeficietur
1222 1811 1263 1888 in

173 1935 520 2044 episcopum
560 1935 863 2033 'I'rngurii‚
906 1933 1084 2015 dicendo
1112 1931 1263 2010 debo-

172 2053 301 2133 nitatc
329 2059 371 2132 et
411 2057 521 2134 bone
562 2055 646 2134 vito
673 2056 773 2136 dieti
814 2056 971 2135 domini
1009 2053 1193 2156 Heryao,
1222 2055 1265 2128 et

172 2177 284 2274 quod
313 2171 423 2254 dicto
459 2175 710 2275 occasione,
753 2201 833 2280 pro
863 2175 952 2253 eins
991 2172 1262 2280 promotione

10 2279 12 2310 ³
172 2295 352 2400 recipiet
377 2297 691 2376 incrementum.
722 2299 807 2378 Sed
834 2297 933 2375 nihii
949 2297 1062 2377 dicet
1087 2292 1264 2377 Amnde·

171 2441 219 2494 us
246 2419 301 2495 de
327 2416 556 2520 praedictis
583 2443 662 2523 pro
692 2419 953 2524 episcopatu,
980 2443 1066 2497 non
1094 2417 1133 2498 in
1163 2439 1262 2496 cnsu

171 2537 240 2638 qui
281 2537 494 2616 accideret
521 2539 632 2642 quod
670 2539 846 2619 deberet
886 2539 984 2618 fieri
1024 2539 1263 2642 episcopus,

11 2733 12 2746 Ν
169 2681 249 2760 pro
278 2658 415 2760 ntique
444 2658 496 2737 de
524 2661 645 2739 dictis
674 2661 825 2750 cousin
852 2669 893 2740 et
920 2663 955 2739 si
983 2661 1033 2737 ad
1062 2679 1261 2761 praesens

11 2795 13 2848 ι
170 2801 253 2855 non
281 2777 459 2862 deberet
484 2779 583 2859 tieri
622 2781 860 2885 episcopus,
889 2783 963 2860 sed
991 2781 1170 2858 deberet
1195 2775 1262 2854 fle·

171 2899 207 2976 ri
236 2907 511 2978 conservator
537 2908 579 2978 et
606 2901 918 2980 administrator
957 2899 1056 2978 dicti
1097 2897 1263 3001 spineo·-

171 3027 305 3122 pntus,
332 3019 429 3099 ioco
455 3019 561 3098 illius
589 3023 654 3099 de
683 3019 956 3124 spoleto,
983 3021 1054 3122 qui
1081 3015 1264 3098 decessit

170 3161 307 3243 nuper
332 3137 385 3224 in
413 3137 507 3218 Sei
523 3165 546 3218 n
560 3167 585 3217 v
601 3167 626 3220 o
642 3167 667 3219 n
683 3143 697 3220 i
712 3165 760 3233 e,
787 3143 900 3244 quod
927 3140 1064 3221 dictus
1090 3139 1262 3222 Amado-

172 3283 218 3336 ιιι
255 3265 409 3338 tractet
436 3265 478 3346 et
516 3269 720 3365 procuret
759 3287 854 3340 curn
894 3268 1040 3342 nostro
1079 3258 1263 3350 honoror

171 3379 287 3481 qnod
316 3378 429 3456 dicto
470 3381 639 3460 domino
680 3382 839 3484 Heiyne
880 3380 1122 3461 remittatur
1149 3377 1263 3458 dicta

169 3497 469 3578 administratio
500 3501 597 3580 dicti
625 3504 902 3606 episcopatus,
930 3503 1026 3580 icco
1056 3498 1163 3578 iilius
1190 3496 1261 3602 qui

170 3619 364 3700 decessit.

272 3741 378 3820 item
432 3741 542 3844 quod
597 3767 794 3830 amore
846 3743 979 3822 beni
1044 3767 1259 3824 recomen-

171 3863 324 3944 dontur
400 3867 689 3945 Amrdeo
779 3865 1005 3970 petitiones
1097 3863 1259 3946 boni

170 3983 510 4064 Rosninne
582 3992 638 4064 et
688 3987 919 4065 fratris
982 3985 1260 4088 Peregri

171 4107 237 4196 ni,
278 4129 404 4209 quum
470 4107 683 4213 pertinent
736 4107 786 4184 ed
839 4107 992 4186 bonurn
1055 4107 1157 4188 iidei
1217 4115 1262 4186 et

174 4226 288 4328 quod
345 4227 537 4328 toquatur
603 4251 696 4306 cum
758 4229 1123 4336 procuratoribus.
1161 4225 1259 4306 dieti
