3224 5110
341 556 462 642 rent,
501 573 675 655 sperans
704 573 754 628 ea
781 547 991 632 rehabere
1019 575 1113 628 cum
1156 561 1433 661 recuperaret

339 674 567 753 dominium
583 697 715 761 snum;
743 682 786 750 et
814 697 908 752 cum
937 672 989 752 sit
1017 675 1130 776 quod
1157 677 1224 756 dei
1253 676 1431 756 clemen·

339 793 395 872 tio
423 793 462 870 in
499 801 607 872 statu
649 791 848 881 redierit,
890 791 1065 891 rogabat
1104 804 1150 874 ut
1191 798 1286 876 loca
1324 819 1432 898 quae

340 915 592 1021 sumpsimus
621 916 660 993 ei
689 914 851 994 restitui
881 916 1085 1008 velimus;
1112 917 1431 1023 respondeatur.

440 1035 558 1134 Quod
588 1034 819 1113 audivimus
850 1041 892 1111 et
920 1032 1201 1116 intelleximus
1229 1061 1297 1126 en,
1324 1061 1432 1140 qnae

338 1155 662 1260 prudentissime
703 1153 824 1232 nobis
854 1158 1049 1258 exposuit
1090 1181 1168 1261 pro
1197 1161 1319 1260 parte
1346 1157 1434 1234 illn-

340 1279 436 1356 stris
464 1277 619 1355 domini
646 1276 723 1368 sui,
751 1299 875 1376 quem
905 1277 944 1352 in
975 1275 1146 1354 fratrem
1168 1277 1432 1356 carissimum

338 1422 509 1501 semper
547 1394 793 1491 habuimus,
822 1394 1024 1474 habemns
1053 1405 1093 1473 et
1122 1397 1320 1474 continue
1361 1395 1432 1480 ha·

339 1518 462 1598 bituri
505 1543 671 1605 sumus;
700 1523 742 1592 et
771 1539 815 1592 re
845 1540 944 1594 vere
982 1517 1079 1594 dum
1108 1517 1146 1594 in
1176 1519 1435 1598 adversitati·

339 1644 416 1719 bus
443 1640 559 1718 illum
586 1638 788 1727 vidimus,
831 1635 1053 1740 plurimum
1097 1663 1177 1716 nos
1219 1637 1437 1718 condolui·

338 1785 429 1838 mus
467 1767 510 1838 et
544 1783 715 1861 semper
754 1757 987 1836 studuimus
1029 1782 1078 1836 ea
1119 1759 1287 1846 facere,
1328 1782 1437 1861 quae

337 1905 436 1960 suec
465 1879 715 1958 excellentie
745 1886 862 1978 grata
890 1888 933 1956 et
961 1883 1184 1958 commoda
1200 1889 1354 1958 essent.
1384 1879 1437 1958 Et

337 2001 389 2078 de
418 2001 649 2104 reaquisito
678 1999 864 2079 dominio
896 2025 986 2090 suo,
1015 2025 1110 2078 cum
1140 2026 1193 2078 eo
1223 2010 1435 2104 tamquam

338 2122 499 2226 optimo
528 2123 657 2200 fratre
687 2128 729 2199 et
756 2146 861 2200 vero
892 2122 1029 2200 amico
1060 2129 1211 2200 nostro
1255 2146 1436 2222 congau-

338 2245 497 2320 demus.
537 2241 589 2320 ttt
616 2242 911 2320 excellentiam
940 2267 1056 2320 strum
1086 2241 1437 2334 essevolumus,

338 2364 452 2465 quod
503 2364 601 2440 dum
652 2387 848 2442 comes
890 2363 1207 2449 Stelanus,
1244 2362 1436 2440 inimicus

338 2507 436 2560 suus
464 2489 506 2562 et
533 2493 701 2572 noster,
739 2484 950 2564 hostiliter
983 2487 1180 2564 intrasset
1207 2488 1246 2564 in
1281 2485 1434 2566 Alba·

339 2605 502 2696 niam‚
531 2613 870 2709 occttpassetque
898 2607 1260 2692 Antibarum,
1289 2614 1436 2707 etroy·

336 2725 445 2804 voda
474 2724 541 2801 Dr
556 2725 567 2800 i
583 2751 607 2800 v
623 2751 645 2804 a
661 2751 680 2802 s
696 2727 735 2803 ti
762 2725 843 2802 iam
871 2727 1015 2803 ivisset
1042 2727 1093 2806 ad
1122 2727 1279 2806 dictum
1310 2725 1436 2805 comi·

337 2851 422 2925 tem
451 2845 681 2933 Stelanum,
723 2852 768 2922 ut
810 2847 850 2923 ei
892 2847 1025 2948 ipsum
1064 2848 1206 2926 locum
1235 2845 1436 2924 traderet.

338 2963 578 3070 capitaneus
607 2975 757 3046 noster
785 2968 1003 3048 Scuteri
1032 2967 1298 3048 cohadunato
1317 2990 1434 3047 exer·

338 3089 421 3168 citu
450 3096 492 3167 et
519 3091 713 3188 gentibus
731 3091 900 3178 nostris,
929 3115 1022 3168 eum
1051 3091 1169 3190 gravi
1198 3093 1343 3169 nostra
1360 3113 1431 3165 ex·

336 3231 465 3311 pensa
493 3217 537 3286 et
561 3207 735 3296 iactura,
763 3209 904 3287 locum
941 3211 1134 3288 Antibnri
1162 3209 1214 3286 de
1243 3205 1432 3288 manibus

335 3327 465 3432 ipsius
495 3327 661 3407 comitis
689 3329 851 3408 Stelani
878 3330 1065 3433 sumpsit,
1094 3341 1135 3406 et
1162 3329 1354 3407 similiter
1377 3325 1433 3406 di·

338 3448 375 3528 ci
404 3451 574 3551 potest,
612 3449 736 3526 etiam
774 3451 1001 3551 sumpsisse
1031 3451 1268 3529 Drivustum
1297 3455 1340 3526 et
1366 3473 1431 3526 oe·

335 3577 452 3657 tera,
480 3569 677 3672 quoniam
713 3570 950 3650 iufellanter
979 3572 1117 3654 omniu
1146 3575 1185 3650 ei
1214 3569 1431 3649 trudeban-

337 3699 413 3767 tur.
469 3689 681 3790 Rogamus
728 3689 855 3790 igitur
904 3692 1092 3770 lroterne
1133 3691 1432 3774 excellentium

335 3810 488 3912 prelati
516 3807 736 3888 domini
765 3813 1025 3914 despoti‚
1056 3822 1099 3892 nt
1127 3821 1290 3893 attento
1307 3833 1431 3913 quun·

337 3941 376 4008 te
405 3955 499 4008 cum
528 3955 716 4035 expensa
744 3931 969 4011 etinctum
1008 3933 1121 4014 dieta
1165 3937 1258 4013 loco
1291 3931 1430 4012 hebui·

336 4075 451 4138 mus,
491 4078 542 4130 ac
582 4051 694 4153 quod
736 4060 913 4157 accepta
944 4053 1112 4130 luerunt
1147 4054 1201 4133 de
1239 4053 1428 4133 manibus

335 4171 436 4250 dicti
464 4171 629 4251 comitis
658 4173 829 4260 Steiani,
857 4173 1306 4275 ipsasuuexcellentia
1332 4195 1427 4250 con·
