3154 5102
193 607 372 695 cline.
415 604 799 700 Citiimini203
837 601 1082 697 zontas,
1122 605 1283 688 Atos·

191 731 325 810 ntae
365 736 410 810 et
449 713 786 808 maritimae
835 728 1022 829 regionis
1061 749 1163 819 rex,
1203 751 1284 812 neo

190 873 276 932 non
305 849 594 952 bulgarios
622 848 790 952 imperii
818 857 950 952 portu
978 871 1062 928 nnn
1089 851 1284 932 modicae

190 969 420 1078 particeps,
447 979 491 1050 et
518 970 607 1048 tero
637 971 767 1050 totius
794 969 959 1072 imperii
988 967 1284 1050 Romanius

193 1089 401 1180 dominun
427 1091 653 1190 magnifico
684 1101 727 1170 et
753 1089 917 1194 potenti
951 1089 1072 1172 viro,
1108 1089 1281 1168 domino

193 1209 461 1289 Androne
489 1211 768 1308 Duronio,
798 1208 946 1288 endem
974 1211 1105 1308 gretie
1132 1207 1284 1288 illustri

192 1333 288 1410 duci
302 1331 581 1414 venetiorum
597 1341 640 1412 et
656 1341 737 1414 cet.
760 1331 872 1412 offini
900 1331 1134 1422 carissimo,
1161 1329 1283 1412 saluti

191 1461 232 1532 et
259 1453 455 1532 iciioibus
497 1452 768 1534 successibus
808 1462 955 1534 mutuo
998 1454 1282 1552 congaudere.

189 1571 247 1652 Vl
276 1574 346 1652 die
374 1577 532 1682 mensis
560 1573 831 1664 Octumbris,
867 1574 1079 1654 nbinitotis
1117 1583 1284 1652 vestroe

191 1693 438 1796 magnificae
453 1698 614 1776 litteras
631 1699 884 1801 recepimus,
902 1698 1169 1776 continentes
1187 1717 1282 1798 poc·

192 1822 231 1893 ts
257 1821 300 1894 et
329 1817 664 1926 conventiones,
705 1843 814 1921 qrroe
856 1818 954 1896 otim
990 1841 1070 1921 per
1096 1825 1282 1901 nostrum

192 1935 349 2035 regium
376 1937 638 2016 maiestatem
666 1947 710 2016 et
735 1941 945 2028 vestram,
983 1937 1097 2018 inter
1135 1935 1284 2016 fideles

190 2066 357 2134 nestros
385 2064 429 2135 et
457 2055 789 2138 Catarcnos
817 2065 1051 2143 nostros,
1079 2077 1283 2136 nouorum

192 2174 228 2254 X
256 2177 396 2278 spotio
423 2178 650 2256 robor-sus
679 2186 722 2260 et
748 2185 908 2258 tontum
933 2179 1055 2281 pius,
1083 2181 1282 2279 qrroutum

193 2295 363 2376 extendi
388 2297 520 2376 veliet
548 2296 601 2376 de
627 2299 810 2398 portium
837 2299 1077 2384 voluntate,
1105 2295 1177 2401 qui
1204 2303 1283 2374 tert

190 2417 328 2502 minus
373 2425 416 2494 et
454 2419 635 2520 spatium
686 2419 810 2498 finire
859 2419 1078 2505 videntur,
1126 2418 1281 2498 mensis

191 2533 441 2614 Decembris
469 2539 663 2616 intrantis
691 2537 738 2616 X.
768 2538 850 2626 die,
877 2538 1074 2642 proximo
1096 2535 1282 2630 ininven-

191 2661 300 2733 turo.
327 2655 430 2734 ideo
458 2665 599 2736 vestro
628 2657 829 2756 affinitas,
866 2669 1074 2761 tamquam
1102 2656 1281 2761 sepiens.

190 2777 367 2880 provide
397 2787 439 2856 et
466 2780 663 2864 discreto,
691 2782 915 2858 aduertens
943 2807 995 2858 nc
1023 2777 1178 2882 aliquid
1205 2779 1282 2856 dis·

191 2895 374 2975 criminis
417 2897 550 2997 possit
588 2899 629 2975 in
671 2901 804 2977 anteis
853 2901 1052 2986 evenire,
1095 2925 1117 2976 a
1157 2899 1280 2977 nobis

192 3019 386 3120 postulat,
415 3019 530 3121 quod
557 3019 810 3098 intendimus
852 3045 982 3124 super
1016 3021 1189 3122 negotio
1217 3045 1281 3099 on·

190 3139 361 3227 indicto,
390 3148 432 3219 et
460 3141 617 3219 intente
646 3143 770 3220 citius
801 3143 1106 3228 rescribendo,
1145 3143 1281 3238 adhoc

188 3269 230 3338 ut
277 3261 452 3338 valentis
504 3263 700 3340 fidelibus
749 3262 905 3342 vestris
953 3261 1181 3367 providere
1229 3267 1281 3342 de

190 3381 378 3460 remedio
416 3390 683 3487 opportuno,
712 3385 762 3460 nd
791 3381 931 3462 debito
958 3383 999 3462 in
1029 3381 1182 3460 Cotoro
1211 3407 1279 3460 cx-

190 3491 402 3582 trobende.
444 3502 582 3601 Quare
609 3501 820 3582 fraternae
849 3503 1185 3603 magnificentiae
1214 3529 1279 3580 vo·

188 3631 304 3702 strue
339 3624 401 3701 sic
441 3623 635 3702 intimare
675 3626 868 3704 voiumus
908 3635 951 3704 et
991 3647 1214 3724 curamus,
1244 3629 1280 3706 si

187 3743 266 3820 erit
291 3743 344 3822 de
372 3751 515 3821 vestro
545 3743 954 3847 benpiocito,ndb11c
983 3753 1106 3850 pactu
1130 3744 1281 3826 istuet

186 3861 491 3942 conventiones
518 3863 751 3953 firmentur,
781 3889 913 3965 usque
938 3863 988 3942 nd
1004 3868 1117 3944 dnos
1147 3889 1280 3943 annos

184 3985 375 4088 proxime
402 3983 484 4062 iam
511 3995 713 4064 venturos
743 3993 785 4064 et
814 3994 969 4064 tanturn
997 3987 1123 4090 pins,
1152 3997 1276 4090 quen·

184 4117 268 4186 tum
296 4107 379 4185 erit
404 4107 459 4189 de
487 4105 774 4187 Coturensium
802 4107 1017 4188 voluntate
1045 4117 1088 4188 et
1120 4117 1277 4196 vestra,
1314 4101 1322 4124 ’

185 4235 227 4305 et
252 4227 316 4308 sic
342 4227 565 4310 scribimus
582 4227 799 4308 Caterenis
828 4229 1068 4322 antedictis,
1089 4231 1277 4309 utvestri
