3192 5112
345 443 409 518 120

347 685 395 738 ea
423 661 557 736 torma
584 659 694 738 sicut
733 666 775 736 et
816 656 1030 758 quomodo
1071 656 1280 737 videbitur
1309 658 1434 736 domi·

346 782 429 871 niu,
459 761 705 856 consiliariis
733 786 774 856 et
803 779 1021 880 capitibus.

220 1033 222 1042 A
412 969 416 986 ·
447 933 587 1035 Capta:
618 933 784 1012 Habere
801 937 930 1013 debet
954 935 1089 1014 dictus
1118 932 1363 1012 ambasiator
1392 935 1431 1012 li-

345 1051 440 1128 bras
466 1059 678 1130 trecentes
704 1078 780 1153 pro
806 1051 937 1132 tribus
957 1053 1183 1152 mensibus,
1210 1061 1252 1130 et
1271 1054 1305 1130 si
1328 1054 1436 1132 ultra

346 1174 450 1250 duos
477 1197 642 1251 menses
656 1173 834 1265 steterit,
863 1173 1015 1251 habeat
1030 1171 1155 1250 libras
1172 1171 1436 1275 quinquagin-

346 1302 386 1370 ta
414 1294 454 1370 in
483 1317 682 1384 mensem,
711 1303 753 1372 et
780 1292 931 1370 babeat
957 1293 1038 1372 llll
1055 1293 1245 1380 famulos,
1273 1293 1325 1369 de
1352 1291 1437 1396 qui·

348 1417 425 1492 bus
456 1439 559 1490 unus
583 1416 636 1492 sit
663 1421 926 1516 expensotor,
955 1422 996 1492 et
1016 1439 1141 1490 riuum
1169 1415 1379 1492 noterium
1395 1421 1439 1490 et

346 1557 472 1610 unum
513 1558 720 1634 coquum,
765 1541 808 1612 et
836 1533 967 1635 possit
995 1533 1239 1634 expendere
1267 1561 1299 1611 s.
1327 1532 1435 1610 duos

343 1654 592 1754 grossorum
621 1653 660 1730 in
691 1654 772 1746 die,
799 1654 839 1732 in
869 1677 1072 1755 expensas
1111 1655 1198 1732 oris
1225 1654 1289 1731 sui
1316 1661 1358 1730 et
1385 1653 1437 1730 t'a·

346 1773 506 1860 mulitii,
535 1775 728 1851 nebulam
758 1800 845 1851 non
873 1772 1023 1852 babeat
1051 1799 1072 1850 a
1102 1775 1284 1853 comuni.

448 1925 603 2026 Capta:
629 1925 682 2004 ut
721 1949 800 2030 pro
828 1925 907 2004 biis
936 1949 1031 2004 cum
1058 1927 1347 2007 necessarium·
1370 1925 1440 2017 sit,

348 2044 465 2148 quod
493 2043 629 2123 dictus
657 2048 902 2123 ambaxator
931 2047 1131 2124 celeriter
1158 2048 1291 2132 vadat,
1316 2053 1440 2124 etex·

346 2164 488 2264 pediat
537 2168 751 2243 materiam
788 2190 929 2251 suam,
973 2167 1144 2244 recedat
1183 2164 1439 2244 ambassator

346 2283 586 2385 praedictus
613 2284 665 2360 ad
692 2287 1003 2388 beneplacitum
1031 2286 1337 2363 dominationis,

450 2453 605 2557 Capta:
659 2453 709 2535 let
737 2479 865 2556 super
905 2455 994 2533 istis
1036 2455 1218 2553 negotiis
1273 2451 1439 2558 possint

346 2573 472 2650 scribi
507 2573 714 2652 Nicoto
745 2578 809 2651 de
837 2574 1060 2652 buchia
1090 2595 1184 2650 oum
1213 2595 1263 2650 ea
1292 2572 1439 2662 forma,

348 2719 455 2797 quae
495 2692 703 2772 videbitur
740 2694 910 2772 domino
954 2692 1204 2773 consiliariis
1232 2697 1275 2770 et
1302 2693 1441 2796 capiti·

348 2818 440 2893 bus.
497 2815 602 2893 Cum
631 2808 858 2892 habeamus
898 2837 975 2918 per
1017 2808 1263 2892 relationem
1306 2805 1438 2892 amba·

347 2935 506 3012 xatoris
535 2933 586 3010 de
615 2932 824 3034 Rugusio,
854 2936 923 3036 qui
952 2943 1047 3012 sunt
1075 2926 1169 3024 hio,
1208 2935 1323 3036 quoti
1349 2931 1441 3038 ipse

347 3055 552 3131 Nicole
593 3053 904 3132 deBuchia
946 3063 1010 3131 est.
1052 3059 1277 3132 auctorat
1316 3075 1441 3130 eausa

348 3173 499 3254 horum
529 3173 804 3276 dampnorum
821 3181 863 3253 et
885 3176 1124 3251 novitatum.
1151 3173 1440 3277 Insupercum

348 3296 486 3376 dicant
513 3295 817 3372 ambassatores
847 3296 1065 3398 praedicti,
1102 3289 1214 3397 quod
1242 3293 1285 3371 M
1302 3317 1440 3372 arco

349 3417 413 3494 de
468 3417 647 3494 Gozzi
689 3416 740 3494 de
782 3407 1064 3515 Ragusio‘,
1105 3417 1176 3517 qui
1216 3423 1280 3493 est
1308 3437 1441 3514 gener

349 3537 856 3638 ejusdemNicolede
886 3537 1130 3628 buchia,
1163 3529 1441 3614 etNicola

349 3664 414 3738 de
443 3659 666 3746 buceri,
695 3659 746 3734 de
777 3657 1045 3754 Ragusio,
1083 3657 1237 3734 babent
1263 3657 1441 3734 societa-

349 3791 434 3858 tem
464 3805 559 3856 cum
589 3781 740 3856 eodem
767 3774 1327 3856 NicoladeBucbia.
1363 3775 1440 3872 Qui

351 3903 475 3980 etiam
504 3911 600 3979 sunt
625 3907 671 3978 ut
694 3883 850 3990 dicunt,
880 3925 1001 3980 causa
1029 3899 1206 3978 istorum
1248 3897 1442 4000 dampno·

350 4049 442 4099 rum
472 4031 513 4099 et
540 4021 789 4110 novitatum,
820 4022 1029 4100 scribatur
1066 4019 1212 4100 comiti
1253 4017 1443 4119 Raguxii

351 4144 464 4246 quod
504 4143 700 4221 veniente
748 4141 1037 4222 ambassatore
1079 4149 1224 4220 nostro
1274 4137 1440 4238 Ragusi·

352 4291 435 4354 um,
458 4265 710 4345 conveniant
729 4265 904 4350 insimul,
934 4271 976 4341 et
998 4263 1157 4342 vocatis
1180 4260 1231 4340 ad
1256 4286 1301 4339 se
1326 4284 1438 4364 prae-
