3220 5118
192 643 546 724 condescendere
570 647 631 726 'ad
671 669 847 745 pacem,
899 667 1043 722 sumus
1089 645 1290 732 contenit

192 766 305 867 quod
333 767 485 846 dictum
514 768 803 872 provisionem
833 765 871 844 ei
899 765 1177 868 promittatis,
1202 791 1289 846 non

193 887 456 966 obstantibus
499 887 809 992 provisionibus
839 911 918 988 per
957 911 1036 963 vos
1063 887 1289 990 promissis

193 1008 286 1085 otiis
317 1010 497 1088 dominis
526 1005 919 1094 circumstantibus,
961 1031 1065 1110 ques
1094 1009 1290 1085 volumus

193 1151 289 1208 csse
317 1128 469 1207 firmos.
501 1175 545 1186 -

212 1265 219 1280 ’
295 1246 340 1324 Si
366 1271 496 1339 vero,
524 1247 710 1326 reductis
736 1248 805 1325 vel
834 1271 918 1327 uon
946 1247 1134 1324 reductis
1161 1245 1289 1326 domi·

179 1369 256 1444 nis
286 1367 593 1448 circumvicinis
621 1367 670 1444 ud
696 1363 980 1447 obedientium
1008 1373 1208 1455 nostrum,
1234 1367 1290 1444 vi·

192 1483 363 1576 (ieritis,
406 1511 491 1565 non
518 1511 646 1591 posse
688 1511 767 1566 uos
807 1482 968 1566 habere
1002 1509 1152 1588 pacem
1193 1508 1288 1562 cum

191 1603 396 1702 Balsa,
439 1631 580 1708 neque
607 1607 878 1686 intentionem
906 1614 1105 1682 *nostrum
1142 1610 1290 1682 eontra
1374 1703 1377 1711 Ι

192 1749 310 1808 eum,
354 1735 451 1804 tunc
478 1726 717 1828 procuretis
745 1727 956 1804 civitatem
986 1723 1153 1802 Scuturi
1180 1723 1288 1802 bene

195 1845 346 1922 fulcire
383 1848 578 1925 omnibus
620 1847 870 1927 necessariis
904 1846 954 1921 ud
983 1844 1289 1932 defensionem,

191 1963 388 2063 gentibus
416 1967 682 2069 equestribus
699 1975 741 2046 et
754 1964 1031 2068 pedestribus,
1061 1965 1288 2048 frumento.
1434 1989 1439 1996 ·

191 2132 239 2142 —-
268 2087 366 2166 idco
395 2089 598 2167 mittimus
623 2087 747 2167 vobis
777 2087 955 2166 ducatos
982 2088 1066 2164 duo
1096 2082 1288 2162 mitiis...

294 2205 348 2284 m.
375 2209 425 2284 ad
463 2208 697 2288 custodiam
738 2207 1005 2307 navigiorum
1033 2213 1288 2290 nostrorum,

191 2351 300 2429 quae
330 2335 429 2406 eunt
456 2326 509 2408 nd
535 2335 680 2430 partes
706 2325 911 2407 Alexii
940 2332 983 2402 et
1010 2323 1289 2402 Durachii

191 2450 353 2538 etalio,
381 2449 594 2528 dimittere
624 2447 811 2526 debeatis
840 2447 1025 2527 nobilem
1056 2449 1191 2524 virum
1217 2469 1289 2522 ser

190 2569 460 2648 Laurentium
503 2571 693 2659 Victum,
746 2595 841 2648 cum
896 2566 1056 2644 duobus
1095 2565 1288 2668 guieotis.

190 2691 450 2771 comittendo
491 2693 655 2778 eidem,
695 2699 741 2768 ut
773 2686 919 2789 vigilet
959 2688 1009 2766 od
1039 2688 1287 2768 obstandum

179 2801 373 2912 'galeotis
402 2817 444 2888 et
471 2808 640 2888 banchis
669 2809 722 2887 de
760 2807 1015 2908 Dulcign
1033 2833 1072 2894 o,
1115 2831 1167 2884 ne
1194 2831 1287 2910 pos-

189 2928 274 3008 sint
315 2929 583 3009 damnificare
624 2929 787 3030 navigio
815 2933 957 3007 nostre
984 2983 994 3004 .
1022 2983 1033 3004 .
1063 2981 1073 3002 .
1104 2981 1114 3004 .
1141 2931 1184 3004 et
1210 2951 1289 3004 vos

4 3125 6 3154 ,
111 3039 114 3044 ’
191 3077 286 3132 cum
314 3051 446 3150 galeis
475 3054 633 3129 nostris
663 3059 706 3129 et
733 3051 866 3150 galeis
894 3048 1056 3150 grossis
1086 3057 1128 3126 et
1155 3047 1286 3150 genti·

57 3187 61 3196 '
191 3178 267 3252 bus
296 3173 549 3254 restantibus
577 3175 768 3252 debeatis
795 3173 939 3250 venire
969 3169 1193 3257 Ceterum,
1236 3167 1287 3246 od

187 3292 436 3382 visitandum
465 3294 743 3391 iocumeum,
774 3301 855 3372 etc.
883 3349 893 3372 .
921 3349 930 3368 .
960 3345 971 3368 .
1000 3327 1009 3368 ·.

477 3430 584 3503 Secr.
609 3431 745 3498 Consit.
770 3433 863 3518 Rog.
888 3427 964 3496 Lib.
987 3429 1062 3494 vlt.
1090 3430 1147 3494 ch.
1172 3429 1242 3494 175.

294 3617 695 3740 CCCXVAmo.
724 3643 785 3716 28.
812 3636 1176 3716 Novembris.

182 3796 404 3854 Hacramesb
427 3813 463 3853 ee
487 3811 586 3854 ruera
613 3813 630 3852 n
656 3814 818 3855 sanemus
844 3795 1086 3870 Csspapcnorn,
1111 3811 1279 3870 cycnoru-

296 3916 334 3958 rm
358 3916 448 3972 ηομ,
473 3917 575 3959 sonna
599 3902 712 3972 buce
734 3917 836 3958 norro
863 3901 1025 3972 nurnberc
1050 3916 1070 3955 o
1097 3917 1183 3974 supp

540 4039 541 4044 κ
610 4021 656 4064 οι
679 4009 861 4086 Hermon.

286 4139 508 4219 Scribatur
529 4141 684 4218 *comiti
711 4148 755 4218 et
784 4141 1008 4243 capitaneo
1053 4137 1281 4217 Scutarit

189 4259 422 4338 erudivimus
439 4259 491 4338 de
506 4263 667 4362 praticu
695 4262 812 4368 punis
839 4261 979 4340 habitu
994 4285 1104 4340 ¹cum
1131 4258 1286 4338 Belsu
