3206 5110
1155 337 1248 412 *m

154 549 322 650 Leptine
351 552 570 630 remanent
597 552 744 629 nostro
786 543 989 636 dominio,
1016 550 1145 650 pront
1183 551 1250 626 en

155 671 206 750 ad
223 693 442 771 praesens,
469 663 669 754 iaciendo
685 689 815 769 snper
828 665 914 746 hoc
929 688 1099 744 omnem
1114 667 1248 772 possi-

152 791 280 871 bitem
294 791 616 896 experientiam,
645 787 861 866 obtinendi
890 787 1043 866 dictem
1059 791 1245 867 nostram

151 913 435 995 intentionem·
457 923 502 992 ut
529 911 759 1016 profertur.
788 908 963 1008 Quando
992 913 1131 986 antem
1160 933 1247 988 non

151 1034 338 1138 possetis
366 1033 576 1130 obtinere,
608 1030 888 1112 intentionem
917 1032 1107 1112 nostram
1130 1051 1247 1132 praee

153 1155 329 1245 dictam,
356 1155 452 1257 quio
481 1153 649 1232 omnino
678 1151 805 1254 pellet
834 1150 995 1228 habere
1024 1148 1247 1251 ipsnmto·

154 1301 251 1359 oum
279 1274 589 1373 Lustizne,
621 1297 763 1352 sumus
792 1269 995 1357 contenti,
1024 1293 1079 1348 ne
1107 1271 1162 1348 ob
1192 1271 1250 1373 ip·

152 1416 243 1473 sum
272 1395 414 1474 noum
444 1393 649 1480 hosticae,
677 1391 845 1472 deficiat
875 1390 973 1492 quin
991 1387 1168 1466 veniatis
1197 1389 1248 1469 od

153 1539 305 1616 ponem
336 1519 379 1590 et
408 1512 698 1610 concordiam,
731 1519 772 1592 et
800 1513 945 1590 demus
974 1507 1097 1588 vohis
1126 1507 1246 1588 tiber·

153 1639 283 1714 tatem
311 1657 406 1726 cum
435 1633 556 1718 dictis
584 1633 742 1710 nostris
773 1631 980 1717 consitiis,
1011 1631 1125 1732 quod
1155 1653 1248 1733 pos·

154 1753 246 1832 sitis
274 1754 525 1857 promittere
554 1762 737 1832 oestrum
765 1751 912 1832 Budne
940 1775 1035 1828 cum
1074 1751 1163 1832 onis
1184 1753 1246 1849 ju·

154 1871 271 1952 ribus
312 1881 353 1951 et
381 1873 673 1975 pertinentiis,
716 1899 765 1952 ac
795 1869 1028 1952 confinibus
1056 1871 1166 1960 suis,
1208 1875 1250 1946 et
1401 1957 1407 1976 .
1462 1923 1465 1930 ,
1597 1933 1598 1940 Ν

155 2019 251 2074 cum
279 1995 345 2072 his
374 1995 515 2074 eatinis
530 2021 634 2098 quos
658 1997 827 2076 tenebat
840 1995 1057 2100 praefatus
1072 1992 1249 2072 condem

154 2113 350 2194 dominus
369 2116 505 2212 Baton,
537 2123 579 2192 et
606 2119 782 2196 ducatos
812 2117 925 2194 mitte
941 2116 1021 2194 sibi
1037 2113 1248 2192 annuatim

154 2241 200 2312 nt
228 2260 355 2337 supra
382 2236 628 2324 solvendos,
657 2245 698 2316 et
727 2239 862 2340 ipsum
880 2237 1023 2315 locum
1041 2235 1248 2326 bustizoe,

152 2363 199 2436 nt
227 2380 323 2438 cum
351 2357 483 2456 gratie
511 2357 580 2435 dei
607 2359 781 2436 venietis
810 2361 860 2437 ad
900 2358 1049 2436 bonam
1080 2357 1271 2435 conclu„

153 2481 317 2558 sionem
345 2477 462 2581 pacis
490 2485 533 2556 et
562 2479 835 2560 concordiae.
1197 2495 1199 2508 ’
1232 2495 1235 2502 ’

260 2597 1249 2700 CircopertemautemAndreaeHumoioe

156 2744 251 2798 cum
276 2723 459 2818 ,centnm
488 2719 696 2819 domibus,
739 2735 784 2801 ut
820 2747 949 2825 supra
991 2724 1029 2800 in
1059 2717 1246 2824 capituto

156 2842 419 2933 continetur,
459 2843 651 2922 volumus
688 2845 798 2944 qnod
827 2843 1017 2920 debeatis
1045 2851 1139 2921 cum
1168 2838 1249 2915 iltis

147 2957 296 3040 verbis
324 2971 365 3038 et
393 2961 649 3060 rationibus,
693 2988 801 3065 quoe
828 2963 950 3042 vobis
978 2961 1247 3044 videbuntur,

153 3081 197 3160 in
227 3087 358 3160 totum
388 3091 431 3159 et
459 3106 536 3182 per
563 3088 696 3160 totum
725 3085 913 3162 intonare
955 3087 997 3156 et
1024 3078 1247 3157 retrahere

153 3229 232 3282 vos
260 3199 282 3280 o
310 3203 381 3279 tali
408 3204 582 3306 pratica,
606 3203 798 3282 iaciendo
816 3227 982 3281 omnem
998 3198 1247 3304 possibilem

155 3323 477 3429 experientiam,
508 3313 788 3405 concludendi
830 3325 945 3402 iuxta
985 3320 1248 3400 deliberatio·
1400 3363 1405 3370 ·

154 3471 250 3526 nem
279 3450 465 3524 nostram
493 3448 688 3551 superius
716 3449 997 3535 declaratam,
1024 3467 1175 3549 pacem
1205 3448 1248 3519 et

154 3565 434 3646 concordium
469 3565 558 3642 sine
587 3566 699 3644 dicto
732 3567 939 3672 capituto,
981 3563 1077 3669 quia
1105 3585 1247 3640 sumus

155 3687 379 3776 informati,
421 3685 536 3792 qnod
564 3689 647 3767 tate
690 3690 921 3792 capitutum
963 3709 1045 3764 non
1083 3684 1247 3763 faceret

154 3833 235 3911 pro
265 3815 411 3886 nostro
442 3804 646 3892 dominio,
676 3816 718 3885 et
745 3811 894 3911 posset
922 3823 1017 3884 esse
1045 3828 1130 3910 per,
1147 3809 1246 3881 tem·

155 3929 398 4037 porovalde
429 3930 675 4008 damnosum
706 3930 805 4008 ioco
835 3937 983 4007 nostro
1012 3923 1247 4012 Scuio‘ri3

156 4047 322 4153 quondo
352 4053 488 4126 autem
520 4049 627 4130 tacte
657 4048 770 4129 omni
799 4049 993 4154 possibili
1027 4045 1244 4151 experien·

153 4171 223 4266 tin,
250 4195 335 4248 non
348 4171 528 4274 possetis
547 4171 739 4252 obtinere
758 4171 1036 4252 intentionem
1056 4172 1244 4248 nostram

983 4291 1042 4356 13*
