3230 5104
1204 413 1211 424 ·
1238 385 1304 476 aa

203 609 310 687 locis
337 608 573 687 advcnsinis
602 631 737 711 querc
765 592 924 696 velinl3
954 621 996 691 et
1024 590 1149 692 etiam
1178 637 1302 717 quan·

202 739 287 806 tum
316 731 499 809 diximus
528 733 691 808 oratori
735 731 1303 830 regisllerdinandi
1389 730 1396 741 '

198 847 267 925 bic
296 849 507 936 existenti,
526 859 571 926 ut
586 849 771 942 desistat,
787 858 830 928 ct
846 875 930 929 non
947 875 993 928 se
1010 852 1209 963 impediat
1237 855 1303 930 de·

38 961 44 977 ’
198 973 306 1044 statu
335 969 531 1072 predicto
559 993 640 1046 nec
668 971 720 1046 de
762 973 919 1048 comite
950 972 1191 1050 Vlatico
1221 971 1302 1048 bo·

199 1089 396 1167 dlslao
440 1101 481 1168 et
523 1089 824 1167 iratribus
860 1095 1303 1194 quisuntrccomcn·

197 1207 280 1286 dati
312 1210 452 1288 nostri.
482 1206 690 1310 Quodque
706 1209 926 1289 attendant
954 1211 1005 1290 ad
1035 1193 1302 1315 provisiones

198 1339 251 1402 ex
280 1351 357 1403 suo
386 1329 520 1406 latere
550 1327 789 1422 iaciendas,
831 1339 878 1409 ut
906 1332 940 1408 si
969 1315 1052 1433 per
1073 1357 1316 1434 quemnam.

198 1470 282 1549 «pue
309 1448 532 1550 inquietari
561 1449 795 1528 vellentse
827 1451 935 1530 tueri
965 1453 1147 1556 possint:
1174 1456 1301 1554 qood·

199 1591 283 1668 que
313 1575 394 1644 tam
425 1591 503 1670 per
530 1571 640 1646 riom
658 1570 814 1657 Catari,
841 1597 962 1674 quam
992 1573 1191 1676 pervlom
1209 1573 1304 1650 alia·

202 1709 294 1765 rom
313 1695 521 1767 terrarum
549 1697 787 1768 nostrarum
803 1691 1058 1784 Dalmaciae,
1073 1693 1106 1770 si
1124 1693 1178 1770 ila
1195 1715 1303 1795 opus

197 1809 251 1884 sit
290 1810 458 1912 possint
497 1810 728 1913 providere
765 1821 807 1890 et
851 1815 1099 1892 conducere
1141 1812 1193 1891 de
1234 1835 1302 1914 pe·

195 1929 351 2008 ditibus
380 1937 422 2009 et
464 1932 708 2009 ballistariis
751 1953 828 2033 pro
858 1933 943 2008 suis
971 1932 1177 2035 pectiniis,
1205 1952 1298 2008 narn

197 2047 236 2122 in
266 2049 391 2125 terris
419 2052 575 2128 nostris
603 2055 714 2129 sicot
735 2051 935 2149 jussimus
964 2052 1203 2130 rectoribus
1232 2075 1302 2129 no·

196 2167 307 2257 stris,
335 2168 553 2248 habebunt
582 2194 731 2250 omnes
761 2166 930 2248 ia'vores
957 2169 1198 2273 possibiles.

473 2307 578 2374 secr.
603 2325 705 2374 cons.
732 2317 848 2394 rogat.
872 2303 943 2371 lib.
968 2301 1080 2371 xxti.
1105 2309 1163 2371 ch.
1189 2305 1259 2370 rar.

358 2513 652 2664 lixi-1466·
684 2537 726 2611 li
769 2517 1135 2610 Novembris.
1230 2539 1231 2544 '

195 2707 418 2802 blaesos-rents
452 2755 488 2800 aa
512 2758 611 2798 susan
635 2745 880 2817 ltoropcsoro„
916 2721 995 2800 naso
1017 2757 1055 2811 pa
1084 2758 1186 2810 rasas
1211 2759 1302 2818 capr·

202 2909 206 2916 ,
283 2873 286 2878 ·
383 2862 578 2904 aasarososn
603 2862 640 2902 ca
672 2846 821 2902 lnanon
846 2842 1110 2920 llprrosssben».

299 2993 416 3072 Facit
455 3013 536 3097 pro
572 2999 679 3072 stata
717 3001 868 3096 nostro
898 2991 963 3069 bis
991 2995 1170 3070 maxime
1199 2996 1300 3070 tem·

196 3113 397 3213 poribus,
439 3115 591 3216 quibus
628 3111 806 3190 diversis
834 3113 874 3190 in
905 3112 1013 3188 locis
1043 3111 1143 3188 balli
1172 3111 1301 3188 mole*-

194 3233 284 3310 stiis
299 3234 494 3338 impliciti
522 3255 677 3321 sumus,
709 3229 788 3310 illis
815 3232 955 3334 quoad
972 3233 1109 3332 possit
1135 3253 1216 3307 nos
1246 3231 1301 3307 le·

196 3373 310 3441 varo,
339 3353 617 3456 ‹priamobrem
646 3351 757 3429 vadit
783 3373 897 3453 pars:
926 3351 1039 3450 quod
1069 3351 1300 3451 responde·

195 3471 774 3556 oturcomitinostro
814 3468 1115 3548 Catarihis
1145 3467 1300 3578 verbis.

151 3665 157 3674 .
296 3595 555 3696 Accepimus
592 3592 655 3669 ills
691 3587 841 3669 dicbus
871 3589 1031 3668 litteras
1059 3597 1224 3668 vestras
1248 3593 1301 3669 ἥ

192 3717 396 3795 Octobris
424 3731 560 3816 prope
576 3711 783 3818 preteriti,
801 3713 952 3813 quibus
980 3709 1168 3788 scribilis
1195 3709 1300 3787 lua·

80 3893 84 3898 -
193 3855 311 3914 num
342 3831 1300 3934 Cerrroviob'cumpernunoiumsuumso·

194 3958 258 4036 bls
284 3953 522 4054 significare
553 3954 732 4030 iecisse:
776 3961 859 4029 tum
896 3977 974 4054 per
1013 3953 1176 4029 litteras
1203 3953 1299 4052 q'ua·

194 4095 284 4155 mm
299 4075 537 4178 exemplum
555 4073 676 4151 nobis
690 4071 864 4152 misistis
882 4078 1030 4176 postea
1047 4072 1301 4156 declarasse,

194 4216 352 4304 copore
393 4198 432 4275 lo
474 4189 742 4274 devotionem
784 4201 828 4274 et
864 4194 1038 4294 gratiam
1067 4190 1203 4271 nostri
1227 4194 1299 4270 do·
