3224 5110
1205 391 1275 464 w.

176 609 220 681 ut
247 605 357 684 dicte
397 611 542 702 gentes
580 601 738 680 Teucri
781 600 868 679 cito
910 602 1198 680 conducantur
1229 601 1269 676 in

176 725 347 828 paisium
376 723 579 800 Albaniae
606 723 658 798 ad
687 720 848 798 ruinam
877 719 986 796 iliius
1022 719 1271 799 Scandar·

177 845 356 944 beghi
391 842 566 946 perfidi,
614 841 751 920 dando
795 899 805 918 .
846 898 856 919 .
898 898 910 920 .
951 842 1031 918 iilis
1075 843 1268 942 gentibus

176 963 446 1042 Teucri...
475 1017 484 1040 .
514 987 662 1041 omncs
690 963 865 1039 favores
900 960 1146 1062 possibiles,
1188 966 1271 1066 qui-

178 1089 252 1163 bus
300 1084 574 1162 mediantibus
615 1082 751 1162 dictus
802 1083 1271 1185 Scandarbeghc

178 1231 258 1284 non
288 1209 415 1285 modo
432 1208 484 1283 de
501 1204 690 1290 Albania,
718 1203 792 1282 sed
808 1205 862 1282 de
881 1205 1033 1282 mundo
1064 1205 1270 1302 ejiciatur.

180 1327 343 1404 bivero
365 1326 531 1404 videres
562 1383 572 1402 .
678 1383 688 1404 .
714 1325 930 1428 predictas
953 1327 1272 1424 gentcsreucn

179 1475 271 1526 esse
312 1451 587 1526 descensurus
616 1445 690 1524 sed
731 1445 862 1535 tarde,
904 1447 944 1524 in
981 1448 1065 1526 hnc
1102 1458 1274 1526 canunt

180 1569 316 1670 possis
358 1571 576 1646 retardare
619 1574 661 1644 et
703 1565 917 1666 frigenere
957 1567 1140 1645 animum
1175 1567 1274 1646 dicti

180 1689 510 1789 Scandarbeghi
537 1689 741 1776 volumus,
770 1687 884 1790 quod
913 1689 964 1766 ad
995 1689 1084 1765 eius
1108 1711 1273 1790 presen-

178 1811 276 1888 tiam
303 1811 430 1890 vadas
459 1833 555 1888 cum
583 1807 905 1888 nostrisiitteris
930 1808 1274 1900 credentiaiibns,

181 1987 191 2008 .
223 1995 229 2007 .
258 1989 269 2010 .
297 1939 338 2010 et
365 1940 463 2036 post
490 1933 712 2031 generales
733 1931 1002 2008 salutationes
1029 1933 1072 2008 et
1099 1928 1274 2010 oblatiu-

180 2078 389 2156 nes,quae
417 2055 458 2132 in
486 2052 691 2131 similibus
718 2052 992 2153 requiruntur
1020 2109 1030 2131 .
1063 2113 1069 2126 .
1098 2109 1109 2131 .
1137 2052 1272 2132 eidem

181 2173 512 2274 Scandarbegho
554 2175 700 2253 dicere
742 2171 896 2252 debeas
936 2173 989 2252 de
1026 2172 1193 2276 antiqua
1233 2181 1275 2251 et

182 2297 359 2376 maxima
388 2297 569 2376 amicitia
607 2295 743 2376 habita
787 2294 1154 2416 cum-dominc
1194 2295 1275 2374 du
1391 2377 1395 2384 ,

40 2421 55 2442 ·’
182 2441 324 2495 anne
360 2427 530 2521 patre
559 2441 679 2511 saro,
716 2423 759 2496 et
796 2419 1274 2520 quantasccmoditates

180 2536 257 2615 sibi
285 2537 487 2626 fecimus,
522 2547 563 2617 et
600 2544 771 2618 mortuo
812 2535 903 2638 ipso
945 2544 1065 2639 patre
1101 2543 1275 2640 quantas

182 2657 459 2758 benignitates
485 2667 629 2738 nostra
659 2658 891 2740 dominatio
921 2683 1021 2760 erga
1038 2661 1169 2760 ipsum
1190 2683 1274 2738 ma·

182 2775 782 2878 gnificumticorginm
813 2779 1276 2858 etfratressuos

184 2899 455 2979 ostenderit.
486 2959 493 2973 .
522 2951 532 2976 .
564 2955 570 2968 .
601 2905 644 2976 et
670 2905 903 3002 propterca
938 2897 1059 2977 valde
1089 2897 1278 2977 admirati

182 3043 325 3096 sumus
355 3077 362 3091 .
391 3075 400 3095 .
430 3041 560 3120 quare
591 3017 899 3120 ipsedominus,
921 3043 1046 3121 quem
1076 3023 1121 3096 ut
1149 3018 1275 3098 tilium

186 3137 491 3242 reputabamus,
519 3137 667 3218 iecerit
695 3143 739 3216 et
765 3138 890 3218 faciat
912 3146 1059 3218 contra
1080 3163 1173 3238 nos,
1201 3148 1278 3218 ter·

184 3283 252 3340 ras
280 3262 374 3338 ioca
402 3265 446 3338 et
472 3255 861 3346 subditosnostros,
888 3260 927 3338 id
957 3261 1068 3360 quod
1098 3259 1208 3348 iecit,
1236 3267 1279 3338 et

186 3381 298 3482 quod
326 3388 505 3482 propter
532 3403 579 3456 ea
609 3379 715 3483 qnae
746 3379 921 3477 fecimus
956 3403 1064 3481 erga
1100 3389 1279 3484 patrem,

186 3519 285 3598 erga
313 3499 429 3576 ilium
458 3507 499 3578 et
528 3499 679 3577 iratres
709 3499 883 3578 relictos
910 3500 1158 3581 iuvencuios
1186 3557 1197 3580 .
1227 3557 1237 3579 .
1266 3557 1276 3577 .

185 3641 270 3699 nun
311 3617 637 3722 expectabamus
682 3619 762 3697 tai'e
798 3619 1005 3710 meritum,
1047 3629 1091 3700 ut
1131 3627 1278 3699 contra

186 3763 265 3818 nos
301 3747 345 3818 et
380 3745 530 3820 statum
558 3747 748 3820 nostrum
790 3741 900 3820 belia
940 3749 1168 3844 gerat...
1200 3747 1280 3820 ‚et

187 3869 417 3965 propterca
444 3885 641 3960 rogamus
657 3860 1005 3960 magnificentiam
1019 3887 1149 3958 suam,
1165 3863 1278 3967 qnod
1377 3914 1384 3930 ·

186 3983 288 4060 velit
314 3985 365 4062 ab
396 3984 566 4062 offensis
594 3985 798 4090 desistere
827 3991 870 4061 et
894 3986 1002 4064 bene
1017 3986 1191 4066 vicinari
1208 4010 1278 4063 no·

188 4104 350 4222 biscum
394 4161 403 4179 .
446 4157 457 4180 .
498 4161 506 4180 .
549 4162 559 4182 .
608 4103 894 4206 promittendo
936 4107 1017 4208 ipsi
1045 4105 1276 4184 denarios.

190 4233 312 4303 ..et
347 4223 583 4322 rejiciendo
626 4249 731 4328 quas
766 4225 997 4328 petitiones
1038 4228 1191 4306 iecerit
1226 4227 1277 4304 de
