3226 5112
393 411 459 480 m
1455 463 1457 468 .

486 589 850 699 oooxovtt.
881 613 994 688 razo.
1025 611 1087 686 n.
1128 578 1404 706 Augusta,

772 729 1116 831 inRogatia.
1212 789 1217 804 .

393 952 595 1010 cananaeae
620 961 793 1004 naaounnu
817 959 984 1017 uanerauy
1008 943 1260 1016 Cnaaapcuon,
1283 958 1321 1014 aa
1343 957 1487 1012 naemu

361 1108 366 1119 ,
468 1068 639 1124 ropuunuo
664 1067 768 1124 naary
792 1064 987 1124 npnaoaern
1010 1047 1125 1122 Typre
1149 1063 1169 1120 y
1195 1045 1362 1120 Andania,
1385 1063 1423 1115 aa

529 1170 722 1225 neuanaparo
747 1171 784 1212 aa
809 1153 955 1226 cycnuuy
979 1151 1166 1226 Caepapcrry
1200 1150 1355 1212 ooaacm.

494 1323 698 1421 Quoniam
725 1321 909 1402 habetur
936 1320 1191 1406 informatio,
1220 1319 1335 1422 quod
1365 1320 1397 1397 si
1426 1319 1487 1394 da·

392 1447 509 1523 retur
546 1442 749 1548 quaedam
777 1439 966 1542 provisio
995 1441 1249 1519 ducatorum
1276 1440 1345 1518 vet
1375 1439 1487 1518 circa
1578 1547 1579 1554 Ν

392 1563 628 1649 annuatim,
671 1561 765 1638 titiis
804 1562 1091 1662 quondam
1131 1559 1488 1638 Auraneasii

389 1685 429 1762 'l'
443 1711 468 1761 u
485 1707 505 1759 r
520 1709 543 1760 c
558 1683 585 1760 h
602 1683 612 1758 i
629 1739 638 1768 ,
676 1681 746 1781 qui
762 1679 1031 1757 dominantur
1058 1681 1098 1756 in
1128 1680 1318 1781 partibus
1346 1676 1488 1757 uicinis

391 1803 637 1908 Scutari
679 1809 721 1877 et
748 1799 836 1878 aliis
865 1801 971 1879 iocis
1000 1801 1160 1878 nostris
1194 1802 1375 1901 portium
1419 1798 1488 1877 ΑΙ-

391 1922 635 2016 baniae,
677 1919 755 2022 ipsi
797 1927 989 1997 tenerent
1016 1920 1212 2008 modum,
1253 1919 1365 2020 quod
1394 1919 1487 1996 ittae

389 2048 531 2146 partes
561 2047 602 2118 et
630 2041 727 2118 loca
755 2047 913 2126 nostra,
942 2063 1155 2140 nunquam
1183 2041 1489 2120 cursitarentur

375 2152 469 2239 'nec
495 2159 798 2238 infestarentur
826 2187 848 2240 a
875 2159 1073 2250 Teucrion
1100 2159 1210 2238 vadit
1235 2183 1348 2266 pars:
1375 2157 1489 2264 quod

387 2282 513 2358 detur
541 2278 712 2357 tibertus
740 2287 868 2380 atque
896 2279 1117 2358 mandetur
1144 2279 1292 2359 comiti
1319 2289 1365 2358 et
1385 2279 1489 2384 capi·

388 2409 511 2478 tanco
541 2403 692 2478 nostro
723 2399 893 2477 Santoni
910 2457 920 2490 ,
955 2403 1069 2501 quod
1105 2401 1241 2502 possit
1269 2409 1311 2479 et
1338 2399 1489 2479 debeat

387 2542 571 2624 querere
600 2527 643 2598 ct
669 2541 921 2622 procurare,
948 2520 1146 2621 peritios
1173 2521 1376 2599 motiores
1405 2523 1484 2598 mo·

386 2643 477 2731 dos,
506 2641 578 2743 qui
606 2661 709 2715 suae
740 2639 972 2742 sapientiae
999 2638 1270 2733 videbuntur,
1293 2661 1391 2718 cum
1407 2641 1489 2718 dio·

287 2783 289 2790 ’
385 2759 436 2837 tis
462 2759 555 2837 titiis
585 2759 763 2835 condam
793 2759 1045 2847 Auraneaii,
1086 2760 1201 2861 quod
1242 2785 1290 2836 se
1325 2763 1489 2861 obliget

385 2885 427 2957 ct
453 2877 674 2981 promittat
716 2881 772 2960 ita
811 2880 984 2968 facere,
1026 2882 1140 2983 qnod
1182 2881 1284 2960 dicti
1324 2882 1487 2962 'Purchi

384 3024 469 3077 non
507 2999 675 3078 veniant
714 3004 763 3079 ad
794 3004 1102 3080 molestandum
1132 3008 1175 3080 et
1204 2999 1489 3084 cursitandum

384 3121 477 3198 toca
518 3127 561 3198 et
596 3118 787 3198 subditos
827 3127 1001 3199 nostros
1042 3121 1223 3222 partium
1265 3121 1487 3213 Albaniae,

380 3239 467 3318 utto
496 3248 702 3343 tempore;
730 3245 947 3343 possendo
977 3244 1234 3346 promittere
1262 3246 1324 3322 eis
1351 3271 1487 3350 traque

381 3361 432 3436 ad
461 3383 663 3438 summam
704 3361 953 3441 ducatorum
997 3364 1276 3443 ducentorum
1317 3366 1487 3468 singuto

381 3467 505 3557 anno.
557 3477 610 3557 ut
650 3477 686 3555 si
725 3483 865 3559 veniet
905 3481 954 3557 ad
993 3480 1112 3560 istam
1141 3485 1418 3563 concordiam
1446 3492 1490 3564 et

380 3597 750 3702 compositionem,
770 3601 927 3678 debeat
955 3601 1204 3702 providere,
1233 3604 1348 3706 quod
1378 3605 1488 3684 iotae

376 3719 582 3820 pecuniae
610 3721 826 3798 solvantur
852 3745 933 3824 per
959 3721 1278 3826 impositionem
1307 3725 1486 3805 seucot·

378 3838 545 3928 tectam,
574 3841 820 3940 exigendam
851 3842 1063 3922 aaubditis
1081 3853 1124 3923 et
1146 3844 1484 3925 districtuattnus

375 3960 548 4046 nostris,
577 3960 684 4039 sicut
711 3961 810 4039 alias
839 3959 931 4042 flori
962 3965 1197 4042 consuevit.

716 4199 820 4268 Scor.
846 4223 948 4282 cons.
972 4213 1089 4292 rogat.
1115 4205 1271 4270 Lib.X1.
1299 4208 1359 4274 ch.
1379 4211 1437 4274 25.
