3226 5112
294 629 298 637 .
341 557 436 634 loca
463 575 552 646 sua,
579 551 759 652 aquisito
789 549 1108 642 Antibaro,
1135 550 1176 630 id
1206 550 1321 653 quod
1349 573 1431 654 por

338 681 518 754 vestram
556 673 853 754 comissionem
889 673 1131 754 ordinamus
1170 670 1276 750 lieri.
1313 668 1430 749 nnti-

340 795 444 878 baro
474 820 558 875 non
587 792 833 893 subiugata,
869 795 992 874 etde
1020 793 1214 872 omuibus
1240 789 1430 870 debeatis

339 917 392 995 de
419 923 611 1016 tempore
639 917 680 992 in
709 921 875 1016 tempus
900 923 1091 992 nostrum
1107 911 1338 992 dominium
1351 931 1433 1013 per

337 1040 500 1118 vostras
543 1036 701 1114 litteras
726 1034 983 1114 informare.
1026 1032 1226 1112 Ceterum
1259 1033 1300 1124 si
1338 1031 1433 1133 quis
1525 1115 1530 1129 ,

340 1156 461 1233 locus
489 1152 691 1232 obediens
719 1153 832 1233 dicto
871 1154 1015 1234 comiti
1056 1154 1217 1232 levaret
1256 1149 1432 1248 insignia

338 1276 528 1364 alicuius,
554 1274 749 1351 volumus
776 1271 887 1374 quod
915 1271 1000 1350 hoc
1026 1296 1112 1350 non
1155 1270 1350 1348 obstante
1378 1269 1432 1346 la·

271 1455 275 1464 .
338 1397 470 1483 ciatis,
500 1396 610 1476 sicut
644 1396 685 1472 in
714 1402 853 1472 vestra
894 1390 1151 1471 comissione
1191 1391 1431 1469 denotatur.

337 1517 391 1593 nt
418 1539 513 1594 cnm
549 1541 687 1621 prope
720 1515 968 1596 Catarum
1009 1514 1233 1595 edificetur
1260 1537 1282 1590 a
1310 1512 1429 1592 dicto

305 1693 309 1703 ·
338 1636 558 1716 comite
594 1635 848 1714 Stelano
886 1633 1088 1736 quaedam
1118 1631 1267 1712 bastita
1292 1654 1430 1734 propa

339 1777 481 1858 aquas,
510 1753 719 1833 obviando
749 1753 1076 1834 Murlachis
1104 1777 1158 1832 ne
1185 1755 1352 1830 veniant
1377 1750 1429 1830 ad

341 1876 566 1966 civitatem,
594 1884 704 1956 esset
730 1884 876 1955 nostra
901 1875 1098 1966 intentio,
1126 1873 1241 1976 quod
1269 1872 1305 1949 si
1334 1893 1431 1948 cum

339 1997 471 2076 salute
504 1999 720 2098 galearum
748 2004 791 2074 et
817 1997 1034 2076 hominnm
1074 1995 1199 2074 vobis
1226 1989 1428 2071 comisso·

337 2140 430 2192 rum
457 2116 656 2196 videretis
684 2119 791 2195 illam
819 2141 947 2218 posse
964 2117 1106 2196 facere
1122 2111 1264 2200 direci,
1291 2113 1428 2216 ipsam

338 2237 470 2316 dirrui
498 2235 671 2328 faciatis,
698 2261 751 2314 ne
781 2235 936 2316 civitati
964 2250 1006 2316 et
1033 2233 1240 2314 districtui
1279 2238 1429 2310 nostro

340 2355 476 2434 Catari
504 2357 637 2460 possit
665 2356 831 2442 obesse,

410 2491 414 2500 '
686 2494 790 2560 Secr.
814 2515 915 2562 cons.
939 2513 1017 2579 rog.
1040 2493 1115 2558 Lib.
1138 2492 1230 2560 xvl.
1254 2490 1308 2556 cb.
1335 2488 1385 2556 lli.

514 2675 854 2780 OoXXXVl.
885 2703 998 2780 uua.
1038 2710 1072 2780 1.
1100 2699 1246 2780 turri.

335 2841 554 2900 llacraoseub
577 2858 612 2898 oa
636 2858 797 2900 saneraua
821 2844 956 2916 Itym,
977 2843 1101 2917 ruuybe
1126 2859 1165 2900 ce
1188 2858 1268 2918 para
1291 2859 1329 2902 ca
1353 2858 1429 2900 sae·

581 2961 668 3002 sonu
693 2945 912 3004 Creoanonn.
957 2939 1179 3029 (eupoleon).

437 3074 518 3152 Ser
551 3075 797 3157 Antonio
827 3075 1000 3167 Diedo,
1029 3077 1246 3182 capitaneo
1263 3077 1429 3180 Cnlphi.

435 3193 690 3298 Accepimus
721 3197 882 3274 litteras
908 3202 1069 3274 vestras
1085 3205 1127 3274 et
1147 3196 1428 3298 intelligentes

335 3314 484 3400 omnia,
512 3339 617 3416 quae
645 3315 802 3420 pariter
833 3341 928 3394 cum
958 3316 1113 3396 comite
1129 3323 1278 3396 nostro
1309 3314 1426 3395 Scu-

334 3436 443 3511 tari
472 3433 633 3514 lecistis
661 3436 774 3514 circa
802 3435 1069 3537 adeptionem
1098 3427 1260 3516 castelli
1289 3433 1426 3516 civita·

331 3555 384 3629 tis
412 3551 486 3629 An
504 3554 586 3633 tib
604 3577 626 3630 a
641 3580 662 3630 r
677 3555 702 3640 i,
730 3555 781 3632 ad
810 3554 1094 3636 obedientiam
1132 3557 1267 3638 nostri
1296 3556 1424 3634 domi·

332 3671 385 3758 ni,
412 3680 596 3776 vestram
630 3675 894 3778 prudentiam
924 3684 967 3754 et
992 3677 1233 3758 virilitatem
1274 3675 1425 3756 merito

333 3791 690 3874 commendamus.
720 3793 998 3874 Postmodum
1025 3803 1165 3876 autem
1192 3796 1425 3896 intelligen-

331 3919 396 3988 tes
425 3937 501 4016 per
530 3915 631 3991 alias
659 3925 823 3993 vestras
852 3913 1042 4008 litteras,
1085 3916 1265 4017 praticas
1311 3915 1426 3994 vobis

333 4041 554 4130 porrectas
582 4057 660 4136 per
686 4031 1006 4111 ambassiatores
1036 4061 1060 4114 c
1078 4058 1104 4113 o
1119 4061 1160 4112 m
1175 4036 1189 4114 i
1204 4041 1219 4112 t
1233 4035 1281 4110 is
1312 4035 1370 4111 St
1386 4059 1425 4108 e·

333 4145 384 4221 fa
400 4149 466 4242 ni,
493 4151 607 4232 circa
635 4157 835 4251 treuguas
864 4152 1109 4244 faciendas,
1136 4162 1182 4260 et
1209 4151 1424 4256 aptissime
