3226 5112
982 525 1057 546 ,x
1209 427 1274 525 ita

176 665 219 736 et
246 657 386 738 omnia
428 657 522 738 ioca
539 753 543 758 ¹
560 633 767 762 acquisita
794 683 876 760 per
902 656 1014 738 eum.
1068 659 1182 762 litai
1210 614 1273 742 uc·
1310 627 1315 634 ἱ

176 775 392 880 quiremus
407 775 544 879 aliqua
574 801 628 854 ex
655 775 779 856 dictis
808 779 930 870 iocis,
957 778 1204 860 iiiatrncre
1231 789 1274 862 'et

174 897 396 999 possidere
438 896 724 1000 disponimus,
763 898 860 1000 quia
885 899 1075 978 debitum
1104 909 1147 979 et
1173 925 1272 980 con·

18 1061 22 1070 ·
176 1013 349 1094 veniens
376 1025 465 1108 est,
505 1017 618 1118 quod
659 1017 692 1094 si
722 1039 770 1092 ea
800 1039 895 1093 cum
924 1018 1116 1120 pecuniis
1145 1023 1188 1096 et
1215 1020 1272 1096 ei·

176 1133 341 1212 fusione
369 1133 579 1234 sanguinis
607 1139 852 1214 nostrorum
879 1144 922 1214 et
949 1161 1043 1215 cum
1072 1143 1274 1240 opereat

175 1251 387 1354 diligentia
414 1257 561 1332 nostra
589 1254 870 1356 acquiremus,
898 1255 969 1333 iiia
995 1254 1119 1336 nobis
1145 1259 1272 1338 debe·

175 1381 244 1452 aui
271 1395 506 1453 remanere.
560 1373 610 1452 ut
638 1375 862 1478 expeditus
890 1375 1026 1455 dictus
1052 1377 1221 1456 nuntius
1249 1401 1273 1455 a

173 1491 580 1592 suamagniiicentia
608 1495 763 1574 debeat
790 1497 841 1576 ad
879 1521 955 1574 vos
997 1499 1180 1588 reverti,
1218 1501 1271 1579 de

174 1609 368 1689 omnibus
408 1613 648 1716 plenissime
689 1613 952 1695 informatus.
1018 1618 1177 1695 Verum
1216 1617 1271 1696 de
1319 1653 1323 1659 ·

175 1731 373 1810 omuibus
412 1757 519 1836 quae
555 1733 596 1812 iu
634 1735 932 1839 suprascriptis
959 1719 1147 1814 materiis
1173 1758 1271 1812 exe·
1394 1725 1397 1730 ’

175 1859 295 1933 cutus
324 1853 514 1946 fueritis,
552 1855 643 1934 sitis
669 1857 878 1934 sollicitus
907 1865 1055 1936 nostro
1083 1857 1271 1935 dominio

173 1971 408 2076 significare
437 1999 515 2081 pro
544 1983 688 2056 nostru
717 1977 1030 2057 informatione·

517 2127 624 2236 soen
648 2189 749 2234 cons.
774 2175 888 2252 rogat.
915 2165 987 2232 Lib.
1012 2167 1071 2232 xi.
1096 2165 1150 2232 ch.
1174 2164 1226 2272 Si.
1266 2117 1271 2129 ἱ

173 2365 379 2504 0000.
410 2428 524 2504 tuso.
563 2424 769 2504 indict.
798 2425 872 2504 lx.
899 2431 964 2506 aa.
991 2422 1270 2522 Augusti,

544 2547 600 2624 in
639 2543 897 2644 lingniis.

171 2775 355 2852 Oproaopn
379 2789 618 2844 nocaauuuna
643 2789 743 2850 apaan
768 2775 999 2844 succursura,
1024 2775 1270 2842 aaaamicrapa

172 2896 190 2934 u
214 2877 365 2950 yrapcuu
390 2892 490 2950 spus
513 2893 531 2932 a
554 2875 686 2950 Typcan
710 2890 862 2949 eparcus
887 2890 1059 2934 anxreaaro
1084 2891 1149 2944 aaa
1175 2875 1268 2946 aira,

341 2993 379 3045 aa
404 2993 553 3052 upeuuae
575 2973 820 3052 upianeascrno
842 2991 878 3030 ca
904 2977 1099 3042 itinerante.

273 3165 392 3261 Quod
422 3162 769 3243 ambasiatoribus
806 3160 1065 3241 serenissimi
1101 3159 1269 3238 dorni·

169 3285 220 3360 ni
262 3285 424 3382 regis
467 3283 786 3370 cassinae,
826 3284 877 3360 ad
922 3306 971 3359 eu
1008 3280 1268 3382 quaeuobis

167 3411 483 3506 exposuerunt,
513 3427 645 3507 super
673 3403 786 3481 facio
819 3398 1106 3503 requisitionis
1133 3399 1268 3477 iactae
1404 3473 1442 3484 ,,

166 3521 412 3627 eidcmper
437 3522 653 3602 domiuum
687 3531 889 3622 'regem
925 3517 1267 3619 Hungaria'e

167 3649 210 3718 et
250 3643 540 3720 dominum
581 3642 978 3725 Teucrorum,
1022 3647 1067 3716 ut
1104 3645 1269 3741 rumpat

168 3785 264 3839 cum
294 3771 444 3842 nostro
474 3763 678 3859 dominio,
695 3773 738 3841 et
762 3763 876 3864 quod
903 3761 1131 3862 superinde
1156 3765 1269 3861 pete·

169 3881 239 3960 bat
280 3883 505 3960 consitium
548 3891 739 3960 nostrum
783 3886 867 3959 etc.
896 3887 1026 3982 prout
1054 3901 1131 3980 per
1157 3901 1269 3955 sere·

167 4003 382 4081 nissimum
414 4004 628 4082 dominum
657 4002 805 4080 ducem
823 4008 887 4078 est
901 4001 1141 4103 expositum
1169 3997 1269 4078 huic

167 4121 380 4206 consilio.
422 4122 757 4222 respondeatur:
801 4121 915 4222 quod
957 4118 1184 4198 audivimus
1226 4127 1269 4198 ei
1324 4223 1333 4232 Ι

170 4240 453 4326 intelleximus
494 4263 787 4346 quaecumque
817 4239 939 4323 nobis
978 4247 1269 4351 exposuerunt
