3234 5116
1282 395 1327 476 π’

236 642 379 697 sumus
420 615 609 699 contenti
651 614 700 692 ud
741 613 1021 715 praesentiam
1064 613 1127 693 sni
1170 611 1327 698 domini

237 737 403 816 mittere
429 759 557 815 unum
586 732 958 818 ambassiatorem,
987 740 1030 811 et
1056 737 1091 813 si
1119 735 1247 816 habet
1274 737 1326 819 ad

238 857 322 937 hoc
350 857 603 948 libertatem,
629 853 794 958 placeat
809 851 953 931 faeere
973 855 1130 934 salvum
1146 859 1325 938 conduc·

236 989 321 1058 tum
348 983 498 1059 nostro
525 973 1158 1065 annaniatonr,...sivenonon
1188 977 1327 1067 habet,

237 1107 384 1180 noster
411 1099 691 1178 ambassiator
718 1096 799 1175 erit
825 1095 866 1173 in
907 1093 1019 1176 Son
1036 1103 1166 1178 tare
1197 1105 1241 1178 et
1268 1098 1326 1178 ibi

236 1221 481 1325 expectabit
505 1216 1068 1302 salvumconductum....in
1099 1243 1183 1321 quo
1200 1222 1326 1302 conti·
1465 1279 1467 1287 Α

237 1350 413 1431 nentur,
452 1339 565 1444 quod
594 1337 901 1418 nonobstante
929 1337 1192 1442 expiratione
1219 1347 1329 1422 treu-

240 1487 415 1566 guamm
443 1463 578 1542 dietus
607 1461 878 1539 ambassator
896 1458 949 1537 sit
975 1455 1113 1537 salvus
1142 1469 1185 1540 et
1211 1487 1327 1542 secu·

241 1609 312 1682 rus
339 1603 472 1688 nsque
514 1581 695 1661 reditum
724 1583 870 1669 sunm3
913 1623 959 1638 -
989 1586 1111 1658 etex
1138 1607 1248 1662 nsanc
1265 1585 1330 1663 ‘sit

242 1713 437 1810 captum,
480 1705 594 1808 quod
615 1702 741 1824 smmi
778 1702 934 1781 debeat
968 1701 1019 1782 od
1047 1705 1328 1806 praesentiam

241 1825 399 1903 domini
441 1824 607 1929 despoti
646 1821 798 1902 nonnis
838 1825 905 1901 vir
943 1849 1015 1902 ser
1065 1823 1329 1905 doeobus

243 1941 512 2023 Danduio
554 1993 567 2022 .
605 2001 617 2023 .
652 1953 694 2023 et
722 1945 776 2023 de
804 1945 1062 2022 comissione
1089 1969 1164 2022 sua
1190 1948 1329 2049 provi-

241 2062 409 2145 debitur
434 2091 513 2170 per
541 2066 795 2166 collegium
823 2064 876 2141 de
905 2089 1066 2142 exem
1086 2067 1163 2144 iis
1190 2075 1329 2148 autem

240 2186 453 2266 mittendis
478 2208 556 2290 per
570 2185 727 2266 dictum
755 2185 1086 2265 ambassatorem
1113 2187 1330 2290 provideri

242 2309 396 2386 debeat
427 2331 508 2412 per
533 2307 798 2406 collegium
830 2327 914 2382 non
943 2307 1193 2385 excedendo
1222 2333 1326 2388 sum·

240 2453 348 2508 mam
377 2429 629 2507 ducatorum
667 2427 1015 2529 quingentorum
1057 2435 1099 2508 et
1127 2431 1327 2527 comissio

239 2555 283 2627 et
309 2573 378 2628 ex
394 2574 419 2626 e
434 2574 475 2627 m
491 2549 545 2626 ie
586 2547 694 2626 mitti
731 2547 914 2626 debeant
945 2555 1094 2630 nostro
1124 2552 1328 2631 ambassa-

238 2669 322 2746 tori
362 2667 431 2747 die
458 2667 602 2748 Saboti
631 2668 816 2748 secunda
855 2669 1009 2748 mensis
1050 2671 1246 2774 proxime
1274 2674 1329 2751 iu·

240 2789 321 2868 turi
351 2790 401 2866 ad
429 2781 618 2890 longius3
660 2795 703 2867 ct
729 2791 763 2866 si
792 2791 927 2869 dictus
953 2791 1215 2872 ambassator
1240 2776 1329 2876 des·

239 2907 330 3012 poti
356 2917 474 3012 petet
511 2910 720 2990 licentiam
748 2909 1001 3002 recedendi,
1041 2914 1194 2992 debeat
1221 2915 1261 2992 ei
1289 2917 1331 2994 ii'·

238 3025 391 3118 vcentiu-
407 3029 510 3106 dari.

514 3167 619 3234 Secr.
644 3167 756 3235 cons.
780 3169 912 3256 Rogat.
935 3165 1013 3236 Lib.
1038 3169 1132 3239 vlu.
1155 3175 1211 3238 ch'.
1233 3171 1285 3238 53.

334 3389 749 3548 CCCXXXVII.
780 3417 890 3494 1422.
917 3421 980 3493 es.
1009 3377 1252 3521 Aprilis.

242 3603 422 3680 Oproaops
456 3620 689 3677 nocsaannmsa
726 3625 896 3667 eeaaeors
930 3606 1079 3680 roieope
1113 3607 1329 3668 noeancnon

593 3708 745 3782 Cannam.
771 3707 984 3792 (Crpaiseao).

345 3873 465 3974 Quod
494 3875 850 3954 ambassatoribus
892 3875 1102 3978 magnifici
1141 3883 1329 3959 vai'vo·

244 3993 268 4070 d
285 4021 308 4076 a
324 4019 349 4073 e
385 3996 492 4076 San
507 3998 533 4074 d
550 4023 573 4077 a
589 3998 600 4074 Ι
617 3999 630 4075 i
668 4001 978 4102 respondeatur
1006 4001 1044 4076 in
1072 4001 1153 4081 hac
1182 4003 1329 4082 forma:

242 4115 295 4196 lit
322 4118 463 4220 primo
493 4121 543 4196 ad
573 4117 891 4220 requisitionem
921 4145 1044 4223 quam
1073 4123 1250 4212 faciunt,
1285 4129 1330 4201 ut

242 4239 422 4320 velimus
450 4239 622 4320 domino
650 4263 727 4318 suo
754 4241 1047 4324 vaivodae
1076 4242 1329 4338 Sandaii,
