<?xml version="1.0" encoding="UTF-8"?>
<!DOCTYPE html PUBLIC "-//W3C//DTD XHTML 1.0 Transitional//EN"
    "http://www.w3.org/TR/xhtml1/DTD/xhtml1-transitional.dtd">
<html xmlns="http://www.w3.org/1999/xhtml" xml:lang="en" lang="en">
 <head>
  <title>
</title>
<meta http-equiv="Content-Type" content="text/html;charset=utf-8" />
  <meta name='ocr-system' content='tesseract 3.04.00' />
  <meta name='ocr-capabilities' content='ocr_page ocr_carea ocr_par ocr_line ocrx_word'/>
</head>
<body>
  <div class='ocr_page' id='page_1' title='image "./actaarchivivene00sergoog_0188.png"; bbox 0 0 3212 5116; ppageno 0'>
   <div class='ocr_carea' id='block_1_1' title="bbox 363 553 1449 714">
    <p class='ocr_par' dir='ltr' id='par_1_1' title="bbox 363 553 1449 714">
     <span class='ocr_line' id='line_1_1' title="bbox 363 553 1449 714; baseline 0.001 -25"><span class='ocrx_word' id='word_1_1' title='bbox 363 635 458 690; x_wconf 82' lang='lat' dir='ltr'>cum</span> <span class='ocrx_word' id='word_1_2' title='bbox 488 612 618 710; x_wconf 83' lang='lat' dir='ltr'>galeis</span> <span class='ocrx_word' id='word_1_3' title='bbox 644 609 723 688; x_wconf 86' lang='lat' dir='ltr'>sibi</span> <span class='ocrx_word' id='word_1_4' title='bbox 753 613 960 702; x_wconf 74' lang='lat' dir='ltr'><strong>comissis,</strong></span> <span class='ocrx_word' id='word_1_5' title='bbox 984 553 1070 690; x_wconf 88' lang='lat' dir='ltr'>non</span> <span class='ocrx_word' id='word_1_6' title='bbox 1084 609 1357 714; x_wconf 74' lang='lat' dir='ltr'>intelligendo</span> <span class='ocrx_word' id='word_1_7' title='bbox 1384 635 1449 714; x_wconf 81' lang='lat' dir='ltr'>ga-</span> 
     </span>
    </p>
   </div>
   <div class='ocr_carea' id='block_1_2' title="bbox 344 730 1475 4328">
    <p class='ocr_par' dir='ltr' id='par_1_2' title="bbox 344 730 1475 4328">
     <span class='ocr_line' id='line_1_2' title="bbox 363 730 1446 834; baseline -0.001 -25"><span class='ocrx_word' id='word_1_8' title='bbox 363 730 449 809; x_wconf 87' lang='lat' dir='ltr'>leas</span> <span class='ocrx_word' id='word_1_9' title='bbox 477 753 583 831; x_wconf 87' lang='lat' dir='ltr'>qnae</span> <span class='ocrx_word' id='word_1_10' title='bbox 622 731 792 810; x_wconf 84' lang='lat' dir='ltr'>fuerunt</span> <span class='ocrx_word' id='word_1_11' title='bbox 817 734 869 810; x_wconf 91' lang='lat' dir='ltr'>ad</span> <span class='ocrx_word' id='word_1_12' title='bbox 896 737 1146 823; x_wconf 88' lang='lat' dir='ltr'>mercatum,</span> <span class='ocrx_word' id='word_1_13' title='bbox 1177 757 1298 834; x_wconf 90' lang='lat' dir='ltr'>quarn</span> <span class='ocrx_word' id='word_1_14' title='bbox 1327 733 1446 812; x_wconf 87' lang='lat' dir='ltr'>citius</span> 
     </span>
     <span class='ocr_line' id='line_1_3' title="bbox 358 850 1448 954; baseline 0.001 -23"><span class='ocrx_word' id='word_1_15' title='bbox 358 853 516 954; x_wconf 89' lang='lat' dir='ltr'>poterit</span> <span class='ocrx_word' id='word_1_16' title='bbox 542 853 663 932; x_wconf 85' lang='lat' dir='ltr'>vadat</span> <span class='ocrx_word' id='word_1_17' title='bbox 690 852 740 929; x_wconf 91' lang='lat' dir='ltr'>ad</span> <span class='ocrx_word' id='word_1_18' title='bbox 768 860 904 936; x_wconf 85' lang='lat' dir='ltr'>terras</span> <span class='ocrx_word' id='word_1_19' title='bbox 931 858 1096 932; x_wconf 83' lang='lat' dir='ltr'>nostrus</span> <span class='ocrx_word' id='word_1_20' title='bbox 1125 850 1448 944; x_wconf 59' lang='lat' dir='ltr'>sclavoniam</span> 
     </span>
     <span class='ocr_line' id='line_1_4' title="bbox 358 970 1446 1076; baseline 0.005 -29"><span class='ocrx_word' id='word_1_21' title='bbox 358 970 556 1049; x_wconf 88' lang='lat' dir='ltr'>videlicet</span> <span class='ocrx_word' id='word_1_22' title='bbox 583 971 903 1076; x_wconf 82' lang='lat' dir='ltr'>Spalatum,</span> <span class='ocrx_word' id='word_1_23' title='bbox 943 972 1277 1072; x_wconf 77' lang='lat' dir='ltr'>Tragurium</span> <span class='ocrx_word' id='word_1_24' title='bbox 1306 981 1349 1051; x_wconf 88' lang='lat' dir='ltr'>et</span> <span class='ocrx_word' id='word_1_25' title='bbox 1375 976 1446 1052; x_wconf 90' lang='lat' dir='ltr'>eti·</span> 
     </span>
     <span class='ocr_line' id='line_1_5' title="bbox 360 1089 1475 1190; baseline 0.003 -23"><span class='ocrx_word' id='word_1_26' title='bbox 360 1115 424 1167; x_wconf 89' lang='lat' dir='ltr'>am</span> <span class='ocrx_word' id='word_1_27' title='bbox 453 1089 723 1172; x_wconf 73' lang='lat' dir='ltr'>Sibiniou</span> <span class='ocrx_word' id='word_1_28' title='bbox 736 1117 774 1180; x_wconf 92' lang='grc'>11,</span> <span class='ocrx_word' id='word_1_29' title='bbox 803 1094 839 1170; x_wconf 93' lang='lat' dir='ltr'>si</span> <span class='ocrx_word' id='word_1_30' title='bbox 867 1093 904 1170; x_wconf 89' lang='lat' dir='ltr'>ei</span> <span class='ocrx_word' id='word_1_31' title='bbox 932 1091 1152 1172; x_wconf 90' lang='lat' dir='ltr'>videretur</span> <span class='ocrx_word' id='word_1_32' title='bbox 1180 1115 1274 1171; x_wconf 88' lang='lat' dir='ltr'>esse</span> <span class='ocrx_word' id='word_1_33' title='bbox 1301 1118 1446 1172; x_wconf 84' lang='lat' dir='ltr'>neces·</span> <span class='ocrx_word' id='word_1_34' title='bbox 1473 1185 1475 1190; x_wconf 23' lang='grc' dir='ltr'>Ι</span> 
     </span>
     <span class='ocr_line' id='line_1_6' title="bbox 358 1212 1446 1303; baseline 0.004 -16"><span class='ocrx_word' id='word_1_35' title='bbox 358 1212 534 1292; x_wconf 83' lang='lat' dir='ltr'>seillac</span> <span class='ocrx_word' id='word_1_36' title='bbox 569 1212 658 1303; x_wconf 89' lang='lat' dir='ltr'>ire,</span> <span class='ocrx_word' id='word_1_37' title='bbox 686 1219 731 1290; x_wconf 82' lang='lat' dir='ltr'>et&#39;</span> <span class='ocrx_word' id='word_1_38' title='bbox 754 1213 893 1292; x_wconf 88' lang='lat' dir='ltr'>habita</span> <span class='ocrx_word' id='word_1_39' title='bbox 935 1213 1162 1292; x_wconf 87' lang='lat' dir='ltr'>collatione</span> <span class='ocrx_word' id='word_1_40' title='bbox 1191 1238 1285 1294; x_wconf 89' lang='lat' dir='ltr'>cum</span> <span class='ocrx_word' id='word_1_41' title='bbox 1309 1221 1446 1293; x_wconf 90' lang='lat' dir='ltr'>recto·</span> 
     </span>
     <span class='ocr_line' id='line_1_7' title="bbox 357 1332 1447 1438; baseline 0.001 -29"><span class='ocrx_word' id='word_1_42' title='bbox 357 1332 472 1434; x_wconf 88' lang='lat' dir='ltr'>ribus</span> <span class='ocrx_word' id='word_1_43' title='bbox 499 1335 652 1412; x_wconf 89' lang='lat' dir='ltr'>nostris</span> <span class='ocrx_word' id='word_1_44' title='bbox 687 1336 849 1412; x_wconf 82' lang='lat' dir='ltr'>illarum</span> <span class='ocrx_word' id='word_1_45' title='bbox 904 1342 1136 1434; x_wconf 87' lang='lat' dir='ltr'>terrarum,</span> <span class='ocrx_word' id='word_1_46' title='bbox 1171 1342 1213 1413; x_wconf 90' lang='lat' dir='ltr'>et</span> <span class='ocrx_word' id='word_1_47' title='bbox 1241 1341 1447 1438; x_wconf 87' lang='lat' dir='ltr'>percepta</span> 
     </span>
     <span class='ocr_line' id='line_1_8' title="bbox 359 1453 1447 1559; baseline 0 -28"><span class='ocrx_word' id='word_1_48' title='bbox 359 1453 409 1531; x_wconf 87' lang='lat' dir='ltr'>ab</span> <span class='ocrx_word' id='word_1_49' title='bbox 438 1453 497 1532; x_wconf 89' lang='lat' dir='ltr'>eis</span> <span class='ocrx_word' id='word_1_50' title='bbox 539 1456 651 1534; x_wconf 89' lang='lat' dir='ltr'>omni</span> <span class='ocrx_word' id='word_1_51' title='bbox 692 1456 988 1534; x_wconf 80' lang='lat' dir='ltr'><strong>informatione</strong></span> <span class='ocrx_word' id='word_1_52' title='bbox 1016 1480 1139 1559; x_wconf 90' lang='lat' dir='ltr'>quam</span> <span class='ocrx_word' id='word_1_53' title='bbox 1179 1455 1341 1557; x_wconf 88' lang='lat' dir='ltr'>poterit</span> <span class='ocrx_word' id='word_1_54' title='bbox 1381 1479 1447 1531; x_wconf 90' lang='lat' dir='ltr'>su·</span> 
     </span>
     <span class='ocr_line' id='line_1_9' title="bbox 358 1574 1448 1680; baseline -0.001 -26"><span class='ocrx_word' id='word_1_55' title='bbox 358 1597 436 1678; x_wconf 90' lang='lat' dir='ltr'>per</span> <span class='ocrx_word' id='word_1_56' title='bbox 462 1576 583 1654; x_wconf 86' lang='lat' dir='ltr'>novis</span> <span class='ocrx_word' id='word_1_57' title='bbox 619 1576 846 1680; x_wconf 87' lang='lat' dir='ltr'>praedictis</span> <span class='ocrx_word' id='word_1_58' title='bbox 888 1583 931 1656; x_wconf 86' lang='lat' dir='ltr'>et</span> <span class='ocrx_word' id='word_1_59' title='bbox 965 1599 1096 1680; x_wconf 90' lang='lat' dir='ltr'>super</span> <span class='ocrx_word' id='word_1_60' title='bbox 1132 1574 1448 1680; x_wconf 78' lang='lat' dir='ltr'>provisionibus</span> 
     </span>
     <span class='ocr_line' id='line_1_10' title="bbox 357 1696 1446 1801; baseline 0.002 -29"><span class='ocrx_word' id='word_1_61' title='bbox 357 1719 465 1798; x_wconf 89' lang='lat' dir='ltr'>quae</span> <span class='ocrx_word' id='word_1_62' title='bbox 492 1696 737 1775; x_wconf 91' lang='lat' dir='ltr'>viderentur</span> <span class='ocrx_word' id='word_1_63' title='bbox 765 1697 952 1792; x_wconf 87' lang='lat' dir='ltr'>fiendae,</span> <span class='ocrx_word' id='word_1_64' title='bbox 995 1698 1218 1801; x_wconf 90' lang='lat' dir='ltr'>provideat</span> <span class='ocrx_word' id='word_1_65' title='bbox 1255 1719 1333 1799; x_wconf 92' lang='lat' dir='ltr'>per</span> <span class='ocrx_word' id='word_1_66' title='bbox 1361 1721 1446 1774; x_wconf 89' lang='lat' dir='ltr'>om·</span> 
     </span>
     <span class='ocr_line' id='line_1_11' title="bbox 358 1816 1446 1922; baseline 0.005 -28"><span class='ocrx_word' id='word_1_67' title='bbox 358 1841 454 1894; x_wconf 86' lang='lat' dir='ltr'>nem</span> <span class='ocrx_word' id='word_1_68' title='bbox 482 1818 653 1895; x_wconf 87' lang='lat' dir='ltr'>modum</span> <span class='ocrx_word' id='word_1_69' title='bbox 681 1825 724 1898; x_wconf 84' lang='lat' dir='ltr'>et</span> <span class='ocrx_word' id='word_1_70' title='bbox 762 1817 881 1909; x_wconf 87' lang='lat' dir='ltr'>viam,</span> <span class='ocrx_word' id='word_1_71' title='bbox 909 1818 1059 1920; x_wconf 87' lang='lat' dir='ltr'>quibus</span> <span class='ocrx_word' id='word_1_72' title='bbox 1086 1820 1234 1897; x_wconf 89' lang='lat' dir='ltr'>melius</span> <span class='ocrx_word' id='word_1_73' title='bbox 1254 1816 1347 1896; x_wconf 84' lang='lat' dir='ltr'>fieri</span> <span class='ocrx_word' id='word_1_74' title='bbox 1373 1844 1446 1922; x_wconf 91' lang='lat' dir='ltr'>po·</span> 
     </span>
     <span class='ocr_line' id='line_1_12' title="bbox 361 1936 1446 2032; baseline 0.001 -15"><span class='ocrx_word' id='word_1_75' title='bbox 361 1937 458 2018; x_wconf 85' lang='lat' dir='ltr'>terit</span> <span class='ocrx_word' id='word_1_76' title='bbox 486 1963 580 2016; x_wconf 89' lang='lat' dir='ltr'>cnm</span> <span class='ocrx_word' id='word_1_77' title='bbox 608 1938 694 2016; x_wconf 89' lang='lat' dir='ltr'>suis</span> <span class='ocrx_word' id='word_1_78' title='bbox 723 1939 997 2032; x_wconf 81' lang='lat' dir='ltr'>consiliariis,</span> <span class='ocrx_word' id='word_1_79' title='bbox 1025 1936 1078 2020; x_wconf 88' lang='lat' dir='ltr'>de</span> <span class='ocrx_word' id='word_1_80' title='bbox 1106 1940 1243 2018; x_wconf 89' lang='lat' dir='ltr'>dando</span> <span class='ocrx_word' id='word_1_81' title='bbox 1272 1939 1446 2018; x_wconf 87' lang='lat' dir='ltr'>subsidi·</span> 
     </span>
     <span class='ocr_line' id='line_1_13' title="bbox 357 2057 1447 2163; baseline 0 -29"><span class='ocrx_word' id='word_1_82' title='bbox 357 2083 426 2136; x_wconf 89' lang='lat' dir='ltr'>um</span> <span class='ocrx_word' id='word_1_83' title='bbox 467 2065 510 2137; x_wconf 91' lang='lat' dir='ltr'>et</span> <span class='ocrx_word' id='word_1_84' title='bbox 551 2057 769 2146; x_wconf 86' lang='lat' dir='ltr'>favorem,</span> <span class='ocrx_word' id='word_1_85' title='bbox 810 2060 920 2140; x_wconf 89' lang='lat' dir='ltr'>sicut</span> <span class='ocrx_word' id='word_1_86' title='bbox 972 2061 1084 2140; x_wconf 91' lang='lat' dir='ltr'>dioto</span> <span class='ocrx_word' id='word_1_87' title='bbox 1141 2059 1361 2163; x_wconf 86' lang='lat' dir='ltr'>capitaneo</span> <span class='ocrx_word' id='word_1_88' title='bbox 1404 2063 1447 2134; x_wconf 90' lang='lat' dir='ltr'>et</span> 
     </span>
     <span class='ocr_line' id='line_1_14' title="bbox 356 2171 1443 2282; baseline -0.001 -25"><span class='ocrx_word' id='word_1_89' title='bbox 356 2179 604 2257; x_wconf 80' lang='lat' dir='ltr'>consiliariis</span> <span class='ocrx_word' id='word_1_90' title='bbox 627 2203 703 2258; x_wconf 89' lang='lat' dir='ltr'>sen</span> <span class='ocrx_word' id='word_1_91' title='bbox 731 2181 880 2259; x_wconf 86' lang='lat' dir='ltr'>maiori</span> <span class='ocrx_word' id='word_1_92' title='bbox 907 2171 1193 2282; x_wconf 81' lang='lat' dir='ltr'>eorum&#39;parti</span> <span class='ocrx_word' id='word_1_93' title='bbox 1219 2177 1443 2276; x_wconf 85' lang='lat' dir='ltr'>videbitur,</span> 
     </span>
     <span class='ocr_line' id='line_1_15' title="bbox 356 2297 1446 2388; baseline -0.002 -10"><span class='ocrx_word' id='word_1_94' title='bbox 356 2300 502 2378; x_wconf 87' lang='lat' dir='ltr'>castris</span> <span class='ocrx_word' id='word_1_95' title='bbox 557 2297 765 2378; x_wconf 86' lang='lat' dir='ltr'>Clissii</span> <span class='ocrx_word' id='word_1_96' title='bbox 805 2307 848 2378; x_wconf 90' lang='lat' dir='ltr'>et</span> <span class='ocrx_word' id='word_1_97' title='bbox 902 2298 1272 2388; x_wconf 84' lang='lat' dir='ltr'>Scardonae‚</span> <span class='ocrx_word' id='word_1_98' title='bbox 1312 2303 1358 2375; x_wconf 90' lang='lat' dir='ltr'>ut</span> <span class='ocrx_word' id='word_1_99' title='bbox 1398 2321 1446 2376; x_wconf 89' lang='lat' dir='ltr'>se</span> 
     </span>
     <span class='ocr_line' id='line_1_16' title="bbox 354 2417 1448 2525; baseline 0 -29"><span class='ocrx_word' id='word_1_100' title='bbox 354 2420 564 2500; x_wconf 86' lang='lat' dir='ltr'>sustinere</span> <span class='ocrx_word' id='word_1_101' title='bbox 607 2421 795 2525; x_wconf 81' lang='lat' dir='ltr'>possint3</span> <span class='ocrx_word' id='word_1_102' title='bbox 824 2421 859 2498; x_wconf 90' lang='lat' dir='ltr'>si</span> <span class='ocrx_word' id='word_1_103' title='bbox 886 2420 972 2500; x_wconf 91' lang='lat' dir='ltr'>hoc</span> <span class='ocrx_word' id='word_1_104' title='bbox 1000 2419 1143 2499; x_wconf 81' lang='lat' dir='ltr'>faeere</span> <span class='ocrx_word' id='word_1_105' title='bbox 1182 2443 1310 2522; x_wconf 88' lang='lat' dir='ltr'>posse</span> <span class='ocrx_word' id='word_1_106' title='bbox 1336 2417 1448 2496; x_wconf 89' lang='lat' dir='ltr'>vide·</span> 
     </span>
     <span class='ocr_line' id='line_1_17' title="bbox 354 2539 1447 2640; baseline 0.004 -25"><span class='ocrx_word' id='word_1_107' title='bbox 354 2539 457 2620; x_wconf 90' lang='lat' dir='ltr'>bunt</span> <span class='ocrx_word' id='word_1_108' title='bbox 497 2565 591 2621; x_wconf 89' lang='lat' dir='ltr'>cum</span> <span class='ocrx_word' id='word_1_109' title='bbox 644 2543 901 2618; x_wconf 88' lang='lat' dir='ltr'>salvamento</span> <span class='ocrx_word' id='word_1_110' title='bbox 945 2545 988 2618; x_wconf 85' lang='lat' dir='ltr'>ot</span> <span class='ocrx_word' id='word_1_111' title='bbox 1028 2539 1256 2619; x_wconf 79' lang='lat' dir='ltr'>securitate</span> <span class='ocrx_word' id='word_1_112' title='bbox 1311 2539 1447 2640; x_wconf 85' lang='lat' dir='ltr'>gentis</span> 
     </span>
     <span class='ocr_line' id='line_1_18' title="bbox 357 2660 1445 2741; baseline 0.001 -5"><span class='ocrx_word' id='word_1_113' title='bbox 357 2667 526 2740; x_wconf 89' lang='lat' dir='ltr'>nostrae</span> <span class='ocrx_word' id='word_1_114' title='bbox 553 2661 632 2740; x_wconf 92' lang='lat' dir='ltr'>sibi</span> <span class='ocrx_word' id='word_1_115' title='bbox 668 2661 889 2741; x_wconf 83' lang='lat' dir='ltr'>comissce.</span> <span class='ocrx_word' id='word_1_116' title='bbox 942 2660 996 2739; x_wconf 88' lang='lat' dir='ltr'>Et</span> <span class='ocrx_word' id='word_1_117' title='bbox 1022 2662 1056 2738; x_wconf 89' lang='lat' dir='ltr'>si</span> <span class='ocrx_word' id='word_1_118' title='bbox 1096 2662 1206 2739; x_wconf 90' lang='lat' dir='ltr'>dicta</span> <span class='ocrx_word' id='word_1_119' title='bbox 1248 2661 1344 2739; x_wconf 89' lang='lat' dir='ltr'>loca</span> <span class='ocrx_word' id='word_1_120' title='bbox 1370 2685 1445 2738; x_wconf 84' lang='lat' dir='ltr'>seu</span> 
     </span>
     <span class='ocr_line' id='line_1_19' title="bbox 354 2783 1445 2886; baseline 0.001 -24"><span class='ocrx_word' id='word_1_121' title='bbox 354 2791 491 2862; x_wconf 85' lang='lat' dir='ltr'>castro</span> <span class='ocrx_word' id='word_1_122' title='bbox 531 2783 690 2862; x_wconf 86' lang='lat' dir='ltr'>habere</span> <span class='ocrx_word' id='word_1_123' title='bbox 726 2787 901 2883; x_wconf 78' lang='lat' dir='ltr'><strong>possent</strong></span> <span class='ocrx_word' id='word_1_124' title='bbox 927 2783 994 2858; x_wconf 87' lang='lat' dir='ltr'>vet</span> <span class='ocrx_word' id='word_1_125' title='bbox 1035 2805 1113 2886; x_wconf 90' lang='lat' dir='ltr'>per</span> <span class='ocrx_word' id='word_1_126' title='bbox 1139 2783 1312 2862; x_wconf 88' lang='lat' dir='ltr'>modurn</span> <span class='ocrx_word' id='word_1_127' title='bbox 1341 2786 1445 2862; x_wconf 87' lang='lat' dir='ltr'>trac·</span> 
     </span>
     <span class='ocr_line' id='line_1_20' title="bbox 354 2903 1446 3008; baseline 0 -27"><span class='ocrx_word' id='word_1_128' title='bbox 354 2912 465 2982; x_wconf 86' lang='lat' dir='ltr'>tatus</span> <span class='ocrx_word' id='word_1_129' title='bbox 492 2904 557 2980; x_wconf 89' lang='lat' dir='ltr'>vet</span> <span class='ocrx_word' id='word_1_130' title='bbox 597 2927 675 3008; x_wconf 90' lang='lat' dir='ltr'>per</span> <span class='ocrx_word' id='word_1_131' title='bbox 703 2904 827 2980; x_wconf 87' lang='lat' dir='ltr'>alium</span> <span class='ocrx_word' id='word_1_132' title='bbox 855 2903 1037 2994; x_wconf 86' lang='lat' dir='ltr'>modurn,</span> <span class='ocrx_word' id='word_1_133' title='bbox 1080 2927 1176 2981; x_wconf 89' lang='lat' dir='ltr'>cnm</span> <span class='ocrx_word' id='word_1_134' title='bbox 1216 2903 1446 2982; x_wconf 72' lang='lat' dir='ltr'>securitate</span> 
     </span>
     <span class='ocr_line' id='line_1_21' title="bbox 353 3023 1444 3128; baseline -0.002 -27"><span class='ocrx_word' id='word_1_135' title='bbox 353 3029 492 3102; x_wconf 85' lang='lat' dir='ltr'>tamen</span> <span class='ocrx_word' id='word_1_136' title='bbox 523 3027 656 3124; x_wconf 83' lang='lat' dir='ltr'>gentis</span> <span class='ocrx_word' id='word_1_137' title='bbox 696 3032 867 3103; x_wconf 88' lang='lat' dir='ltr'>nostrae</span> <span class='ocrx_word' id='word_1_138' title='bbox 895 3023 1161 3128; x_wconf 72' lang='lat' dir='ltr'>praedictae,</span> <span class='ocrx_word' id='word_1_139' title='bbox 1199 3047 1248 3102; x_wconf 82' lang='lat' dir='ltr'>aa</span> <span class='ocrx_word' id='word_1_140' title='bbox 1275 3023 1444 3125; x_wconf 86' lang='lat' dir='ltr'>suscipi-</span> 
     </span>
     <span class='ocr_line' id='line_1_22' title="bbox 356 3142 1441 3250; baseline -0.001 -27"><span class='ocrx_word' id='word_1_141' title='bbox 356 3151 426 3223; x_wconf 90' lang='lat' dir='ltr'>ant</span> <span class='ocrx_word' id='word_1_142' title='bbox 454 3145 494 3222; x_wconf 93' lang='lat' dir='ltr'>in</span> <span class='ocrx_word' id='word_1_143' title='bbox 532 3147 802 3250; x_wconf 90' lang='lat' dir='ltr'>protectione</span> <span class='ocrx_word' id='word_1_144' title='bbox 830 3153 873 3224; x_wconf 93' lang='lat' dir='ltr'>et</span> <span class='ocrx_word' id='word_1_145' title='bbox 900 3143 1091 3225; x_wconf 87' lang='lat' dir='ltr'>custodia</span> <span class='ocrx_word' id='word_1_146' title='bbox 1119 3149 1271 3221; x_wconf 87' lang='lat' dir='ltr'>nostra.</span> <span class='ocrx_word' id='word_1_147' title='bbox 1301 3142 1346 3221; x_wconf 81' lang='lat' dir='ltr'>Si</span> <span class='ocrx_word' id='word_1_148' title='bbox 1372 3167 1441 3222; x_wconf 90' lang='lat' dir='ltr'>ve·</span> 
     </span>
     <span class='ocr_line' id='line_1_23' title="bbox 353 3265 1439 3371; baseline 0 -27"><span class='ocrx_word' id='word_1_149' title='bbox 353 3291 405 3345; x_wconf 91' lang='lat' dir='ltr'>ro</span> <span class='ocrx_word' id='word_1_150' title='bbox 433 3291 519 3346; x_wconf 89' lang='lat' dir='ltr'>non</span> <span class='ocrx_word' id='word_1_151' title='bbox 535 3267 727 3345; x_wconf 86' lang='lat' dir='ltr'>viderent</span> <span class='ocrx_word' id='word_1_152' title='bbox 753 3294 880 3371; x_wconf 90' lang='lat' dir='ltr'>posse</span> <span class='ocrx_word' id='word_1_153' title='bbox 896 3290 1127 3345; x_wconf 88' lang='lat' dir='ltr'>succurere</span> <span class='ocrx_word' id='word_1_154' title='bbox 1156 3265 1305 3345; x_wconf 88' lang='lat' dir='ltr'>castris</span> <span class='ocrx_word' id='word_1_155' title='bbox 1321 3289 1439 3370; x_wconf 90' lang='lat' dir='ltr'>prae·</span> 
     </span>
     <span class='ocr_line' id='line_1_24' title="bbox 352 3387 1443 3492; baseline 0 -28"><span class='ocrx_word' id='word_1_156' title='bbox 352 3387 502 3487; x_wconf 88' lang='lat' dir='ltr'>dictis,</span> <span class='ocrx_word' id='word_1_157' title='bbox 544 3395 654 3466; x_wconf 88' lang='lat' dir='ltr'>stent</span> <span class='ocrx_word' id='word_1_158' title='bbox 681 3389 788 3492; x_wconf 84' lang='lat' dir='ltr'>apud</span> <span class='ocrx_word' id='word_1_159' title='bbox 827 3397 960 3466; x_wconf 83' lang='lat' dir='ltr'>terras</span> <span class='ocrx_word' id='word_1_160' title='bbox 995 3395 1161 3466; x_wconf 88' lang='lat' dir='ltr'>nostras</span> <span class='ocrx_word' id='word_1_161' title='bbox 1203 3388 1443 3489; x_wconf 85' lang='lat' dir='ltr'>praedictas</span> 
     </span>
     <span class='ocr_line' id='line_1_25' title="bbox 351 3506 1442 3612; baseline -0.003 -27"><span class='ocrx_word' id='word_1_162' title='bbox 351 3530 429 3612; x_wconf 92' lang='lat' dir='ltr'>pro</span> <span class='ocrx_word' id='word_1_163' title='bbox 459 3508 772 3586; x_wconf 89' lang='lat' dir='ltr'>confortatione</span> <span class='ocrx_word' id='word_1_164' title='bbox 801 3509 984 3588; x_wconf 86' lang='lat' dir='ltr'>fidetium</span> <span class='ocrx_word' id='word_1_165' title='bbox 1011 3517 1255 3586; x_wconf 85' lang='lat' dir='ltr'>nostrorum</span> <span class='ocrx_word' id='word_1_166' title='bbox 1280 3506 1442 3584; x_wconf 85' lang='lat' dir='ltr'>illarum</span> 
     </span>
     <span class='ocr_line' id='line_1_26' title="bbox 344 3626 1443 3735; baseline -0.001 -28"><span class='ocrx_word' id='word_1_167' title='bbox 344 3631 556 3735; x_wconf 88' lang='lat' dir='ltr'>partium,</span> <span class='ocrx_word' id='word_1_168' title='bbox 606 3630 866 3732; x_wconf 88' lang='lat' dir='ltr'>providendo</span> <span class='ocrx_word' id='word_1_169' title='bbox 918 3633 970 3708; x_wconf 88' lang='lat' dir='ltr'>de</span> <span class='ocrx_word' id='word_1_170' title='bbox 1008 3630 1121 3708; x_wconf 88' lang='lat' dir='ltr'>omni</span> <span class='ocrx_word' id='word_1_171' title='bbox 1173 3626 1360 3708; x_wconf 85' lang='lat' dir='ltr'>subsidio</span> <span class='ocrx_word' id='word_1_172' title='bbox 1400 3634 1443 3708; x_wconf 90' lang='lat' dir='ltr'>et</span> 
     </span>
     <span class='ocr_line' id='line_1_27' title="bbox 353 3749 1442 3852; baseline 0 -24"><span class='ocrx_word' id='word_1_173' title='bbox 353 3752 533 3841; x_wconf 83' lang='lat' dir='ltr'>auxilio,</span> <span class='ocrx_word' id='word_1_174' title='bbox 553 3776 557 3786; x_wconf 93' lang='lat'>·</span> <span class='ocrx_word' id='word_1_175' title='bbox 574 3750 688 3852; x_wconf 91' lang='lat' dir='ltr'>quod</span> <span class='ocrx_word' id='word_1_176' title='bbox 717 3756 829 3829; x_wconf 87' lang='lat' dir='ltr'>esset</span> <span class='ocrx_word' id='word_1_177' title='bbox 855 3759 1108 3852; x_wconf 88' lang='lat' dir='ltr'>oportunum</span> <span class='ocrx_word' id='word_1_178' title='bbox 1137 3750 1261 3828; x_wconf 84' lang='lat' dir='ltr'>terris</span> <span class='ocrx_word' id='word_1_179' title='bbox 1287 3749 1442 3828; x_wconf 79' lang='lat' dir='ltr'>nostris</span> 
     </span>
     <span class='ocr_line' id='line_1_28' title="bbox 345 3871 1443 3976; baseline -0.002 -26"><span class='ocrx_word' id='word_1_180' title='bbox 345 3871 590 3976; x_wconf 86' lang='lat' dir='ltr'>praedictis.</span> <span class='ocrx_word' id='word_1_181' title='bbox 641 3871 695 3950; x_wconf 86' lang='lat' dir='ltr'>Et</span> <span class='ocrx_word' id='word_1_182' title='bbox 735 3873 988 3954; x_wconf 87' lang='lat' dir='ltr'>licentiando</span> <span class='ocrx_word' id='word_1_183' title='bbox 1045 3880 1223 3951; x_wconf 85' lang='lat' dir='ltr'>armatas</span> <span class='ocrx_word' id='word_1_184' title='bbox 1275 3878 1443 3950; x_wconf 87' lang='lat' dir='ltr'>nostras</span> 
     </span>
     <span class='ocr_line' id='line_1_29' title="bbox 351 3991 1440 4097; baseline -0.004 -25"><span class='ocrx_word' id='word_1_185' title='bbox 351 4019 374 4072; x_wconf 85' lang='lat' dir='ltr'>a</span> <span class='ocrx_word' id='word_1_186' title='bbox 400 3999 590 4072; x_wconf 88' lang='lat' dir='ltr'>mercato</span> <span class='ocrx_word' id='word_1_187' title='bbox 620 4000 664 4072; x_wconf 88' lang='lat' dir='ltr'>ut</span> <span class='ocrx_word' id='word_1_188' title='bbox 690 3993 854 4097; x_wconf 81' lang='lat' dir='ltr'>possint</span> <span class='ocrx_word' id='word_1_189' title='bbox 894 3995 1039 4070; x_wconf 90' lang='lat' dir='ltr'>venire</span> <span class='ocrx_word' id='word_1_190' title='bbox 1083 3993 1246 4072; x_wconf 88' lang='lat' dir='ltr'>directe</span> <span class='ocrx_word' id='word_1_191' title='bbox 1273 3991 1440 4072; x_wconf 87' lang='lat' dir='ltr'>Veneti-</span> 
     </span>
     <span class='ocr_line' id='line_1_30' title="bbox 351 4111 1439 4214; baseline 0 -24"><span class='ocrx_word' id='word_1_192' title='bbox 351 4139 419 4210; x_wconf 85' lang='lat' dir='ltr'>cs,</span> <span class='ocrx_word' id='word_1_193' title='bbox 449 4117 492 4190; x_wconf 94' lang='lat' dir='ltr'>et</span> <span class='ocrx_word' id='word_1_194' title='bbox 518 4111 706 4192; x_wconf 87' lang='lat' dir='ltr'>scribant</span> <span class='ocrx_word' id='word_1_195' title='bbox 743 4112 865 4192; x_wconf 88' lang='lat' dir='ltr'>nobis</span> <span class='ocrx_word' id='word_1_196' title='bbox 905 4114 1113 4192; x_wconf 82' lang='lat' dir='ltr'>velociter</span> <span class='ocrx_word' id='word_1_197' title='bbox 1152 4112 1352 4214; x_wconf 88' lang='lat' dir='ltr'>quidquid</span> <span class='ocrx_word' id='word_1_198' title='bbox 1381 4113 1439 4190; x_wconf 85' lang='lat' dir='ltr'>fe-</span> 
     </span>
     <span class='ocr_line' id='line_1_31' title="bbox 362 4231 1441 4328; baseline 0 -14"><span class='ocrx_word' id='word_1_199' title='bbox 362 4231 495 4315; x_wconf 87' lang='lat' dir='ltr'>cerint</span> <span class='ocrx_word' id='word_1_200' title='bbox 522 4243 565 4314; x_wconf 90' lang='lat' dir='ltr'>et</span> <span class='ocrx_word' id='word_1_201' title='bbox 596 4232 837 4328; x_wconf 86' lang='lat' dir='ltr'>habuerint,</span> <span class='ocrx_word' id='word_1_202' title='bbox 875 4260 957 4316; x_wconf 92' lang='lat' dir='ltr'>non</span> <span class='ocrx_word' id='word_1_203' title='bbox 1012 4233 1250 4314; x_wconf 82' lang='lat' dir='ltr'>recedendo</span> <span class='ocrx_word' id='word_1_204' title='bbox 1279 4232 1331 4314; x_wconf 85' lang='lat' dir='ltr'>de</span> <span class='ocrx_word' id='word_1_205' title='bbox 1359 4232 1441 4314; x_wconf 86' lang='lat' dir='ltr'>dic·</span> 
     </span>
    </p>
   </div>
   <div class='ocr_carea' id='block_1_3' title="bbox 0 0 1610 5116">
    <p class='ocr_par' dir='ltr' id='par_1_3' title="bbox 0 0 1610 5116">
     <span class='ocr_line' id='line_1_32' title="bbox 0 0 1610 5116; baseline 0 3"><span class='ocrx_word' id='word_1_206' title='bbox 0 0 1610 5116; x_wconf 95' lang='lat' dir='ltr'> </span> 
     </span>
    </p>
   </div>
  </div>
 </body>
</html>
