3234 5116
327 409 376 484 ‘tt

334 627 523 704 visorum
568 625 831 709 continetur,
879 629 921 702 et
962 621 1155 702 similiter
1197 621 1348 702 missis,
1374 622 1425 712 ad

188 773 189 777 ¹
334 744 629 823 execrationem
660 769 743 852 ¹ea,
783 769 892 848 quae
934 742 1007 824 tibi
1048 744 1307 824 comittimus
1348 767 1426 848 per

333 887 455 943 unam
485 863 607 944 eiiam
636 866 934 944 comissionem
963 871 1165 951 nostram,
1192 889 1323 968 super
1344 865 1423 944 inc·

333 987 385 1062 tis
426 983 636 1086 magnifici
673 985 897 1064 domini
937 985 1169 1086 despoti
1210 975 1426 1067 liascie

277 1109 281 1118 “
332 1113 414 1186 etc.
444 1108 601 1186 debeas
632 1129 853 1186 remanere
881 1105 1080 1208 provisor
1107 1105 1350 1210 inpartibus
1370 1105 1424 1184 de

331 1225 437 1313 inde,
468 1231 510 1305 et
539 1229 737 1328 regulare
761 1235 803 1305 et
819 1227 1056 1328 gubernare
1084 1234 1232 1326 gentes
1258 1235 1423 1306 nostras

303 1345 383 1426 ¹de
412 1347 521 1434 inde,
552 1353 773 1450 equestres
803 1355 845 1425 et
871 1346 1106 1450 pedestres,
1148 1351 1313 1426 etcum
1342 1347 1422 1427 dic·

329 1468 383 1545 tis
423 1467 618 1569 gentibus
645 1467 817 1567 vigilare
859 1471 910 1546 ad
939 1469 1211 1548 securitatem
1248 1471 1425 1548 custodi·

134 1582 137 1590 '
201 1627 206 1658 t
330 1612 393 1666 am
423 1595 466 1666 et
493 1587 788 1694 defensionem
816 1593 1027 1667 terrarum
1056 1597 1099 1667 et
1127 1589 1323 1669 locorum
1351 1615 1421 1671 no·

328 1717 526 1802 strorum,
542 1715 662 1786 extra
690 1705 893 1797 civitates,
910 1709 1021 1787 sicut
1040 1708 1168 1785 fuerit
1194 1710 1421 1788 necessari·

330 1854 415 1921 um;
442 1853 537 1906 nnm
565 1827 808 1940 intentio-nis
837 1837 1007 1908 nostrae
1036 1839 1121 1920 est,
1150 1830 1263 1932 quod
1290 1839 1426 1910 recto·

329 1973 399 2028 res
426 1951 561 2028 nostri
582 1948 797 2028 dictarum
829 1955 1062 2041 terrarum,
1099 1951 1335 2030 ministrent
1361 1953 1424 2032 ius

329 2076 372 2148 et
401 2069 599 2150 iustitiam
616 2067 774 2150 civibus
803 2055 850 2149 et
873 2069 1181 2151 habitatoribus
1215 2077 1423 2152 terrarum

330 2193 594 2270 ettenorum
622 2185 965 2296 praedictorum,
1002 2192 1232 2270 seeundum
1261 2195 1372 2296 quod
1400 2218 1422 2272 a

327 2301 639 2390 nobis'habent
665 2315 708 2390 in
737 2311 952 2399 mandatis,
982 2311 1211 2414 dequibus
1243 2338 1328 2391 non
1356 2315 1422 2392 de·

327 2427 427 2507 beas
455 2435 497 2508 te
525 2429 750 2537 impedire.
804 2433 865 2511 De
889 2433 969 2510 his
987 2440 1140 2524 autem,
1169 2459 1278 2536 quae
1305 2455 1422 2537 spec·

327 2555 464 2630 tarent
490 2551 541 2631 ad
560 2553 796 2632 custodiam
824 2562 1034 2631 terrerum
1063 2554 1327 2634 ettenorum
1348 2578 1418 2632 no·

249 2719 254 2736 ·
328 2677 541 2767 sirenum,
571 2673 728 2752 debeas
756 2673 881 2756 simul
908 2699 1004 2753 cum
1034 2673 1278 2754 rectoribus
1306 2677 1420 2755 loco·

328 2817 419 2870 rum
448 2793 592 2874 facere
613 2796 708 2874 ilias
737 2795 1017 2899 provisiones,
1048 2821 1157 2900 quae
1185 2797 1307 2877 dictis
1335 2818 1423 2876 rec·

325 2913 489 2992 toribus
519 2923 561 2992 et
589 2909 944 2996 nbi'videbuntur
973 2918 1267 3004 necessariam
1309 2917 1423 2996 volu·

325 3057 417 3111 mus
447 3037 595 3120 etiem,
638 3036 754 3137 quod
781 3039 930 3137 vigiles
974 3045 1017 3116 et
1044 3039 1250 3119 sollicites
1278 3039 1330 3115 ad
1358 3059 1420 3116 re·

324 3155 564 3236 ducendam
591 3155 689 3234 iilos
716 3157 881 3235 nobiles
910 3157 964 3236 de
1005 3159 1104 3237 iude
1144 3159 1196 3237 nd
1224 3155 1418 3236 obedien·

324 3277 422 3355 tiam
451 3275 830 3355 etbenivolentiam
860 3277 998 3357 nostri
1026 3278 1212 3366 dominii,
1240 3276 1418 3357 vivendo

324 3422 421 3476 cum
450 3396 512 3475 eis
539 3399 717 3500 pacifice
746 3405 790 3477 et
817 3399 989 3500 quiete,
1030 3425 1110 3503 pro
1139 3397 1253 3478 bono
1283 3407 1327 3478 et
1352 3423 1418 3501 pa·

322 3518 446 3599 cifioo
475 3519 669 3598 locorum
698 3525 946 3599 nostrorum
983 3521 1316 3624 praedictorum.

363 3641 364 3644 '
422 3642 581 3718 Verum
619 3640 653 3718 si
681 3651 777 3719 ante
805 3665 1031 3721 accessum
1070 3649 1185 3721 tuum
1213 3643 1283 3719 vel
1309 3647 1418 3743 post·

178 3807 183 3816 ·
321 3784 443 3861 quam
485 3761 538 3840 de
579 3763 675 3844 iude
705 3763 863 3854 fueris,
904 3763 1179 3847 dominus
1216 3761 1417 3865 despo-

323 3879 409 3956 tus
437 3879 674 3963 Rosciae
702 3885 840 3987 aliqua
869 3884 1015 3965 danrna
1043 3885 1231 3965 dedisset
1255 3883 1323 3960 v'el
1352 3883 1417 3960 da·

321 4008 388 4078 ret
413 4001 590 4080 subditis
618 4011 660 4082 et
691 4003 887 4084 fidelibus
915 4005 1073 4086 nostris
1088 4003 1296 4084 dictarum
1326 4025 1418 4106 par·

320 4119 448 4208 tium,
476 4124 632 4203 debeas
662 4151 756 4205 oum
785 4127 980 4226 gentibus
1009 4127 1167 4206 nostris
1196 4123 1416 4204 attendere

318 4239 369 4320 ad
398 4246 632 4326 custodiam
659 4271 870 4350 passuum,
901 4255 946 4326 et
972 4246 1166 4348 vigiliare
1197 4246 1249 4326 ad
1277 4243 1415 4323 deien-
