3226 5112
164 584 271 677 illic,
310 591 353 662 et
391 583 433 660 in
461 578 679 664 cacumine
706 577 863 656 montis
894 575 1000 654 illius
1027 577 1256 665 remaneat,

162 715 204 785 et
230 705 343 808 quod
369 729 448 808 per
474 703 665 780 subditos
703 700 856 802 prefati
891 699 1065 777 illustris
1092 701 1253 780 domini

162 825 327 928 despoti
375 833 417 904 et
457 821 727 902 illustrissimi
766 819 936 918 dominij
976 822 1252 898 venetiarum

160 969 384 1048 numquam
413 944 588 1049 amplius
618 944 779 1046 possint
803 939 1085 1027 rehedificari;
1113 941 1250 1020 etdic·

159 1077 223 1146 tus
263 1067 431 1146 illustris
473 1067 668 1145 dominus
716 1065 919 1166 despotus
960 1063 1252 1166 respondisset

161 1187 368 1268 dimittere
394 1189 435 1266 iu
463 1186 641 1266 arbitrio
671 1193 712 1264 et
734 1190 946 1286 potestate
975 1184 1250 1287 suprascripti
1353 1275 1356 1279 ,

158 1307 314 1388 domini
341 1306 533 1394 oratoris,
561 1305 787 1394 ordinandi,
818 1306 930 1405 quod
970 1303 1249 1404 destruantur,

158 1429 225 1505 vel
253 1452 331 1520 ne,
373 1435 416 1505 et
456 1428 643 1531 prefatus
671 1425 864 1504 dominus
907 1432 1053 1504 orator
1081 1424 1249 1502 omnino

160 1550 425 1650 requireret,
465 1547 554 1625 illas
603 1545 763 1626 debere
804 1546 991 1632 destrui,
1032 1545 1250 1649 predictus

47 1757 51 1764 ,
156 1668 328 1746 illustris
357 1667 550 1744 dominus
579 1669 786 1771 despotus
813 1669 960 1744 volens
989 1666 1139 1753 omnia,
1168 1691 1250 1767 que

158 1789 253 1892 paci
292 1797 466 1888 possent
506 1787 675 1889 aliquod
718 1790 962 1865 scandalum
1010 1789 1249 1886 producere

156 1909 321 2014 penitus
350 1910 550 1996 amoveri,
595 1908 802 2012 promisit,
843 1933 976 2010 seque
1004 1907 1251 1986 solemniter

159 2029 375 2130 obligavit,
405 2030 547 2109 lacere
577 2029 736 2108 destrui
764 2039 805 2107 et
833 2031 927 2106 solo
944 2031 1087 2130 equari
1106 2009 1252 2107 omnes

157 2151 376 2253 predictas
421 2155 601 2241 domos,
644 2159 685 2230 et
726 2153 836 2253 quod
879 2152 1035 2230 subditi
1069 2152 1133 2229 sni
1168 2152 1253 2232 illic

28 2373 34 2386 Ι
158 2273 334 2375 amplius
360 2298 447 2352 non
476 2273 735 2362 habitabunt,
762 2275 1134 2377 promiseruntque
1161 2299 1250 2378 par·

164 2405 228 2473 tes
262 2395 475 2498 predicte,
506 2421 556 2474 ac
582 2395 761 2474 invicem
793 2405 1079 2472 convenerunt
1107 2409 1250 2497 perso

153 2515 337 2594 lemnem
381 2513 692 2616 stipulationem
734 2525 775 2594 et
815 2524 1013 2619 pactum,
1054 2521 1167 2616 quod
1206 2519 1246 2594 in

152 2634 371 2713 cacumine
399 2636 555 2712 montis
583 2635 704 2723 illius,
732 2660 907 2740 neeper
922 2636 1152 2715 dominium
1166 2638 1246 2716 Ve-

150 2756 379 2848 netiarum‚
406 2780 488 2836 nec
515 2781 593 2857 per
620 2757 827 2836 illustrem
858 2761 1069 2836 domiuum
1099 2762 1245 2861 despo-

150 2885 250 2964 tum‚
291 2899 430 2978 neque
457 2902 534 2981 per
563 2903 712 2956 eorum
741 2879 941 2969 subditos,
977 2879 1135 2968 fideles,
1176 2882 1261 2956 vel.

150 2997 475 3076 recomcndatos
503 2999 588 3074 ullo
617 3023 811 3100 umquam
853 3009 1048 3103 tempore
1078 2999 1243 3080 edifica·

153 3119 280 3195 bitur
308 3118 477 3218 aliquod
519 3119 785 3215 lortilicium‚
842 3129 1050 3210 castrum,
1092 3124 1243 3198 domos

149 3238 220 3314 vel
247 3237 538 3317 habitationes.
592 3239 733 3318 Item
776 3241 872 3342 quia
910 3241 1083 3344 petebat
1109 3243 1244 3320 dictus

151 3359 346 3437 dominus
373 3369 519 3438 orator
546 3362 714 3440 nomine
742 3389 827 3466 quo
857 3388 995 3465 supra,
1025 3367 1138 3464 quod
1173 3365 1242 3442 do·

149 3479 264 3556 mino
320 3481 615 3586 episcopo
659 3483 867 3564 Catari
921 3485 1242 3564 restituerentur

149 3600 288 3678 omnia
328 3602 633 3683 beneficia
664 3607 998 3694 chatolica,
1037 3613 1241 3708 quesunt

146 3722 189 3798 in
219 3721 555 3836 Sclqvcnia,
585 3751 680 3803 cum
708 3727 1236 3829 metropolitaScla·

146 3863 216 3920 vo
254 3842 485 3920 luerint
519 3847 809 3924 restituta
847 3848 1038 3926 omnia
1075 3851 1238 3927 bene·

146 3960 293 4037 licia
330 3968 1005 4068 suarum·ecclesiarum
1037 3978 1116 4048 etc.
1144 3993 1239 4072 pro-

145 4077 257 4157 misit
283 4080 418 4160 dictus
444 4083 615 4163 illustris
644 4086 834 4164 dominus
859 4089 1061 4192 despotus
1078 4115 1126 4167 ac
1141 4113 1236 4193 pro·
1270 4129 1271 4134 Ν
1336 4179 1339 4188 Δ

145 4201 285 4291 mittit,
314 4213 428 4283 etse
457 4205 654 4307 obbligat,
683 4210 823 4288 facere
838 4213 1000 4291 restitui
1031 4212 1143 4290 dicto
1166 4211 1236 4291 do·

1009 4336 1031 4397 2
