3206 5110
346 366 409 439 lat

270 633 275 644 -
344 581 455 662 bono
485 589 729 661 nostrorum
765 581 1027 680 fidetiumtle
1054 574 1240 674 (latero,
1267 594 1312 666 ut
1341 608 1431 691 pos·

344 706 424 784 sint
451 701 629 806 paciflce
666 707 852 804 gaudere
881 713 923 783 et
949 705 1112 810 pertrui
1149 707 1271 785 bonis
1299 716 1342 787 et
1368 731 1437 811 po·

345 825 604 904 sessionibus
631 829 742 912 suis,
769 825 957 904 fidelitati
987 835 1151 908 vestrae
1179 831 1436 916 mandamus,

347 955 551 1050 quatenus
579 946 780 1032 debeatis,
810 1005 820 1026 .
853 1008 858 1022 .
891 1007 897 1020 .
925 947 1061 1049 posita
1089 947 1197 1028 bene
1226 949 1267 1026 in
1285 947 1437 1028 ordine
1580 1019 1581 1024 a

349 1091 442 1146 curn
471 1067 779 1148 sufficientibus
808 1065 1010 1146 custodiis
1040 1069 1227 1147 bastita
1254 1069 1442 1148 Sancti
1580 1139 1581 1160 p

349 1184 550 1286 Sergii
579 1203 621 1266 et
649 1189 779 1267 altera
810 1185 985 1278 bastita‚
1020 1194 1061 1268 et
1087 1189 1336 1268 dimittendo
1367 1187 1438 1280 ibi,
1581 1275 1582 1282 Ν

348 1329 428 1409 pro
458 1307 686 1386 securitate
715 1331 858 1385 earum
888 1366 898 1387 .
926 1366 936 1385 .
964 1365 974 1386 .
1004 1334 1125 1386 uuam
1154 1311 1221 1387 vel
1250 1311 1354 1387 diras
1382 1329 1446 1409 ga·

349 1428 437 1504 leas
469 1487 475 1500 .
505 1485 515 1506 .
543 1485 553 1504 .
583 1430 645 1505 ire
675 1428 871 1506 Catarum
901 1453 993 1507 eum
1016 1429 1445 1528 aliisgaleisnostris‚
1536 1469 1540 1483 ·
1581 1527 1582 1536 Ν

349 1547 470 1626 vobis
500 1549 704 1656 comissis
733 1551 776 1624 ct
802 1548 926 1625 simul
969 1573 1064 1626 cum
1106 1551 1331 1650 provisore
1369 1543 1444 1627 Ca·

351 1670 429 1745 turi
458 1726 465 1742 .
494 1725 503 1743 .
532 1725 542 1744 .
570 1671 789 1746 attendere
818 1668 867 1746 ed
898 1669 1181 1747 reducendum
1211 1677 1446 1748 contratam
1581 1745 1582 1754 a

350 1797 394 1868 ct
422 1791 664 1868 comitatum
694 1787 832 1866 Catari
862 1787 913 1863 ad
942 1799 1130 1867 nostram
1152 1790 1448 1879 obedientiam

353 1915 396 1988 et
423 1909 608 2013 possetis
625 1912 681 1987 ibi
697 1915 809 1986 stare
837 1933 914 2012 per
944 1909 1035 1988 dies
1051 1917 1166 1994 octo,
1181 1913 1247 1988 vel
1276 1913 1311 1988 si
1331 1919 1451 1990 esset

356 2029 641 2106 necessarium
673 2085 682 2104 .
715 2085 724 2104 .
752 2087 760 2103 .
789 2028 902 2104 ultro
940 2029 1045 2112 dies¹
1069 2035 1267 2132 quatuor,
1296 2031 1330 2108 si
1358 2053 1449 2133 spe·

354 2147 456 2225 retis
486 2153 675 2225 nostrum
705 2147 940 2225 mandatum
983 2173 1110 2252 posse
1151 2149 1449 2226 executionem

353 2267 524 2356 babere;
544 2293 752 2346 -verum
780 2269 813 2344 si
841 2267 1053 2357 videretis,
1081 2271 1193 2371 quod
1215 2275 1359 2347 vester
1386 2293 1451 2348 ac·

355 2414 497 2468 cessus
515 2393 564 2468 ad
589 2391 727 2468 locum
757 2389 896 2467 Catari
927 2447 936 2467 .
967 2449 973 2462 .
1003 2444 1013 2464 .
1044 2389 1221 2467 baberet
1247 2391 1450 2470 inducere

354 2511 604 2614 periculum,
620 2517 796 2619 propter
825 2511 1152 2614 applicationem
1169 2509 1354 2609 gentium
1378 2513 1452 2589 ini·

356 2631 574 2716 micarum,
605 2629 875 2734 relinquimus
893 2631 932 2707 in
949 2629 1142 2709 libertate
1169 2638 1324 2721 vestra,
1352 2657 1450 2710 cun·
1583 2721 1584 2730 p

356 2751 395 2830 di
424 2809 434 2830 .
464 2807 473 2826 .
504 2811 513 2828 .
541 2759 749 2857 ternpore,
779 2777 863 2855 quo
891 2752 1067 2831 rideatis
1095 2777 1189 2830 curn
1219 2755 1450 2834 securitate
1583 2743 1584 2748 Ν

355 2881 399 2952 et
427 2879 517 2951 sine
546 2873 737 2979 periculo
766 2896 892 2977 posse
920 2874 1019 2950 illud
1050 2873 1203 2975 exequi
1231 2930 1241 2949 .
1269 2934 1278 2950 .
1306 2933 1334 2980 ,ῃ

460 3047 524 3126 ad
555 3049 716 3124 litteras
746 3105 750 3114 .
784 3103 790 3115 .
820 3101 830 3122 .
859 3045 1009 3150 quibus
1043 3045 1296 3134 denotastis,
1335 3049 1449 3152 quod

291 3231 296 3238 .
357 3173 514 3250 bonum
545 3168 669 3260 iuret,
700 3167 814 3270 quod
831 3165 1125 3244 ordinaremus
1147 3169 1276 3248 scribi
1307 3169 1452 3248 facere

356 3288 469 3368 mille
510 3288 574 3366 vel
602 3287 748 3366 saltem
792 3285 1043 3388 quingentos
1079 3311 1211 3388 equos
1238 3311 1289 3363 ex
1321 3285 1454 3366 bomi-

358 3407 478 3487 nibus
506 3409 614 3488 illius
643 3405 775 3510 paesii
798 3417 878 3484 etc.
897 3400 1015 3484 robis
1035 3407 1324 3500 rescribimus,
1339 3407 1452 3512 quod

358 3529 630 3608 considerato
659 3527 815 3628 ingenti
845 3550 1021 3604 numero
1051 3528 1236 3626 gentium
1264 3533 1447 3610 inimica·

357 3675 447 3728 rum
477 3649 527 3726 ad
556 3651 646 3729 illas
675 3657 817 3754 partes
846 3647 1173 3752 applicatarum,
1214 3677 1297 3729 non
1327 3675 1451 3756 appa·

361 3777 427 3850 ret
454 3769 587 3867 nobis,
617 3795 697 3874 pro
727 3769 916 3853 nunc‚de
946 3767 1141 3848 faciendo
1171 3769 1308 3876 accipi
1337 3771 1451 3849 ullos

357 3889 476 3980 alios,
508 3889 613 3970 ultra
643 3913 718 3968 eos
748 3913 852 3990 quos
878 3887 1041 3966 debetis
1068 3897 1110 3965 et
1137 3891 1315 3990 potestis
1344 3889 1451 3968 acci·

358 4037 462 4113 pere
492 4019 533 4088 et
562 4019 706 4090 tenere
735 4068 745 4088 .
773 4066 822 4088 ..

649 4217 752 4283 Secu
779 4233 881 4282 cons.
904 4221 1021 4301 rogat
1045 4213 1118 4278 Lib.
1141 4211 1233 4279 vm.
1257 4213 1312 4280 cll.
1334 4213 1407 4280 lli&
