3234 5116
221 323 402 445 “m

464 503 768 638 OOGXhV'.
799 562 909 638 nez.
937 563 974 636 e.
1001 559 1307 639 Octobris.

337 733 470 791 itenere
494 749 596 806 nneoy
620 733 879 792 ffledennenonn
902 735 1035 791 aaron·
1061 717 1274 815 Mopnne'rpy,
1299 753 1338 806 ,ῃ
1351 753 1424 810 yru-

381 856 417 896 en
443 855 530 914 nepo
554 855 590 894 oa
613 837 828 896 ilonunannna
855 855 941 910 nore
965 832 1180 912 trancredum·
1205 855 1386 916 pedonum.

444 989 1428 1070 ComittiturcomitiSibenieiserNi·
1497 1023 1500 1033 ·

340 1107 513 1186 eoino
543 1109 892 1213 Moripetr'o,
925 1101 1155 1214 quodcum
1185 1111 1430 1192 Poiizani

339 1229 515 1308 libenter
542 1231 701 1308 veilent
739 1233 884 1310 venire
925 1234 975 1310 ed
1004 1257 1153 1336 pacem
1182 1241 1225 1312 et
1251 1255 1428 1311 eoncor-

338 1351 444 1428 diam
474 1335 567 1428 oum
613 1361 759 1428 nostro
789 1353 1005 1445 dominio,
1046 1355 1180 1456 possit
1221 1378 1318 1432 eum
1346 1349 1429 1428 inis

337 1478 491 1551 intrare
513 1471 570 1550 'ad
599 1473 801 1575 protinam
830 1472 958 1574 pacis,
989 1479 1031 1549 et
1046 1473 1136 1551 dari
1161 1473 1230 1550 uni
1247 1473 1314 1549 rel
1343 1472 1428 1575 plu·

337 1591 450 1669 ribus
481 1617 627 1670 eorum
657 1593 1087 1683 salvumconductum,
1117 1602 1161 1674 nt
1176 1598 1337 1698 possint
1365 1617 1429 1669 re·

337 1712 426 1790 nire
466 1738 603 1816 prope
646 1714 993 1795 tiotmissam
1035 1719 1102 1794 ret
1133 1717 1258 1794 otium
1288 1721 1428 1818 aptum

227 1819 229 1826 ’
339 1834 514 1934 iocum„
549 1845 592 1913 et
619 1836 697 1912 sub
727 1837 1000 1921 conditione.
1040 1848 1084 1917 nt
1112 1838 1288 1917 reddant
1316 1835 1427 1936 quod

337 1955 493 2036 hebent
531 1965 787 2058 occupatum
816 1956 868 2036 de
897 1959 1023 2035 terris
1066 1959 1201 2035 nostri
1242 1957 1426 2044 dominii,

338 2084 380 2150 et
407 2080 452 2150 nt
479 2076 519 2152 in
548 2085 770 2178 posterum
798 2077 940 2155 vivent
969 2079 1138 2158 inbono
1166 2102 1273 2182 paee
1302 2083 1346 2154 et.
1372 2077 1427 2154 ri·
1463 2151 1465 2164 ,

339 2195 509 2272 einitate
538 2219 632 2272 eum
660 2195 814 2274 nostris
844 2196 1049 2292 subditis,
1092 2197 1132 2274 in
1160 2200 1330 2276 nomine
1359 2197 1429 2276 do·

337 2315 435 2390 mini
465 2317 690 2395 concludat
718 2341 812 2396 cum
842 2315 902 2394 eis
931 2342 1093 2421 pacem.

638 2455 742 2520 Secr.
768 2473 865 2518 eone.
892 2464 1014 2542 rogat.
1036 2455 1109 2520 Lib.
1134 2455 1229 2522 Vlll.
1253 2457 1310 2520 ch.
1333 2460 1385 2523 75.

456 2639 790 2740 OGCXth.
822 2665 921 2740 unz
949 2666 984 2740 o.
1012 2661 1314 2742 Octobris.

338 2837 555 2895 Haoroonenir
578 2853 614 2894 ea
641 2839 753 2910 Manna
778 2839 982 2914 Brpttepnra,
1007 2853 1068 2895 ron
1094 2857 1155 2910 nro
1178 2856 1217 2910 μ
1242 2839 1323 2932 pyro
1343 2839 1427 2896 Mne·

463 2957 564 2996 ranan
588 2955 830 3016 npooepnropr,
866 2939 1054 3034 ypssoropy.
1091 2939 1307 3024 (Cnpoherro).

441 3090 805 3170 NosThomas
848 3091 1163 3192 Mocenigo
1200 3093 1268 3172 dei
1298 3095 1429 3193 gratio

339 3213 423 3288 dux
450 3211 729 3290 Venetiarum
758 3219 834 3289 eto.
893 3210 1158 3291 Comittimus
1198 3211 1430 3308 tibinobiti

340 3333 431 3410 viro
460 3329 1215 3418 MareoBorbndioo,debeos
1246 3391 1255 3410 .
1287 3334 1426 3412 ..ire

339 3454 585 3534 Ceterum
614 3455 653 3530 in
676 3453 943 3554 provisorem
971 3459 1163 3533 nostrum
1194 3453 1298 3532 dieti
1329 3452 1429 3538 toci,

340 3583 383 3650 et
411 3596 561 3672 regere
591 3599 686 3653 oum
715 3575 829 3651 omni
857 3575 1115 3654 humanitate
1144 3575 1336 3679 possibili

340 3703 495 3774 terrem
537 3695 797 3800 praedictam
827 3697 1133 3780 etdistrictnm
1161 3723 1212 3776 ao
1241 3695 1431 3772 homines

341 3813 392 3890 de
421 3815 517 3893 inde
522 3871 813 3902 ........
842 3825 884 3894 et
912 3817 1069 3897 debeas
1097 3825 1209 3898 itare
1246 3817 1286 3894 in
1315 3815 1430 3894 dieto

340 3933 439 4011 loco
468 3959 544 4035 per
572 3959 647 4014 sex
678 3960 958 4016 menses...
988 3996 997 4013 .
1519 4037 1521 4042 Ι

443 4056 547 4134 Cum
564 4065 703 4136 autem
726 4057 828 4138 iiiuc
844 4059 1111 4160 applicueris,
1141 4066 1303 4162 sumpte
1320 4057 1428 4137 bone

340 4173 676 4258 informatione.
708 4241 713 4253 .
744 4236 754 4255 .
783 4179 946 4257 deesse
975 4187 1182 4273 contram,
1211 4189 1254 4257 et
1281 4179 1430 4282 quibus
