3220 5118
550 524 826 627 cccxix.
873 550 968 624 nn
1000 551 1038 625 τ.
1063 545 1233 650 Apsus.

345 760 525 833 Orrosops
549 771 736 829 uocuauusy
760 771 858 828 sparo
882 757 1117 832 susannam,
1152 775 1191 828 pa
1215 774 1302 817 uere
1327 759 1443 822 biter-¹

346 863 426 919 subu
449 876 617 934 yroppuru
644 878 661 916 u
686 875 729 914 cs
752 873 858 914 ussus
884 858 990 932 roopo
1013 857 1251 934 upiuraasc'rso
1275 876 1293 914 a
1318 876 1438 928 caroas,

535 981 596 1022 sorr
621 981 659 1037 cy
683 980 784 1020 uuaru
809 979 847 1020 ca
871 965 1045 1021 obrosum»
1067 980 1247 1039 operuere.

450 1132 553 1212 Cum
583 1131 870 1234 comparuerit
912 1134 964 1210 ad
990 1131 1274 1235 praesentiam
1302 1133 1438 1211 nostri

346 1253 518 1332 dominii
546 1279 653 1331 unus
690 1255 1049 1332 ambassiator
1089 1254 1438 1333 serenissimi

346 1375 547 1453 domini
576 1373 721 1473 regis
749 1375 1029 1464 Bossinae,
1057 1381 1101 1452 et
1128 1380 1327 1477 exparte
1356 1373 1438 1454 dic·

346 1496 375 1571 ti
417 1493 576 1598 domini
617 1494 711 1585 sui,
751 1501 850 1596 post
877 1493 1117 1573 amicabiles
1147 1503 1189 1572 et
1231 1495 1440 1574 fraternas

347 1614 590 1694 oblationes·
623 1623 665 1694 et
691 1616 966 1694 salutationes
1001 1611 1284 1718 'exposuerim
1325 1613 1438 1717 quod

256 1821 257 1826 Ν
345 1735 692 1828 ἀίοωεροιηίηυε
720 1759 904 1836 sequens
933 1735 1107 1832 vestigia
1143 1736 1313 1837 patris
1343 1733 1436 1826 sui,

345 1853 543 1937 domini
575 1855 737 1954 *regis
765 1854 969 1940 Ostoie,
998 1855 1222 1958 dispositus
1249 1862 1314 1934 est
1343 1877 1440 1933 esse

345 1975 479 2054 bonus
508 1977 642 2058 frater
665 1985 707 2054 et
735 1979 895 2056 amiens
914 1977 1049 2056 nostri
1078 1978 1263 2065 dominii,
1292 1985 1335 2058 et
1359 1978 1425 2054 vet

345 2097 383 2172 te
412 2121 511 2184 oumx
548 2103 697 2175 nostro
727 2097 912 2174 dominio
953 2096 1115 2176 habere
1143 2099 1211 2176 ilia
1248 2106 1372 2200 pacta
1401 2105 1441 2176 et

345 2219 677 2312 conventionem
709 2237 811 2321 quas
851 2224 894 2296 et
922 2243 1029 2320 quae
1056 2219 1201 2338 hpbuit
1228 2220 1440 2324 quondam

343 2349 464 2443 pater
490 2366 616 2426 suus,
647 2347 690 2418 et
716 2338 831 2435 alias,
861 2340 969 2430 sieut
999 2343 1154 2420 tectum
1183 2348 1226 2418 et
1253 2341 1439 2418 deciara-

346 2469 431 2556 tum
451 2467 526 2538 est
565 2461 631 2538 isti
658 2459 835 2546 consitio
853 2518 863 2549 ,
882 2488 885 2492 ·
905 2461 1041 2540 dictus
1070 2461 1280 2562 quondam
1319 2467 1440 2557 pater

312 2606 443 2677 ¹suus
481 2582 631 2660 multas
668 2583 950 2660 immunitates
992 2591 1035 2658 et
1062 2583 1357 2686 exemptiones
1386 2581 1439 2656 ie·

345 2701 452 2780 oerit
478 2704 790 2780 mercatoribus
820 2711 863 2780 et
877 2701 1037 2780 civibus
1058 2700 1238 2790 nostris,
1265 2701 1373 2780 sicut
1398 2701 1439 2778 in

346 2819 434 2898 eius
472 2820 698 2923 privilegio
728 2829 920 2925 apparet,
963 2831 1006 2902 et
1034 2823 1131 2902 tatia
1168 2820 1440 2924 nonpossint

345 2940 581 3019 redundare
619 2942 696 3020 nisi
742 2943 793 3022 a'd
834 2943 1053 3022 utilitatem
1091 2949 1133 3018 et
1169 2939 1438 3021 commodum

344 3061 479 3140 nostri
521 3061 696 3142 dominii
723 3067 767 3140 et
787 3068 1080 3158 ¹mercatorum
1095 3090 1159 3142 -ac
1188 3062 1342 3141 ciuium
1362 3083 1437 3138 no·

344 3189 557 3271 strorum3
586 3183 701 3260 radit
729 3208 849 3286 pars:
878 3185 990 3286 quod
1019 3181 1328 3286 respondeatur
1355 3181 1436 3257 dic·
1547 3185 1549 3192 ⁴

344 3308 389 3378 to
420 3305 718 3394 ambassatori‚
757 3305 868 3404 quod
897 3305 1128 3384 audirimus
1166 3307 1209 3380 et
1235 3301 1435 3380 intellexi·

344 3449 459 3515 mus,
496 3451 546 3504 ea
583 3449 690 3525 quae
727 3423 849 3502 nobis
878 3409 1110 3530 reportarit
1146 3424 1343 3515 debona
1381 3423 1434 3498 in·

232 3579 235 3600 ·
346 3547 533 3624 tentione
577 3548 834 3625 serenissimi
881 3547 1083 3626 domini
1133 3547 1279 3646 regis
1319 3546 1436 3623 ¹Bos-

344 3666 699 3754 sinae,rdomini
725 3668 800 3762 sui,
830 3666 1010 3748 volentis
1038 3675 1079 3752 et
1095 3669 1349 3746 intendentis
1377 3691 1434 3743 es·

345 3812 392 3863 se
434 3787 531 3865 boni
572 3787 696 3868 amici
740 3796 781 3866 et
810 3789 950 3866 fratris
991 3791 1122 3867 nostri
1165 3788 1361 3877 dominii;
1397 3793 1437 3863 et

346 3909 685 4010 respondemus,
727 3907 840 4010 quod
868 3914 1029 4010 patrem
1068 3907 1168 3986 dicti
1195 3907 1351 3985 domini
1380 3932 1437 3984 re·

345 4025 433 4124 gis,
467 4027 627 4104 domini
656 4027 748 4111 sui,
776 4032 820 4104 et
847 4029 1144 4130 progenitores
1171 4051 1295 4119 suos,
1336 4052 1435 4106 sem·

345 4169 423 4247 per
464 4145 687 4223 habuimus
723 4149 764 4226 iu
803 4149 938 4226 bonos
978 4158 1019 4227 et
1046 4173 1171 4226 caros
1206 4147 1369 4224 amicos
1397 4155 1436 4222 et
1479 4241 1481 4247 λ
