3212 5116
330 393 394 459 178

332 601 481 679 volens
510 623 635 676 omne
661 593 893 701 periculum
924 595 1095 687 evitare,
1124 607 1166 675 et
1187 599 1421 678 mandatum

331 721 430 800 dicti
459 719 617 798 domini
653 718 921 821 imperatoris
961 717 1143 796 fideliter
1176 718 1420 818 observare,

330 842 494 943 recepit
521 841 560 918 in
588 839 745 919 dictum
774 846 957 920 castrum
986 839 1170 917 nobilem
1200 849 1242 920 et
1262 843 1421 945 sapiam

331 967 413 1037 tem
441 959 575 1035 virum
604 959 817 1036 dominum
845 957 1108 1037 Bernardum
1129 958 1423 1052 «lastinianum,

328 1087 651 1182 procuratorem
691 1081 824 1158 sancti
866 1079 997 1156 Marci
1035 1080 1088 1156 de
1128 1079 1337 1168 Venetiis,
1380 1089 1423 1158 et

328 1201 570 1300 generalem
599 1201 860 1302 capitaneum
902 1199 1028 1276 maris
1053 1223 1134 1301 pro
1177 1200 1420 1279 dominatio·

329 1348 383 1400 ne
410 1322 575 1406 ducali,
618 1346 667 1400 ao
708 1319 893 1398 nobilem
936 1328 979 1399 e't
1005 1323 1235 1423 sapientem
1286 1322 1421 1400 virum

330 1446 544 1523 dominum
575 1445 841 1520 Laurentium
871 1441 995 1534 Celsi,
1023 1441 1135 1521 dicte
1176 1444 1421 1522 dominatio·

328 1563 391 1642 nis
417 1565 458 1640 in
486 1563 676 1667 partibus
704 1561 950 1642 Sclavoniae
991 1564 1230 1662 generalem
1272 1564 1422 1667 capita-

290 1749 297 1768 .
330 1709 466 1771 neum,
494 1710 685 1763 necnon
715 1685 880 1764 nobiles
908 1692 951 1764 et
972 1685 1181 1788 sapientes
1209 1687 1325 1764 viros
1352 1686 1422 1761 do·

330 1807 463 1883 minos
489 1805 705 1883 Fantinum
735 1803 996 1885 Mauroceno
1019 1803 1093 1883 Jet
1109 1790 1290 1884 ohanem
1317 1803 1422 1882 Dan·

300 1989 301 1992 a
329 1927 443 2010 duio,
473 1925 572 2003 dicti
598 1924 757 2004 domini
774 1926 1123 2030 capitanei'maris
1153 1925 1421 2006 consiliarios

329 2068 407 2147 pro
436 2045 548 2122 dicta
589 2041 889 2138 dominatione,
919 2046 1123 2123 ucetiam
1162 2045 1351 2122 nobilem
1380 2051 1424 2122 et

329 2166 562 2268 sapientem
588 2167 725 2242 virum
762 2167 977 2244 dominum
1012 2168 1203 2246 Marcum
1229 2165 1422 2244 Justinia·

328 2309 426 2362 num
454 2285 652 2363 comitem
681 2283 905 2375 Sebeuici,
934 2292 976 2364 et
1002 2287 1167 2366 nobiles
1195 2291 1237 2364 et
1263 2288 1407 2390 sapien

329 2415 393 2484 tes
418 2407 534 2484 viros
563 2406 755 2486 dominos
783 2408 1048 2488 Dominicum
1077 2409 1351 2498 Michaelem,
1379 2415 1422 2486 et

330 2525 556 2627 Mapheum
600 2527 841 2607 Contareuo
886 2531 1129 2632 provisores
1155 2530 1196 2606 in
1233 2529 1422 2632 partibus

330 2645 555 2725 Solavonie
589 2672 675 2752 ¹pro
704 2649 814 2728 dicta
854 2648 1143 2730 dominatione
1184 2649 1343 2739 ducali,
1381 2655 1424 2724 et

329 2768 465 2869 ipsum
520 2775 701 2846 castrum
733 2769 892 2848 eisdem
948 2771 1144 2850 dominis·
1179 2768 1421 2872 capitaneis,

330 2889 520 2976 consilio,
550 2890 707 2977 comiti,
736 2895 778 2968 et
803 2892 1097 2993 provisoribus
1126 2890 1328 2994 predictis
1357 2913 1419 2966 re·

330 3008 580 3110 cipiantibus
621 3001 715 3090 v'ice
759 3019 802 3088 et
842 3012 1012 3092 nomine
1054 3011 1348 3090 dominationis
1377 3015 1420 3086 et

330 3133 519 3212 comunis
559 3134 844 3222 Venetiarum,
874 3135 1042 3214 tradidit
1069 3141 1112 3212 et
1139 3131 1420 3233 consignavit,
1460 3124 1466 3146 ⁴

329 3248 574 3341 tenendum,
612 3253 934 3331 custodiendum
976 3261 1019 3332 et
1059 3253 1296 3331 salvandum
1338 3275 1420 3356 pro

313 3369 440 3448 dicta
454 3369 752 3463 dominatione,
778 3374 950 3452 nominc
977 3377 1078 3453 dicti
1107 3373 1265 3452 domini
1293 3373 1422 3474 impe·

331 3489 480 3569 ratoris
516 3515 564 3567 ac
591 3493 670 3594 ipsi
712 3495 884 3572 domino
927 3496 1199 3598 imperatori,
1228 3517 1302 3569 seu
1332 3495 1422 3591 ejvs

330 3608 413 3688 titio
442 3637 519 3714 per
547 3612 699 3692 dictam
741 3617 1071 3695 dominationem
1101 3615 1419 3700 restituendum,

330 3734 681 3835 quandocumque
725 3735 804 3838 ipsi
847 3736 1017 3815 domino
1063 3735 1310 3838 imperatori
1345 3758 1421 3811 seu

330 3855 420 3950 ejus
449 3852 536 3930 tilio
565 3855 621 3931 de
648 3857 745 3959 ipso·
773 3866 913 3936 castro
946 3859 1080 3958 possit
1117 3857 1261 3934 facere
1291 3854 1418 3933 omni·

329 3973 495 4049 modam
524 3975 779 4056 voluntatem
808 4003 938 4064 suam,
958 3979 1084 4081 ,quod
1113 3975 1275 4054 domini
1312 3974 1421 4076 capi·

332 4093 456 4178 tanei,
487 4093 725 4192 consiliarii,
757 4099 945 4188 comites
975 4105 1018 4176 et
1054 4097 1301 4200 provisores
1328 4117 1419 4197 pre·

330 4211 402 4292 tavi
438 4211 593 4291 dictum
637 4225 818 4295 castrum
863 4227 1122 4324 receperunt
1160 4214 1330 4295 nomine
1360 4237 1421 4290 su·
