3234 5116
321 524 415 578 cum
453 523 528 577 sua
557 495 834 582 excellentia,
881 496 1248 575 condescenderat
1276 497 1327 572 ad
1356 519 1416 584 ea,

322 644 430 722 quae
458 639 560 695 suae
590 615 867 694 excellentiae
896 615 1199 730 proposuisti„¹
1231 616 1418 716 qrramvis

325 759 685 839 cognosceremus
700 741 744 812 et
759 735 1082 834 cognoscamus,
1110 736 1181 814 illa
1195 757 1294 814 esse
1322 759 1418 812 cum

324 881 457 937 onere
484 861 648 942 nostro,
680 859 723 930 et
751 854 864 954 quod
892 862 935 932 tu
959 879 1042 936 non
1071 855 1203 934 habes
1232 855 1347 936 aliud
1375 856 1417 932 in

324 975 528 1056 mandatis
555 997 579 1050 u
606 979 755 1052 nostro
783 974 986 1060 dominio,
1015 981 1060 1053 et
1085 999 1168 1054 non
1196 975 1414 1078 possendo

325 1099 448 1178 aliter
475 1097 621 1174 facere
649 1100 693 1170 tu
722 1092 914 1172 recedes.
958 1094 1012 1172 Et
1039 1095 1080 1170 in
1108 1119 1210 1174 casu
1240 1120 1324 1197 quo
1356 1120 1417 1173 re·

327 1219 532 1302 cederes,
574 1212 732 1292 debeas
775 1213 889 1294 dieto
919 1213 1090 1293 domino
1132 1215 1230 1294 darei
1257 1215 1419 1306 dicere,

325 1337 440 1438 quod
467 1334 656 1411 dolemus
684 1332 798 1434 quod
819 1335 872 1411 ad
889 1353 1038 1437 pacem
1065 1323 1213 1414 secum
1241 1357 1323 1414 non
1350 1359 1418 1413 ve·

324 1456 522 1541 norimus,
551 1461 594 1532 et
620 1461 767 1533 nostra
800 1455 1031 1533 dominatio
1060 1482 1108 1534 se
1136 1463 1339 1559 posuerat
1367 1454 1417 1532 ad

325 1603 388 1668 ea,
417 1599 526 1678 quae
554 1583 673 1653 erant
700 1601 795 1653 cum
824 1599 956 1654 onere
984 1585 1146 1666 nostro,
1173 1585 1218 1656 et
1238 1577 1322 1654 hoc
1351 1601 1415 1654 so·

325 1695 409 1775 lum
438 1697 675 1776 leceramus
702 1721 783 1801 pro
805 1699 1099 1778 conservando
1130 1723 1276 1777 secum
1305 1697 1413 1774 illam

323 1819 475 1898 bonam
505 1817 808 1916 lbaternitatem
838 1826 881 1897 et
909 1819 1155 1914 amicitiam,
1185 1843 1311 1924 quam
1338 1842 1417 1921 per

324 1942 511 2042 elapsum
552 1939 772 2044 habuimus
816 1965 911 2017 cum
947 1940 1292 2042 progenitoribus
1329 1941 1415 2018 suis

324 2063 367 2136 et
393 2082 550 2136 secum.
586 2057 638 2166 Et
665 2083 744 2136 nos
773 2065 918 2158 gravat
947 2062 1044 2161 quia
1072 2060 1227 2136 erimus
1256 2061 1416 2138 astricti

324 2179 467 2258 lacere
495 2178 586 2255 illas
613 2181 900 2280 provisiones,
930 2168 1037 2281 quae
1064 2181 1319 2259 videbuntur
1346 2205 1414 2258 ne-

325 2298 536 2377 cessariae
563 2321 644 2400 pro
675 2299 1000 2378 conservatione
1028 2300 1203 2378 honoris
1229 2308 1271 2380 et
1285 2307 1415 2379 status

324 2418 480 2496 nostri:
521 2417 576 2494 Et
604 2419 809 2526 expositis
836 2419 1063 2524 praedictis
1091 2429 1135 2498 et
1162 2429 1338 2526 accepta
1368 2423 1411 2500 li·

326 2539 461 2619 centia
478 2564 500 2615 a
515 2539 629 2618 dicto
645 2539 830 2629 domino,
853 2541 1009 2622 debeas
1024 2541 1163 2620 redire
1180 2540 1414 2632 soritarum,

327 2665 371 2735 et
397 2659 629 2737 informare
649 2659 858 2739 comitem
888 2665 931 2740 et
947 2661 1212 2766 capitaneum
1240 2685 1291 2742 ac
1317 2688 1414 2762 pro·

323 2779 509 2858 visorem
527 2778 693 2882 Scutari
710 2779 764 2857 dc
782 2781 983 2870 terminis,
1010 2783 1050 2858 in
1080 2783 1229 2884 quibus
1256 2805 1415 2860 reman-

324 2901 430 2978 seris
456 2925 549 2978 cum
565 2899 736 2978 domino
765 2903 875 2980 duce
904 2899 1074 2982 bessiae
1102 2901 1338 3005 praedicto.
1363 2902 1416 2979 lit

324 3021 418 3099 data
445 3019 743 3099 informatione
772 3021 1000 3123 praedictis
1027 3023 1268 3100 rectoribus
1294 3019 1413 3098 Scu-

325 3141 452 3226 tari,
481 3142 535 3218 de
564 3139 756 3219 omnibus
785 3148 933 3246 perte
961 3143 1137 3230 secutis,
1166 3144 1324 3221 debeas
1352 3167 1414 3221 re·

322 3261 416 3354 dire
443 3261 658 3352 Venetiae,
686 3262 741 3340 de
768 3263 963 3342 omnibus
991 3266 1111 3342 novis
1140 3273 1182 3344 et
1211 3263 1413 3343 conditio·

326 3381 448 3460 nibus
476 3382 530 3459 de
556 3383 654 3462 inde
682 3383 808 3486 plene
838 3384 1101 3465 informatus.

426 3503 621 3582 Fecimus
652 3505 777 3584 etiem
816 3507 892 3585 tibi
930 3507 1022 3587 dari
1051 3509 1211 3586 litteras
1239 3509 1411 3588 creden·

325 3623 443 3701 tiales
484 3621 525 3700 in
568 3647 794 3726 personam
836 3627 1155 3725 magnifici
1194 3628 1414 3707 domini

327 3743 603 3844 Georgii,¹
636 3747 1414 3847 quondamdominiVolcbi,

328 3871 372 3942 et
396 3859 588 3943 volumus
617 3865 729 3966 quod
758 3865 795 3942 si
822 3866 959 3946 dictus
984 3867 1178 3948 dominus
1205 3869 1414 3969 Georgi·

328 4011 391 4065 us
418 3984 499 4064 erit
524 3983 634 4088 apud
663 3983 821 4064 dictum
848 3985 1061 4065 dominum
1090 3987 1293 4068 ducem
1330 3987 1413 4066 lla·

331 4105 494 4200 siae,
534 4103 672 4186 eidem
708 4105 820 4187 lacta
845 4103 1102 4188 salutatione
1132 4117 1174 4190 et
1202 4109 1414 4190 oblatione
