3154 5102
292 585 499 671 vidobitur
524 606 602 688 per
621 621 624 628 ⁴
643 605 735 670 uos.
753 580 870 665 'sicut
895 603 974 686 pro
1001 580 1168 660 honore
1195 587 1241 660 et
1263 581 1376 664 bono

291 717 435 792 nostro
465 709 508 784 et
534 727 611 785 suo
640 701 720 782 erit
747 700 1012 780 conveniens.

391 845 455 924 Ad
509 841 718 944 quintum,
771 841 804 918 si
857 839 1084 918 dominatio
1139 843 1376 956 adquireret

291 967 659 1044 ooutrnotom
704 960 1030 1045 Chromis,
1071 961 1124 1038 de
1163 965 1374 1066 possendo

290 1085 450 1166 nabore
476 1107 595 1162 ιιιιιιιιι
624 1089 667 1160 et
694 1105 727 1159 o.
745 1079 1077 1184 Respondentur:
1104 1085 1215 1186 quod
1246 1086 1280 1164 si
1295 1085 1380 1165 hoe

291 1207 480 1286 eveniret
506 1203 732 1284 dominatio
762 1207 903 1278 nostru
931 1202 1171 1306 providebit
1197 1205 1250 1282 de
1278 1211 1381 1286 troo·

291 1331 416 1406 tnndo
444 1335 487 1404 et
521 1323 712 1404 habendo
752 1322 885 1428 ipsum
929 1324 1272 1403 reeomeudntum
1313 1329 1379 1406 be·

292 1450 415 1550 uiguo
461 1450 503 1524 in
543 1445 626 1526 suis
662 1443 850 1543 juribus,
890 1444 995 1521 siout
1034 1469 1202 1552 semper
1241 1447 1381 1528 inoere

292 1570 509 1650 consuevit
534 1565 811 1646 servientibus
840 1567 891 1643 ei.

394 1707 456 1787 nd
496 1709 681 1790 sextum,
722 1726 800 1804 per
855 1704 965 1803 quod
1008 1705 1112 1806 petit
1165 1707 1383 1785 observari

292 1827 367 1905 sibi
408 1825 624 1930 privilegiu
652 1829 784 1900 suaet
805 1831 887 1902 oet.
915 1821 1243 1926 Respondentur:
1272 1829 1382 1928 quod

139 2021 152 2046 ,
293 1969 463 2050 sernper
500 1945 684 2024 inveniet
737 1967 814 2020 nos
867 1943 1092 2047 dispositos
1142 1945 1192 2022 nd
1234 1947 1385 2035 omnin.

295 2091 400 2168 qune
440 2067 618 2144 honeste
656 2071 698 2142 et
738 2063 939 2142 decenter
978 2061 1070 2142 fleri
1098 2070 1306 2168 poterunt,
1335 2067 1385 2165 ud

257 2235 260 2240 ·
294 2187 659 2266 conservationem
681 2185 835 2284 jurium
866 2187 1049 2262 suorum.

395 2323 458 2405 Ad
494 2325 728 2428 septimum,
756 2323 790 2402 si
818 2323 1038 2440 civitas
1075 2321 1293 2404 Jndrne
1320 2327 1387 2404 hn-

296 2445 467 2522 bebitur
493 2468 573 2548 per
598 2451 735 2525 uoset
761 2469 797 2524 o.
825 2443 1158 2548 Respondentur,
1186 2448 1301 2552 quod
1330 2453 1388 2524 to·

294 2573 380 2641 turn
409 2567 519 2666 quod
547 2565 784 2644 invenietur
813 2591 906 2644 esse
936 2565 1247 2646 mundabitur
1275 2569 1326 2660 ei,
1348 2579 1389 2646 et

294 2685 538 2763 tractabitur
577 2710 656 2788 per
695 2711 773 2764 nos
811 2685 969 2786 injure
998 2687 1232 2786 etjustitio‚
1261 2695 1387 2792 prout

295 2805 467 2907 quilibet
494 2805 596 2884 ciris
623 2813 782 2884 noster.

396 2942 461 3025 Ad
502 2951 723 3037 octavum,
764 2946 817 3022 de
858 2943 964 3022 viliis
992 2944 1204 3022 derobotis
1240 2951 1282 3022 et
1308 2953 1389 3024 cet.

294 3063 627 3167 Respondentur:
657 3065 767 3167 quod
797 3088 875 3166 per
901 3088 977 3142 nos
1004 3065 1227 3168 superinde
1252 3065 1388 3168 provi·

299 3185 468 3264 debitur
496 3187 605 3264 sicut
633 3186 869 3266 conveniet.

401 3342 465 3422 Ad
493 3365 660 3432 nonum,
687 3341 739 3420 de
768 3342 939 3422 duoatis.
968 3345 1005 3418 V
1034 3343 1145 3423 mitte
1186 3345 1395 3446 dopoueu·

302 3460 363 3538 dis
393 3463 502 3566 opud
544 3462 646 3544 niios
674 3462 712 3541 X
740 3461 851 3541 miiie
880 3467 922 3544 et
950 3467 1032 3542 oet.
1060 3463 1390 3566 Respondentur,

303 3583 416 3684 quod
458 3607 600 3661 sumus
642 3585 854 3682 conteuti,
897 3586 1010 3684 quod
1051 3583 1165 3688 ipsos
1206 3585 1392 3688 depount

303 3705 410 3804 npud
438 3704 539 3782 aiios
567 3703 674 3782 siout
700 3705 817 3810 petit.

402 3841 454 3922 Et
481 3866 559 3942 pro
587 3844 812 3944 praedietis
838 3844 1029 3923 volumus
1060 3853 1103 3924 et
1128 3849 1318 3951 petimus·

405 3979 575 4072 Primo,
604 3982 717 4083 quod
771 4005 916 4060 comes
969 3982 1197 4083 Gregorius
1245 3985 1397 4062 hubent

303 4123 380 4202 pro
406 4099 586 4180 inimicis
627 4125 773 4179 omues
799 4099 992 4181 inimicos
1030 4103 1218 4182 comunis
1255 4103 1391 4181 Vene-

303 4221 465 4312 tiorum,
493 4229 534 4300 et
561 4244 641 4326 pro
682 4221 825 4301 nmiois
855 4247 1002 4303 ornnes
1041 4225 1226 4314 nmioos3
1267 4222 1396 4301 inteli-
