3212 5116
521 557 772 657 ΟΧΧΧΙ.
802 580 912 655 1372.
935 583 1004 658 aa.
1034 579 1246 662 Martii.

337 829 425 883 llam
450 825 586 900 bypabn
618 825 790 882 Ranmabn
814 821 866 882 nis
891 823 1009 881 naario
1045 827 1269 884 Msersslasua
1301 840 1428 914 msere,

337 943 398 983 nos
423 943 607 997 nannaanu
649 926 798 984 obsesso
823 942 863 984 ce
896 941 1109 1000 yrosopoun,
1153 945 1195 984 ro
1221 943 1260 985 ce
1299 941 1428 984 nasama

337 1047 502 1104 nauersny
539 1031 673 1104 itys-na,
707 1047 745 1100 aa
781 1045 876 1100 rseaa
922 1047 963 1100 ao
998 1047 1124 1088 uecors
1172 1047 1255 1104 pona
1297 1033 1427 1104 podera

339 1151 423 1214 ops*
454 1137 536 1191 abra
582 1151 644 1208 osy
691 1151 855 1208 saussay,
881 1151 897 1190 a
924 1149 1030 1191 nocse
1074 1153 1155 1193 rora
1178 1153 1269 1204 aare
1296 1153 1428 1194 cusona.

442 1253 524 1314 ysne
549 1255 613 1309 ops
638 1238 765 1311 qodapa
791 1239 903 1312 bypba
929 1255 946 1292 ιι
972 1239 1108 1297 nitrosas
1134 1255 1314 1310 noqaunua.

439 1427 568 1531 Capta
606 1428 646 1504 in
682 1428 852 1526 rogatis.
908 1429 1013 1506 Cum
1055 1431 1154 1508 alias
1190 1431 1332 1528 dura
1360 1433 1427 1510 de

335 1549 522 1637 Balse,
565 1549 833 1628 dominus
875 1551 1190 1643 Avalonae
1230 1551 1426 1630 Bndae

335 1677 377 1745 et
391 1671 567 1749 aliorum
595 1672 787 1748 locorum
817 1671 874 1748 ibi
899 1671 1269 1760 circumstantium,
1299 1673 1421 1751 mise·

335 1797 399 1868 rat
427 1788 741 1868 ambaxatorem
782 1815 901 1868 suum
942 1791 1138 1870 Venetiae
1165 1817 1244 1895 pro
1275 1793 1428 1872 contir-

320 1897 486 1990 'mando
516 1916 632 1990 certa
672 1917 807 2015 pacta,
835 1913 876 1990 in
906 1915 1059 2016 quibus
1086 1917 1194 1993 inter
1221 1915 1300 1991 alia
1330 1940 1428 1993 con·

278 2018 279 2026 Ν
334 2033 505 2117 tinctur:
541 2032 655 2134 quod
694 2032 833 2137 primo
863 2041 904 2112 et
933 2042 1027 2114 ante
1070 2035 1210 2114 omnia
1250 2036 1430 2115 deberet
1496 2133 1501 2144 .

334 2151 532 2232 satisfieri
559 2175 637 2254 per
666 2177 774 2246 eum,
803 2179 851 2230 ac
875 2152 964 2230 lieri
992 2155 1115 2258 plena
1143 2157 1302 2235 solutio
1334 2157 1429 2233 civi·

333 2271 410 2348 bus
439 2277 481 2350 et
507 2269 698 2379 fidelibus
727 2273 883 2351 nostris
914 2273 965 2350 de
994 2275 1187 2352 omnibus
1203 2276 1358 2354 debitis
1389 2257 1429 2350 in

311 2392 484 2492 .quibus
512 2397 732 2470 teneretur
769 2394 843 2478 eis,
874 2417 921 2470 ac
948 2393 1133 2493 plenaria
1177 2395 1357 2472 emenda
1387 2401 1429 2471 et

332 2509 565 2589 satisfactio
623 2511 808 2587 omnium
838 2510 1086 2590 damnorum
1127 2511 1227 2616 ipsis
1270 2509 1427 2590 nostris

275 2625 278 2630 ’
333 2630 491 2711 civibus
519 2637 561 2708 et
597 2629 788 2708 fidelibus
830 2633 1064 2722 illatorum,
1090 2657 1168 2736 per
1196 2631 1331 2735 ipsum
1358 2631 1429 2709 Ju-

332 2773 418 2826 ram
449 2758 491 2826 et
516 2757 663 2849 gentes
705 2775 800 2827 suas
830 2750 870 2826 in
911 2751 1099 2854 partibus
1126 2759 1168 2828 et
1196 2752 1304 2830 locis
1344 2751 1426 2828 sibi
1543 2774 1547 2787 ·

331 2869 515 2948 subditis.
571 2871 700 2969 Quam
729 2871 897 2975 quidem
922 2872 1177 2950 solutionem
1201 2869 1425 2950 emendam

332 2997 373 3067 et
387 2989 717 3070 satisfactionem
729 2992 839 3069 idem
855 2991 1098 3081 ambaxator
1113 2991 1281 3068 nomine
1293 2989 1425 3092 ipsius
1540 3081 1543 3086 Δ

330 3109 460 3189 durae
488 3112 629 3191 lacere
656 3113 863 3214 promisit,
881 3117 922 3189 et
937 3122 1167 3215 propterea
1192 3111 1272 3214 ipsi
1286 3109 1422 3189 nostri

333 3232 458 3320 cives,
475 3233 600 3334 aliqui
616 3233 906 3336 personaliter,
937 3233 1065 3334 aliqui
1079 3258 1159 3335 per
1174 3237 1420 3335 procurato·

330 3376 399 3431 res
425 3377 535 3443 suos,
563 3354 719 3456 pluries
740 3355 874 3458 ipsum
899 3353 1219 3455 requisiverunt,
1235 3359 1280 3429 ut
1295 3351 1420 3430 adim·

329 3473 468 3576 pleret
483 3472 524 3552 id
535 3477 649 3576 quod
664 3498 741 3578 per
756 3499 875 3552 suum
891 3473 1215 3551 ambaxadorem
1232 3469 1420 3575 praedic·

331 3601 415 3671 tum
442 3595 705 3698 promiserat,
733 3594 848 3696 quod
875 3593 1042 3670 minime
1076 3591 1217 3670 facere
1245 3591 1419 3669 curavit.

328 3713 418 3794 lmo
431 3715 546 3819 quod
560 3717 679 3818 pejus
693 3721 767 3804 est,
779 3713 830 3788 de
845 3737 959 3791 novo
976 3711 1126 3789 intullit
1139 3719 1254 3790 certa
1269 3711 1418 3788 damna

330 3837 537 3939 aliquibus
566 3834 728 3915 civibus
745 3841 787 3910 et
813 3833 1120 3911 mercatoribus
1148 3835 1312 3910 nostris.
1343 3831 1418 3910 Su·

329 3981 407 4060 per
435 3955 583 4058 quibus
612 3955 807 4034 omnibus
835 3954 1006 4034 omnino
1026 3959 1091 4030 est
1117 3953 1418 4056 prodidendum

328 4102 407 4180 pro
435 4075 600 4154 honore
637 4083 784 4155 nostro
815 4084 857 4154 et
884 4075 1151 4156 indemnitate
1193 4072 1346 4151 civium
1376 4081 1418 4150 et

328 4198 512 4277 fidelium
537 4203 791 4275 nostrorum.
817 4195 942 4274 Vadit
967 4217 1076 4300 pars:
1109 4193 1230 4293 Quod
1258 4195 1415 4273 scriba·
