3154 5102
124 573 369 668 maniae;
406 571 615 662 universis
638 581 680 650 et
707 571 879 673 singulis
906 595 1107 676 praesens
1133 575 1213 678 prii

18 743 19 750 κ
121 694 327 794 vilegium
364 692 617 796 inspecturis
657 693 832 772 salutem
874 699 916 772 et
954 691 1122 772 sincere
1158 695 1213 774 di·

123 813 314 892 lectionis
341 808 548 892 allectum.
590 811 758 892 Deucalis
783 813 1099 913 magniliceutia‘
1115 825 1215 898 tunc

123 935 381 1030 sublimioris
407 931 582 1013 honoris
594 932 768 1035 suscipit
785 933 1101 1021 incrementum.
1119 963 1214 1018 cum

18 1143 19 1146 p
124 1053 235 1132 cives
262 1055 456 1155 acquirit,
484 1077 593 1154 quos
620 1054 777 1132 exaltat
803 1053 934 1134 decus
962 1065 1002 1136 et
1031 1058 1214 1136 sublimi·
1244 1050 1248 1060 ’

18 1229 19 1232 κ
123 1178 183 1248 las
205 1176 366 1275 ,regiae
406 1175 641 1252 maiestatis.
690 1173 854 1254 Scimus
880 1201 1061 1280 namque
1101 1177 1216 1280 quod

122 1296 379 1374 ¹serenissimi
415 1295 572 1396 domini
600 1319 756 1395 reges
791 1298 1038 1382 Serviae
1066 1301 1118 1378 ed
1145 1301 1215 1378 du·

18 1479 19 1518 ζ
122 1423 260 1494 catum
288 1425 481 1496 nostrum
495 1441 666 1520 semper
681 1441 868 1496 amorem
884 1417 1083 1506 intimum,
1099 1429 1216 1522 grata

18 1519 20 1554 ¹
123 1536 386 1616 exhibitione
402 1561 580 1641 operum
597 1538 949 1638 demonstrarunt,
967 1543 1074 1622 adeo
1104 1543 1216 1644 quod

18 1653 19 1676 ³
103 1658 446 1766 propingvitetis
486 1657 661 1738 ellinitas
709 1658 807 1738 binc
849 1660 944 1738 inde
993 1661 1218 1763 antiquitus

18 1823 19 1832 κ
125 1780 344 1858 emanavit.
383 1778 615 1882 Praecipue
644 1785 781 1856 autem
811 1803 1023 1882 praeseus·
1044 1780 1219 1859 serenis·

125 1899 248 1978 simus
291 1899 562 1976 dominus
602 1896 951 2002 Stephanus,
979 1901 1047 1978 dei
1085 1898 1218 2002 gratia

18 2043 19 2128 ζ
127 2045 221 2102 rex
251 2022 324 2098 Se
339 2045 361 2096 r
374 2046 399 2096 r·
413 2019 426 2095 i
441 2044 464 2096 a
480 2045 515 2108 e,
540 2019 793 2124 propensius
807 2031 995 2100 nostrum
1022 2021 1218 2102 ducatum

18 2131 19 2152 ¹
127 2141 303 2250 diligere
333 2147 375 2227 et
402 2137 629 2237 subiectos,
660 2139 788 2244 ipsius
816 2141 990 2220 ducatus
1016 2140 1218 2228 honores.

129 2271 168 2338 et
192 2261 485 2340 subiectorum
521 2269 761 2340 nostrorum
791 2261 1024 2350 commoda,
1066 2263 1219 2363 gratio·

129 2381 532 2485 siuspromorendm
560 2383 862 2485 propterquod
888 2384 973 2462 suis
988 2391 1030 2462 et
1043 2407 1219 2462 suorum
1314 2429 1324 2456 .

18 2555 19 2558 κ
130 2505 475 2599 ambassatorem,
505 2525 585 2601 pro
614 2503 706 2605 ipso
744 2503 1015 2581 serenissimo
1045 2503 1217 2581 domino

130 2647 232 2726 rege
245 2621 488 2726 petentium,
503 2623 727 2726 praecibus
743 2633 984 2709 annuentes,
1008 2631 1218 2728 tamquam

132 2747 180 2824 ed
218 2771 319 2824 suae
359 2745 583 2822 maiestatis
637 2743 824 2822 honores
874 2744 1026 2823 devota
1081 2749 1219 2822 mente

133 2866 389 2970 dispositi,-
406 2865 539 2969 ipsum
569 2863 783 2944 dominum
811 2887 982 2963 regern,
1013 2889 1108 2944 cnm
1136 2864 1220 2942 suis

132 2985 222 3064 filiis
249 2994 291 3062 et
318 2984 597 3080 haeredibus,
628 2985 667 3062 in
696 2984 970 3064 honorabiles
1007 2985 1120 3065 cives
1147 3011 1220 3064 no·

132 3118 238 3183 siros
265 3105 526 3210 suscepimus
553 3113 677 3206 atque
698 3105 961 3208 suscipimus,
979 3112 1021 3183 et
1034 3105 1221 3184 Venetos

134 3233 174 3302 et
201 3224 315 3302 cives
355 3233 523 3303 nostros
566 3225 742 3303 fecimus
770 3233 813 3304 et
840 3224 1039 3314 facimus,
1073 3231 1219 3326 etpro

133 3345 302 3424 Venetis
329 3353 371 3422 et
398 3345 556 3442 civibus
589 3346 758 3432 nostris,
785 3347 825 3424 in
853 3345 1040 3436 Venetiis
1068 3353 1110 3422 et
1138 3343 1221 3434 ubi,

135 3491 213 3567 que
259 3467 473 3553 locorum,
493 3465 694 3567 deinceps
732 3463 883 3558 haberi,
919 3473 962 3544 ct
1001 3465 1222 3568 procurari

135 3613 226 3666 cum
267 3588 422 3667 effectu
452 3594 495 3665 et
521 3585 778 3689 plenitudine
817 3586 1013 3665 volumus
1030 3593 1091 3664 ¹et
1117 3593 1221 3666 trac·

135 3709 231 3796 tari;
259 3707 374 3809 ipsos
400 3708 567 3784 sineere
595 3705 832 3784 dilectionis
861 3703 1043 3783 brachiis
1071 3705 1221 3808 ample·

133 3837 296 3926 rantes,
327 3835 370 3907 et
396 3825 571 3922 tirmiter
597 3833 838 3914 statuentes,
868 3825 1052 3906 omnium
1093 3827 1223 3906 consi-

134 3949 282 4028 liorum
311 3959 352 4030 et
380 3949 768 4030 ordinamentorum
795 3955 1223 4029 nostrorumnecces·

136 4075 237 4150 seria
265 4073 562 4177 solempnitate
589 4077 766 4157 servata,
793 4072 906 4173 quod
923 4069 1080 4149 eisdem
1097 4069 1222 4150 omni·

137 4191 522 4292 hostiliensibus,
552 4190 791 4285 benefieiis,
825 4189 1059 4271 honoribus
1087 4197 1129 4268 et
1154 4187 1246 4266 im.
