3154 5102
22 547 24 616 l
169 571 233 646 re,
254 547 375 652 -qned
396 567 509 648 ¹gem
538 543 654 647 regia
679 483 725 626 in
748 541 950 625 auxilinm
976 543 1052 624 rel·
1072 543 1262 626 favum

22 685 24 760 ζ
169 668 380 749 dictorum
435 664 700 746 inimicorum
747 672 993 744 nostrorum
1033 665 1157 744 vadat
1193 665 1263 748 val

22 775 23 832 ³
169 787 320 876 veniat
372 793 419 862 ut
464 787 618 864 desua
657 785 878 864 maiestate
928 781 1178 865 confidimus
1221 795 1265 864 et

172 931 409 1012 speram,
438 906 623 986 tenendo
665 931 744 984 nos
773 917 815 984 et
843 909 1142 985 comunitatem
1170 929 1263 983 nos·

22 1015 23 1100 ἐ
173 1033 288 1118 barn,
316 1027 430 1104 sicut
457 1049 557 1102 vere
590 1033 760 1129 potest,
802 1049 880 1129 pro
909 1027 994 1104 suis
1031 1025 1195 1104 devotis
1225 1034 1267 1104 et

173 1147 323 1224 intimis
365 1145 538 1238 amicis,
565 1146 675 1225 sicut
704 1145 856 1222 inimus
896 1147 1155 1224 serenissimi
1196 1145 1266 1225 do·

22 1281 24 1362 ξ
176 1269 270 1346 mini
325 1267 457 1369 patris
499 1264 563 1340 sui
597 1273 639 1342 et
678 1264 1038 1364 predecessorum
1077 1291 1265 1358 suorum;

22 1371 24 1442 ἶ
176 1388 362 1467 cumbis
401 1395 443 1463 et
471 1387 561 1462 aliis
603 1385 794 1488 pulchris
836 1386 977 1465 verbis
1022 1411 1129 1488 quae
1156 1387 1266 1466 vide·

22 1529 23 1532 ‘
178 1509 343 1586 buntur.
396 1502 447 1582 Et
475 1505 763 1585 informentur
800 1508 903 1584 dicti
945 1507 1027 1582 duo
1075 1503 1268 1606 religiosi

22 1621 24 1646 '
177 1634 390 1714 oretenus,
433 1628 613 1728 quodsi
641 1626 836 1706 dominus
879 1651 956 1705 rex
983 1635 1179 1728 tangeret
1205 1629 1267 1704 eis

177 1749 332 1850 aliquid
373 1747 425 1823 de
467 1747 592 1824 terris
648 1735 928 1840 sclavoniae,
970 1747 1269 1852 respondeant,

22 1901 24 1920 .
179 1871 291 1970 quod
320 1871 373 1946 de
414 1867 501 1946 hoc
544 1868 646 1946 nihil
676 1867 754 1946 luit
794 1869 854 1946 eis
898 1869 1154 1961 comissum,
1194 1869 1269 1948 sed

22 2065 24 2092 γ
61 1995 62 1998 ‘
177 1995 270 2066 sunt
310 1986 420 2064 certi
473 1985 589 2088 quod
643 1985 837 2065 dominns
878 1987 962 2065 dux
1006 1997 1048 2065 et·
1089 2011 1270 2068 comune
1323 2037 1325 2043 =

177 2108 401 2200 Venetum,
428 2117 527 2189 sunt
553 2108 724 2187 sincere
751 2109 967 2212 dispositi,
994 2109 1034 2186 in
1063 2111 1178 2188 omni
1205 2109 1271 2188 de·
1302 2106 1307 2115 ’

22 2227 23 2268 ³
178 2229 365 2315 votione,
390 2231 560 2310 bonore
589 2240 631 2310 et
672 2255 818 2310 amore
860 2231 1016 2309 domini
1057 2231 1182 2332 regis,
1224 2233 1270 2309 si·

22 2433 24 2444 ¹
180 2357 249 2428 ent
288 2349 463 2428 fuerunt
502 2375 606 2428 sum·
634 2349 719 2428 suis
755 2351 1175 2454 praedecessoribus.
1221 2349 1274 2430 lu

181 2467 381 2574 quidquid
420 2471 601 2550 iecerint
630 2479 671 2549 et
699 2473 936 2565 habuerint,
967 2479 1009 2552 ct
1036 2471 1274 2578 persentire

22 2603 23 2612 ‘
180 2598 384 2694 poterunt
409 2588 580 2670 solicite
608 2591 732 2671 nobis
761 2595 962 2685 scribant,
1007 2593 1272 2696 expectando

182 2709 238 2788 ibi
266 2720 456 2792 nostrum
485 2712 823 2818 responsionem.

643 2883 750 2952 eece
773 2885 864 2975 cog.
888 2841 1013 2953 uass.
1036 2887 1075 2956 u
1099 2891 1153 2954 es.
1181 2888 1228 2953 n.

198 3117 393 3220 XLIV.
424 3147 531 3220 1sa5.
561 3091 828 3224 anassxnu.
861 3150 907 3223 m
931 3093 1276 3226 novembris

194 3315 486 3394 Rependernspbe
500 3335 632 3394 separa
647 3335 805 3394 nporasn
820 3319 926 3392 Serpa
941 3335 958 3376 n
975 3319 1101 3380 soitcce
1114 3321 1278 3392 &rupeas

295 3450 450 3553 Capta:
485 3450 708 3532 Scribatur
748 3452 829 3528 Ser
856 3453 986 3532 Petro
1029 3453 1082 3529 de
1125 3451 1280 3542 Canuti,
1415 3531 1418 3544 ,

195 3571 413 3673 capitaneo
441 3575 582 3666 maris,
609 3573 723 3675 quod
760 3595 855 3651 cum
882 3573 1137 3664 habeamus,
1165 3573 1280 3674 quod

195 3689 408 3770 exercitus
449 3692 748 3792 Hungaroram
788 3701 854 3770 est
882 3691 932 3769 ad
972 3693 1176 3784 Vranam,
1201 3693 1280 3771 dis·

195 3815 348 3888 tantem
374 3834 400 3886 a
424 3814 529 3890 mari
555 3838 634 3918 per
646 3819 683 3890 ι’.
714 3811 901 3904 miliaria,
928 3824 1059 3917 ponat
1085 3821 1280 3904 mentem,

195 3957 287 4012 cum
317 3933 561 4038 ‚securitate
596 3941 731 4012 tamen
774 3942 1031 4014 armatorum
1074 3943 1117 4014 et
1143 3934 1280 4038 gentis

193 4059 389 4144 nomae,
416 4053 470 4130 de
496 4053 702 4133 mittendo
732 4077 827 4138 cum
868 4055 1008 4156 galeis,
1038 4057 1089 4134 ed
1120 4057 1283 4134 obstan

193 4167 825 4285 dametcustodiendum,quod
851 4177 1045 4256 victualia
1072 4199 1158 4254 nou
1183 4199 1279 4280 por
