<?xml version="1.0" encoding="UTF-8"?>
<!DOCTYPE html PUBLIC "-//W3C//DTD XHTML 1.0 Transitional//EN"
    "http://www.w3.org/TR/xhtml1/DTD/xhtml1-transitional.dtd">
<html xmlns="http://www.w3.org/1999/xhtml" xml:lang="en" lang="en">
 <head>
  <title>
</title>
<meta http-equiv="Content-Type" content="text/html;charset=utf-8" />
  <meta name='ocr-system' content='tesseract 3.04.00' />
  <meta name='ocr-capabilities' content='ocr_page ocr_carea ocr_par ocr_line ocrx_word'/>
</head>
<body>
  <div class='ocr_page' id='page_1' title='image "./actaarchivivene00sergoog_0820.png"; bbox 0 0 3226 5112; ppageno 0'>
   <div class='ocr_carea' id='block_1_1' title="bbox 339 647 1473 1115">
    <p class='ocr_par' dir='ltr' id='par_1_1' title="bbox 339 647 1473 1115">
     <span class='ocr_line' id='line_1_1' title="bbox 383 647 1473 756; baseline 0.009 -35"><span class='ocrx_word' id='word_1_1' title='bbox 383 666 532 748; x_wconf 85' lang='lat' dir='ltr'><strong>pacem</strong></span> <span class='ocrx_word' id='word_1_2' title='bbox 560 647 804 748; x_wconf 88' lang='lat' dir='ltr'><strong>observare,</strong></span> <span class='ocrx_word' id='word_1_3' title='bbox 834 655 964 756; x_wconf 90' lang='lat' dir='ltr'><strong>prout</strong></span> <span class='ocrx_word' id='word_1_4' title='bbox 978 651 1110 730; x_wconf 88' lang='lat' dir='ltr'><strong>moris</strong></span> <span class='ocrx_word' id='word_1_5' title='bbox 1126 651 1260 731; x_wconf 87' lang='lat' dir='ltr'><strong>nostri</strong></span> <span class='ocrx_word' id='word_1_6' title='bbox 1277 651 1473 741; x_wconf 70' lang='lat' dir='ltr'><strong>astralia</strong></span> 
     </span>
     <span class='ocr_line' id='line_1_2' title="bbox 383 773 1470 878; baseline 0.006 -34"><span class='ocrx_word' id='word_1_7' title='bbox 383 791 555 846; x_wconf 88' lang='lat' dir='ltr'><strong>servare</strong></span> <span class='ocrx_word' id='word_1_8' title='bbox 585 773 724 852; x_wconf 91' lang='lat' dir='ltr'><strong>omnia</strong></span> <span class='ocrx_word' id='word_1_9' title='bbox 751 796 830 876; x_wconf 92' lang='lat' dir='ltr'><strong>per</strong></span> <span class='ocrx_word' id='word_1_10' title='bbox 856 797 934 851; x_wconf 94' lang='lat' dir='ltr'><strong>nos</strong></span> <span class='ocrx_word' id='word_1_11' title='bbox 962 774 1185 874; x_wconf 85' lang='lat' dir='ltr'><strong>promissa,</strong></span> <span class='ocrx_word' id='word_1_12' title='bbox 1210 778 1364 853; x_wconf 89' lang='lat' dir='ltr'><strong>etcum</strong></span> <span class='ocrx_word' id='word_1_13' title='bbox 1381 774 1470 878; x_wconf 85' lang='lat' dir='ltr'><strong>ipso</strong></span> 
     </span>
     <span class='ocr_line' id='line_1_3' title="bbox 339 887 1472 993; baseline 0.007 -29"><span class='ocrx_word' id='word_1_14' title='bbox 339 968 341 978; x_wconf 84' lang='lat'>.</span> <span class='ocrx_word' id='word_1_15' title='bbox 383 887 557 970; x_wconf 90' lang='lat' dir='ltr'><strong>domino</strong></span> <span class='ocrx_word' id='word_1_16' title='bbox 586 892 777 993; x_wconf 82' lang='lat' dir='ltr'><strong>Georgia</strong></span> <span class='ocrx_word' id='word_1_17' title='bbox 819 893 1005 971; x_wconf 85' lang='lat' dir='ltr'><strong>fraterne</strong></span> <span class='ocrx_word' id='word_1_18' title='bbox 1049 901 1091 970; x_wconf 88' lang='lat' dir='ltr'><strong>et</strong></span> <span class='ocrx_word' id='word_1_19' title='bbox 1118 893 1395 974; x_wconf 76' lang='lat' dir='ltr'><strong>amicabiliter</strong></span> <span class='ocrx_word' id='word_1_20' title='bbox 1421 897 1472 972; x_wconf 78' lang='lat' dir='ltr'><strong>ri·</strong></span> 
     </span>
     <span class='ocr_line' id='line_1_4' title="bbox 383 1011 1473 1115; baseline 0.005 -32"><span class='ocrx_word' id='word_1_21' title='bbox 383 1030 512 1100; x_wconf 83' lang='lat' dir='ltr'><strong>vere,</strong></span> <span class='ocrx_word' id='word_1_22' title='bbox 552 1034 637 1088; x_wconf 92' lang='lat' dir='ltr'><strong>non</strong></span> <span class='ocrx_word' id='word_1_23' title='bbox 681 1011 946 1115; x_wconf 85' lang='lat' dir='ltr'><strong>disponimus</strong></span> <span class='ocrx_word' id='word_1_24' title='bbox 988 1013 1110 1090; x_wconf 87' lang='lat' dir='ltr'><strong>aliam</strong></span> <span class='ocrx_word' id='word_1_25' title='bbox 1152 1013 1473 1094; x_wconf 84' lang='lat' dir='ltr'><strong>conventionem</strong></span> 
     </span>
    </p>
   </div>
   <div class='ocr_carea' id='block_1_2' title="bbox 385 1123 1566 1234">
    <p class='ocr_par' dir='ltr' id='par_1_2' title="bbox 385 1123 1566 1234">
     <span class='ocr_line' id='line_1_5' title="bbox 385 1123 1566 1234; baseline 0.005 -30"><span class='ocrx_word' id='word_1_26' title='bbox 385 1151 479 1204; x_wconf 89' lang='lat' dir='ltr'><strong>cum</strong></span> <span class='ocrx_word' id='word_1_27' title='bbox 520 1123 621 1231; x_wconf 90' lang='lat' dir='ltr'><strong>ipsis</strong></span> <span class='ocrx_word' id='word_1_28' title='bbox 661 1127 815 1210; x_wconf 77' lang='lat' dir='ltr'><strong>Alexio</strong></span> <span class='ocrx_word' id='word_1_29' title='bbox 845 1136 889 1208; x_wconf 88' lang='lat' dir='ltr'><strong>et</strong></span> <span class='ocrx_word' id='word_1_30' title='bbox 916 1132 1103 1232; x_wconf 83' lang='lat' dir='ltr'><strong>Georgio</strong></span> <span class='ocrx_word' id='word_1_31' title='bbox 1139 1131 1475 1234; x_wconf 74' lang='lat' dir='ltr'><strong>praesentialiter</strong></span> <span class='ocrx_word' id='word_1_32' title='bbox 1565 1217 1566 1228; x_wconf 14' lang='lat' dir='ltr'><strong>p</strong></span> 
     </span>
    </p>
   </div>
   <div class='ocr_carea' id='block_1_3' title="bbox 384 1247 1473 1356">
    <p class='ocr_par' dir='ltr' id='par_1_3' title="bbox 384 1247 1473 1356">
     <span class='ocr_line' id='line_1_6' title="bbox 384 1247 1473 1356; baseline 0.006 -32"><span class='ocrx_word' id='word_1_33' title='bbox 384 1247 548 1338; x_wconf 88' lang='lat' dir='ltr'><strong>sacere;</strong></span> <span class='ocrx_word' id='word_1_34' title='bbox 574 1253 648 1330; x_wconf 89' lang='lat' dir='ltr'><strong>sed</strong></span> <span class='ocrx_word' id='word_1_35' title='bbox 676 1253 712 1328; x_wconf 90' lang='lat' dir='ltr'><strong>si</strong></span> <span class='ocrx_word' id='word_1_36' title='bbox 739 1251 816 1356; x_wconf 89' lang='lat' dir='ltr'><strong>ipsi</strong></span> <span class='ocrx_word' id='word_1_37' title='bbox 843 1253 988 1331; x_wconf 87' lang='lat' dir='ltr'><strong>volent</strong></span> <span class='ocrx_word' id='word_1_38' title='bbox 1015 1277 1110 1331; x_wconf 86' lang='lat' dir='ltr'><strong>esse</strong></span> <span class='ocrx_word' id='word_1_39' title='bbox 1128 1252 1229 1332; x_wconf 92' lang='lat' dir='ltr'><strong>boni</strong></span> <span class='ocrx_word' id='word_1_40' title='bbox 1244 1256 1473 1332; x_wconf 85' lang='lat' dir='ltr'><strong>servitores</strong></span> 
     </span>
    </p>
   </div>
   <div class='ocr_carea' id='block_1_4' title="bbox 385 1368 1566 1470">
    <p class='ocr_par' dir='ltr' id='par_1_4' title="bbox 385 1368 1566 1470">
     <span class='ocr_line' id='line_1_7' title="bbox 385 1368 1566 1470; baseline 0.012 -26"><span class='ocrx_word' id='word_1_41' title='bbox 385 1377 427 1446; x_wconf 89' lang='lat' dir='ltr'><strong>et</strong></span> <span class='ocrx_word' id='word_1_42' title='bbox 451 1368 580 1447; x_wconf 89' lang='lat' dir='ltr'><strong>vicini</strong></span> <span class='ocrx_word' id='word_1_43' title='bbox 600 1375 779 1470; x_wconf 29' lang='lat' dir='ltr'><strong>‚nostrae</strong></span> <span class='ocrx_word' id='word_1_44' title='bbox 808 1371 1116 1465; x_wconf 83' lang='lat' dir='ltr'><strong>dominationis,</strong></span> <span class='ocrx_word' id='word_1_45' title='bbox 1143 1397 1221 1451; x_wconf 90' lang='lat' dir='ltr'><strong>nos</strong></span> <span class='ocrx_word' id='word_1_46' title='bbox 1244 1373 1352 1453; x_wconf 88' lang='lat' dir='ltr'><strong>bene</strong></span> <span class='ocrx_word' id='word_1_47' title='bbox 1379 1375 1475 1454; x_wconf 89' lang='lat' dir='ltr'><strong>vici·</strong></span> <span class='ocrx_word' id='word_1_48' title='bbox 1565 1453 1566 1458; x_wconf 9' lang='lat' dir='ltr'><strong>a</strong></span> 
     </span>
    </p>
   </div>
   <div class='ocr_carea' id='block_1_5' title="bbox 384 1489 1478 1574">
    <p class='ocr_par' dir='ltr' id='par_1_5' title="bbox 384 1489 1566 1594">
     <span class='ocr_line' id='line_1_8' title="bbox 384 1489 1478 1574; baseline 0.004 -6"><span class='ocrx_word' id='word_1_49' title='bbox 384 1489 577 1568; x_wconf 89' lang='lat' dir='ltr'><strong>nabimur</strong></span> <span class='ocrx_word' id='word_1_50' title='bbox 606 1516 699 1574; x_wconf 88' lang='lat' dir='ltr'><strong>cum</strong></span> <span class='ocrx_word' id='word_1_51' title='bbox 737 1493 817 1569; x_wconf 87' lang='lat' dir='ltr'><strong>illis</strong></span> <span class='ocrx_word' id='word_1_52' title='bbox 852 1496 895 1570; x_wconf 90' lang='lat' dir='ltr'><strong>et</strong></span> <span class='ocrx_word' id='word_1_53' title='bbox 922 1496 1195 1572; x_wconf 76' lang='lat' dir='ltr'><strong>tractabimus</strong></span> <span class='ocrx_word' id='word_1_54' title='bbox 1228 1519 1304 1574; x_wconf 87' lang='lat' dir='ltr'><strong>eos</strong></span> <span class='ocrx_word' id='word_1_55' title='bbox 1331 1500 1379 1572; x_wconf 89' lang='lat' dir='ltr'><strong>ut</strong></span> <span class='ocrx_word' id='word_1_56' title='bbox 1408 1497 1478 1574; x_wconf 91' lang='lat' dir='ltr'><strong>ho·</strong></span> 
     </span>
    </p>
   </div>
   <div class='ocr_carea' id='block_1_6' title="bbox 385 1613 864 1694">
    <p class='ocr_par' dir='ltr' id='par_1_6' title="bbox 385 1613 864 1694">
     <span class='ocr_line' id='line_1_9' title="bbox 385 1613 864 1694; baseline 0.006 -5"><span class='ocrx_word' id='word_1_57' title='bbox 385 1637 461 1689; x_wconf 90' lang='lat' dir='ltr'><strong>nos</strong></span> <span class='ocrx_word' id='word_1_58' title='bbox 489 1613 649 1690; x_wconf 89' lang='lat' dir='ltr'><strong>amicos</strong></span> <span class='ocrx_word' id='word_1_59' title='bbox 682 1620 864 1694; x_wconf 88' lang='lat' dir='ltr'><strong>nostros.</strong></span> 
     </span>
    </p>
   </div>
   <div class='ocr_carea' id='block_1_7' title="bbox 732 1801 1439 1890">
    <p class='ocr_par' dir='ltr' id='par_1_7' title="bbox 732 1801 1439 1890">
     <span class='ocr_line' id='line_1_10' title="bbox 732 1801 1439 1890; baseline 0.007 -24"><span class='ocrx_word' id='word_1_60' title='bbox 732 1801 834 1867; x_wconf 86' lang='lat' dir='ltr'><strong>Secr.</strong></span> <span class='ocrx_word' id='word_1_61' title='bbox 859 1821 961 1867; x_wconf 89' lang='lat' dir='ltr'><strong>cons.</strong></span> <span class='ocrx_word' id='word_1_62' title='bbox 984 1811 1098 1890; x_wconf 77' lang='lat' dir='ltr'><strong>rogat.</strong></span> <span class='ocrx_word' id='word_1_63' title='bbox 1123 1801 1195 1868; x_wconf 86' lang='lat' dir='ltr'><strong>Lib.</strong></span> <span class='ocrx_word' id='word_1_64' title='bbox 1219 1803 1261 1868; x_wconf 92' lang='lat' dir='ltr'><strong>X.</strong></span> <span class='ocrx_word' id='word_1_65' title='bbox 1284 1804 1338 1872; x_wconf 90' lang='lat' dir='ltr'><strong>ch.</strong></span> <span class='ocrx_word' id='word_1_66' title='bbox 1363 1807 1439 1871; x_wconf 83' lang='lat'><strong>115.</strong></span> 
     </span>
    </p>
   </div>
   <div class='ocr_carea' id='block_1_8' title="bbox 388 2021 1478 2128">
    <p class='ocr_par' dir='ltr' id='par_1_8' title="bbox 388 2021 1478 2128">
     <span class='ocr_line' id='line_1_11' title="bbox 388 2021 1478 2128; baseline 0 -6"><span class='ocrx_word' id='word_1_67' title='bbox 388 2021 695 2128; x_wconf 73' lang='lat' dir='ltr'><strong>cccxcv·</strong></span> <span class='ocrx_word' id='word_1_68' title='bbox 725 2047 838 2124; x_wconf 72' lang='lat' dir='ltr'><strong>ruas.</strong></span> <span class='ocrx_word' id='word_1_69' title='bbox 868 2043 1052 2124; x_wconf 71' lang='lat' dir='ltr'><strong>anatot.</strong></span> <span class='ocrx_word' id='word_1_70' title='bbox 1075 2045 1128 2122; x_wconf 93' lang='lat' dir='ltr'><strong>v.</strong></span> <span class='ocrx_word' id='word_1_71' title='bbox 1157 2045 1237 2122; x_wconf 76' lang='lat' dir='ltr'><strong>dia</strong></span> <span class='ocrx_word' id='word_1_72' title='bbox 1264 2053 1302 2125; x_wconf 85' lang='lat' dir='ltr'><strong>a.</strong></span> <span class='ocrx_word' id='word_1_73' title='bbox 1327 2045 1478 2124; x_wconf 67' lang='lat' dir='ltr'><strong>retr.</strong></span> 
     </span>
    </p>
   </div>
   <div class='ocr_carea' id='block_1_9' title="bbox 408 2221 1458 2506">
    <p class='ocr_par' dir='ltr' id='par_1_9' title="bbox 408 2221 1458 2506">
     <span class='ocr_line' id='line_1_12' title="bbox 408 2221 1458 2300; baseline 0.002 -22"><span class='ocrx_word' id='word_1_74' title='bbox 408 2221 586 2296; x_wconf 83' lang='lat' dir='ltr'><strong>Oreopeuo</strong></span> <span class='ocrx_word' id='word_1_75' title='bbox 611 2239 741 2300; x_wconf 76' lang='lat' dir='ltr'><strong>uacuo,</strong></span> <span class='ocrx_word' id='word_1_76' title='bbox 767 2238 876 2280; x_wconf 71' lang='lat' dir='ltr'><strong>ronan</strong></span> <span class='ocrx_word' id='word_1_77' title='bbox 899 2239 1010 2296; x_wconf 61' lang='lat' dir='ltr'><strong>upupa</strong></span> <span class='ocrx_word' id='word_1_78' title='bbox 1035 2223 1212 2280; x_wconf 79' lang='lat' dir='ltr'><strong>Maerauau</strong></span> <span class='ocrx_word' id='word_1_79' title='bbox 1236 2223 1458 2298; x_wconf 70' lang='lat' dir='ltr'><strong>‘Dpauuernuo</strong></span> 
     </span>
     <span class='ocr_line' id='line_1_13' title="bbox 422 2327 1452 2404; baseline 0.003 -21"><span class='ocrx_word' id='word_1_80' title='bbox 422 2327 583 2402; x_wconf 64' lang='lat' dir='ltr'><strong>spocuapa</strong></span> <span class='ocrx_word' id='word_1_81' title='bbox 606 2344 822 2404; x_wconf 76' lang='lat' dir='ltr'><strong>paraonnepa</strong></span> <span class='ocrx_word' id='word_1_82' title='bbox 846 2343 951 2403; x_wconf 70' lang='lat' dir='ltr'><strong>raupa,</strong></span> <span class='ocrx_word' id='word_1_83' title='bbox 974 2344 1169 2403; x_wconf 79' lang='lat' dir='ltr'><strong>yrouopeua</strong></span> <span class='ocrx_word' id='word_1_84' title='bbox 1194 2345 1231 2386; x_wconf 83' lang='lat' dir='ltr'><strong>ca</strong></span> <span class='ocrx_word' id='word_1_85' title='bbox 1254 2344 1452 2400; x_wconf 68' lang='lat' dir='ltr'><strong>pecnocoua</strong></span> 
     </span>
     <span class='ocr_line' id='line_1_14' title="bbox 839 2431 1031 2506; baseline -0.01 -14"><span class='ocrx_word' id='word_1_86' title='bbox 839 2431 1031 2506; x_wconf 76' lang='lat' dir='ltr'><strong>decaaua.</strong></span> 
     </span>
    </p>
   </div>
   <div class='ocr_carea' id='block_1_10' title="bbox 387 2582 1479 3752">
    <p class='ocr_par' dir='ltr' id='par_1_10' title="bbox 387 2582 1479 3051">
     <span class='ocr_line' id='line_1_15' title="bbox 489 2582 1478 2684; baseline 0 -24"><span class='ocrx_word' id='word_1_87' title='bbox 489 2584 615 2662; x_wconf 78' lang='lat' dir='ltr'><strong>uite</strong></span> <span class='ocrx_word' id='word_1_88' title='bbox 632 2605 690 2660; x_wconf 86' lang='lat' dir='ltr'><strong>ra</strong></span> <span class='ocrx_word' id='word_1_89' title='bbox 716 2588 850 2684; x_wconf 90' lang='lat' dir='ltr'><strong>pate</strong></span> <span class='ocrx_word' id='word_1_90' title='bbox 867 2606 928 2658; x_wconf 86' lang='lat' dir='ltr'><strong>us</strong></span> <span class='ocrx_word' id='word_1_91' title='bbox 954 2605 1173 2684; x_wconf 88' lang='lat' dir='ltr'><strong>perquam</strong></span> <span class='ocrx_word' id='word_1_92' title='bbox 1200 2582 1478 2660; x_wconf 86' lang='lat' dir='ltr'><strong>illustrissima</strong></span> 
     </span>
     <span class='ocr_line' id='line_1_16' title="bbox 387 2703 1479 2796; baseline -0.002 -12"><span class='ocrx_word' id='word_1_93' title='bbox 387 2705 552 2785; x_wconf 89' lang='lat' dir='ltr'><strong>ducalis</strong></span> <span class='ocrx_word' id='word_1_94' title='bbox 596 2704 828 2784; x_wconf 74' lang='lat' dir='ltr'><strong>dominatio</strong></span> <span class='ocrx_word' id='word_1_95' title='bbox 868 2703 1159 2796; x_wconf 84' lang='lat' dir='ltr'><strong>Venetiarurn,</strong></span> <span class='ocrx_word' id='word_1_96' title='bbox 1199 2703 1479 2785; x_wconf 81' lang='lat' dir='ltr'><strong>ratificat</strong></span> 
     </span>
     <span class='ocr_line' id='line_1_17' title="bbox 387 2824 1477 2930; baseline -0.004 -26"><span class='ocrx_word' id='word_1_97' title='bbox 387 2851 588 2930; x_wconf 89' lang='lat' dir='ltr'><strong>pacem</strong></span> <span class='ocrx_word' id='word_1_98' title='bbox 616 2831 660 2904; x_wconf 90' lang='lat' dir='ltr'><strong>et</strong></span> <span class='ocrx_word' id='word_1_99' title='bbox 684 2824 1006 2916; x_wconf 84' lang='lat' dir='ltr'><strong>declarationes,</strong></span> <span class='ocrx_word' id='word_1_100' title='bbox 1035 2825 1166 2905; x_wconf 87' lang='lat' dir='ltr'><strong>factas</strong></span> <span class='ocrx_word' id='word_1_101' title='bbox 1208 2847 1327 2904; x_wconf 88' lang='lat' dir='ltr'><strong>cum</strong></span> <span class='ocrx_word' id='word_1_102' title='bbox 1355 2827 1477 2903; x_wconf 81' lang='lat' dir='ltr'><strong>des·</strong></span> 
     </span>
     <span class='ocr_line' id='line_1_18' title="bbox 387 2945 786 3051; baseline -0.005 -23"><span class='ocrx_word' id='word_1_103' title='bbox 387 2952 531 3051; x_wconf 85' lang='lat' dir='ltr'><strong>poto</strong></span> <span class='ocrx_word' id='word_1_104' title='bbox 559 2945 786 3026; x_wconf 77' lang='lat' dir='ltr'><strong>llassie.</strong></span> 
     </span>
    </p>

    <p class='ocr_par' dir='ltr' id='par_1_11' title="bbox 387 3063 1479 3752">
     <span class='ocr_line' id='line_1_19' title="bbox 490 3063 1478 3166; baseline -0.003 -22"><span class='ocrx_word' id='word_1_105' title='bbox 490 3067 852 3148; x_wconf 73' lang='lat' dir='ltr'><strong>Franciscus</strong></span> <span class='ocrx_word' id='word_1_106' title='bbox 877 3065 1124 3146; x_wconf 73' lang='lat' dir='ltr'><strong>Foscari</strong></span> <span class='ocrx_word' id='word_1_107' title='bbox 1150 3063 1350 3166; x_wconf 82' lang='lat' dir='ltr'><strong>de&#39;gratia</strong></span> <span class='ocrx_word' id='word_1_108' title='bbox 1381 3065 1478 3142; x_wconf 84' lang='lat' dir='ltr'><strong>dux</strong></span> 
     </span>
     <span class='ocr_line' id='line_1_20' title="bbox 387 3185 1477 3287; baseline -0.007 -18"><span class='ocrx_word' id='word_1_109' title='bbox 387 3189 775 3269; x_wconf 86' lang='lat' dir='ltr'><strong>Venetiarum</strong></span> <span class='ocrx_word' id='word_1_110' title='bbox 815 3195 899 3268; x_wconf 87' lang='lat' dir='ltr'><strong>etc.</strong></span> <span class='ocrx_word' id='word_1_111' title='bbox 952 3185 1161 3267; x_wconf 89' lang='lat' dir='ltr'><strong>Universis</strong></span> <span class='ocrx_word' id='word_1_112' title='bbox 1216 3193 1258 3264; x_wconf 87' lang='lat' dir='ltr'><strong>et</strong></span> <span class='ocrx_word' id='word_1_113' title='bbox 1305 3186 1477 3287; x_wconf 81' lang='lat' dir='ltr'><strong>singulis</strong></span> 
     </span>
     <span class='ocr_line' id='line_1_21' title="bbox 388 3308 1479 3410; baseline -0.003 -24"><span class='ocrx_word' id='word_1_114' title='bbox 388 3315 610 3409; x_wconf 82' lang='lat' dir='ltr'><strong>presentes</strong></span> <span class='ocrx_word' id='word_1_115' title='bbox 639 3308 781 3386; x_wconf 85' lang='lat' dir='ltr'><strong>literas</strong></span> <span class='ocrx_word' id='word_1_116' title='bbox 796 3312 965 3385; x_wconf 87' lang='lat' dir='ltr'><strong>nostras</strong></span> <span class='ocrx_word' id='word_1_117' title='bbox 992 3313 1188 3410; x_wconf 88' lang='lat' dir='ltr'><strong>patentes</strong></span> <span class='ocrx_word' id='word_1_118' title='bbox 1214 3308 1479 3408; x_wconf 80' lang='lat' dir='ltr'><strong>inspecturis,</strong></span> 
     </span>
     <span class='ocr_line' id='line_1_22' title="bbox 389 3425 1477 3534; baseline -0.006 -24"><span class='ocrx_word' id='word_1_119' title='bbox 389 3439 540 3510; x_wconf 88' lang='lat' dir='ltr'><strong>tenore</strong></span> <span class='ocrx_word' id='word_1_120' title='bbox 569 3431 829 3534; x_wconf 85' lang='lat' dir='ltr'><strong>presentium</strong></span> <span class='ocrx_word' id='word_1_121' title='bbox 855 3425 1158 3528; x_wconf 83' lang='lat' dir='ltr'><strong>significamus:</strong></span> <span class='ocrx_word' id='word_1_122' title='bbox 1186 3426 1304 3525; x_wconf 83' lang='lat' dir='ltr'><strong>Quod</strong></span> <span class='ocrx_word' id='word_1_123' title='bbox 1325 3427 1477 3506; x_wconf 89' lang='lat' dir='ltr'><strong>dudum</strong></span> 
     </span>
     <span class='ocr_line' id='line_1_23' title="bbox 388 3549 1478 3654; baseline -0.006 -24"><span class='ocrx_word' id='word_1_124' title='bbox 388 3553 625 3654; x_wconf 80' lang='lat' dir='ltr'><strong>vigentibus</strong></span> <span class='ocrx_word' id='word_1_125' title='bbox 641 3551 806 3650; x_wconf 81' lang='lat' dir='ltr'><strong>guerris</strong></span> <span class='ocrx_word' id='word_1_126' title='bbox 822 3549 1059 3636; x_wconf 85' lang='lat' dir='ltr'><strong>discordiis,</strong></span> <span class='ocrx_word' id='word_1_127' title='bbox 1088 3554 1131 3626; x_wconf 87' lang='lat' dir='ltr'><strong>et</strong></span> <span class='ocrx_word' id='word_1_128' title='bbox 1155 3549 1415 3639; x_wconf 81' lang='lat' dir='ltr'><strong>differentiis,</strong></span> <span class='ocrx_word' id='word_1_129' title='bbox 1431 3549 1478 3624; x_wconf 93' lang='lat' dir='ltr'><strong>in·</strong></span> 
     </span>
     <span class='ocr_line' id='line_1_24' title="bbox 390 3664 1478 3752; baseline -0.007 0"><span class='ocrx_word' id='word_1_130' title='bbox 390 3681 456 3752; x_wconf 87' lang='lat' dir='ltr'><strong>ter</strong></span> <span class='ocrx_word' id='word_1_131' title='bbox 483 3669 810 3750; x_wconf 88' lang='lat' dir='ltr'><strong>illustrissimum</strong></span> <span class='ocrx_word' id='word_1_132' title='bbox 850 3669 1064 3750; x_wconf 90' lang='lat' dir='ltr'><strong>dominum</strong></span> <span class='ocrx_word' id='word_1_133' title='bbox 1101 3664 1315 3748; x_wconf 72' lang='lat' dir='ltr'><strong>domnum</strong></span> <span class='ocrx_word' id='word_1_134' title='bbox 1358 3666 1478 3747; x_wconf 80' lang='lat' dir='ltr'><strong>Ste-</strong></span> 
     </span>
    </p>
   </div>
   <div class='ocr_carea' id='block_1_11' title="bbox 390 3789 1563 3893">
    <p class='ocr_par' dir='ltr' id='par_1_12' title="bbox 390 3789 1563 3893">
     <span class='ocr_line' id='line_1_25' title="bbox 390 3789 1563 3893; baseline -0.007 -20"><span class='ocrx_word' id='word_1_135' title='bbox 390 3789 1477 3893; x_wconf 80' lang='lat' dir='ltr'><strong>fanumdeigratiallasaiedispotum</strong></span> <span class='ocrx_word' id='word_1_136' title='bbox 1562 3811 1563 3818; x_wconf 47' lang='lat'>¹</span> 
     </span>
    </p>
   </div>
   <div class='ocr_carea' id='block_1_12' title="bbox 388 3911 1479 4376">
    <p class='ocr_par' dir='ltr' id='par_1_13' title="bbox 388 3911 1479 4376">
     <span class='ocr_line' id='line_1_26' title="bbox 389 3911 1477 4008; baseline -0.007 -14"><span class='ocrx_word' id='word_1_137' title='bbox 389 3914 748 3994; x_wconf 86' lang='lat' dir='ltr'><strong>etdominum</strong></span> <span class='ocrx_word' id='word_1_138' title='bbox 777 3914 1100 3992; x_wconf 66' lang='lat' dir='ltr'><strong>serviente.</strong></span> <span class='ocrx_word' id='word_1_139' title='bbox 1140 3921 1184 3990; x_wconf 85' lang='lat' dir='ltr'><strong>et</strong></span> <span class='ocrx_word' id='word_1_140' title='bbox 1217 3911 1477 4008; x_wconf 80' lang='lat' dir='ltr'><strong>magnificum</strong></span> 
     </span>
     <span class='ocr_line' id='line_1_27' title="bbox 388 4028 1478 4134; baseline -0.013 -18"><span class='ocrx_word' id='word_1_141' title='bbox 388 4035 603 4116; x_wconf 89' lang='lat' dir='ltr'><strong>dominum</strong></span> <span class='ocrx_word' id='word_1_142' title='bbox 630 4032 949 4133; x_wconf 82' lang='lat' dir='ltr'><strong>Georgium</strong></span> <span class='ocrx_word' id='word_1_143' title='bbox 978 4030 1242 4134; x_wconf 89' lang='lat' dir='ltr'><strong>quondam</strong></span> <span class='ocrx_word' id='word_1_144' title='bbox 1270 4028 1478 4108; x_wconf 88' lang='lat' dir='ltr'><strong>Vulchi</strong></span> 
     </span>
     <span class='ocr_line' id='line_1_28' title="bbox 389 4149 1478 4258; baseline -0.011 -22"><span class='ocrx_word' id='word_1_145' title='bbox 389 4159 540 4236; x_wconf 86' lang='lat' dir='ltr'><strong>Bran</strong></span> <span class='ocrx_word' id='word_1_146' title='bbox 558 4185 581 4236; x_wconf 90' lang='lat' dir='ltr'><strong>c</strong></span> <span class='ocrx_word' id='word_1_147' title='bbox 596 4157 625 4235; x_wconf 91' lang='lat' dir='ltr'>h</span> <span class='ocrx_word' id='word_1_148' title='bbox 640 4179 682 4243; x_wconf 86' lang='lat' dir='ltr'><strong>e,</strong></span> <span class='ocrx_word' id='word_1_149' title='bbox 709 4159 908 4258; x_wconf 85' lang='lat' dir='ltr'><strong>nepotem</strong></span> <span class='ocrx_word' id='word_1_150' title='bbox 936 4177 986 4232; x_wconf 86' lang='lat' dir='ltr'><strong>ae</strong></span> <span class='ocrx_word' id='word_1_151' title='bbox 1013 4149 1141 4230; x_wconf 81' lang='lat' dir='ltr'><strong>filium</strong></span> <span class='ocrx_word' id='word_1_152' title='bbox 1168 4175 1290 4228; x_wconf 78' lang='lat' dir='ltr'><strong>suarm</strong></span> <span class='ocrx_word' id='word_1_153' title='bbox 1318 4149 1478 4229; x_wconf 82' lang='lat' dir='ltr'><strong>carissi·</strong></span> 
     </span>
     <span class='ocr_line' id='line_1_29' title="bbox 390 4271 1479 4376; baseline -0.002 -20"><span class='ocrx_word' id='word_1_154' title='bbox 390 4303 524 4372; x_wconf 73' lang='lat' dir='ltr'><strong>mum,</strong></span> <span class='ocrx_word' id='word_1_155' title='bbox 563 4301 644 4358; x_wconf 83' lang='lat' dir='ltr'><strong>nec</strong></span> <span class='ocrx_word' id='word_1_156' title='bbox 684 4301 768 4356; x_wconf 90' lang='lat' dir='ltr'><strong>non</strong></span> <span class='ocrx_word' id='word_1_157' title='bbox 806 4299 908 4354; x_wconf 82' lang='lat' dir='ltr'><strong>suos</strong></span> <span class='ocrx_word' id='word_1_158' title='bbox 949 4273 1182 4376; x_wconf 83' lang='lat' dir='ltr'><strong>complices</strong></span> <span class='ocrx_word' id='word_1_159' title='bbox 1216 4271 1479 4354; x_wconf 83' lang='lat' dir='ltr'><strong>adherentes.</strong></span> 
     </span>
    </p>
   </div>
   <div class='ocr_carea' id='block_1_13' title="bbox 0 0 1625 5112">
    <p class='ocr_par' dir='ltr' id='par_1_14' title="bbox 0 0 1625 5112">
     <span class='ocr_line' id='line_1_30' title="bbox 0 0 1625 5112; baseline 0 0"><span class='ocrx_word' id='word_1_160' title='bbox 0 0 1625 5112; x_wconf 95' lang='lat' dir='ltr'><strong> </strong></span> 
     </span>
    </p>
   </div>
  </div>
 </body>
</html>
