3192 5112
1186 407 1232 490 Φ

141 614 250 697 sicut
285 609 550 702 obtulerunt,
594 607 700 692 etx
739 609 851 700 mitte
878 634 957 716 pro
987 611 1230 702 baronibus,

141 757 233 815 mam
262 731 517 825 conditione,
559 733 710 836 quod
750 755 854 816 rex
895 757 989 814 cum
1032 742 1121 814 toto
1150 759 1229 816 suo

140 853 353 944 exercitu,
393 851 545 933 debeat
571 851 777 933 recedere
812 853 864 930 de
893 863 1111 936 contracta
1139 858 1230 936 sine

140 972 474 1076 dampnificando
500 971 658 1073 aliquos
683 981 854 1055 nostras
884 982 1030 1062 terras,
1072 971 1232 1064 fideles,

138 1092 328 1170 subditos
353 1093 422 1168 ret
451 1095 622 1170 amicos.
661 1092 945 1192 intelligendo
974 1103 1017 1174 ut
1045 1097 1144 1174 alias
1173 1097 1232 1174 eis

139 1213 398 1318 scripsimus,
425 1213 540 1320 quod
570 1238 607 1288 m
630 1215 743 1295 omni
774 1238 871 1292 casu
910 1215 1148 1294 concordio
1178 1216 1231 1292 in·

139 1334 310 1411 cludere
354 1333 536 1412 debeant
581 1334 838 1412 comites
875 1333 1230 1412 diaiadinum

140 1463 188 1532 et
241 1455 506 1542 Paulum,
534 1455 765 1534 secundum
807 1455 984 1554 ¹sormam
1027 1457 1129 1535 olias
1170 1457 1231 1536 eis

139 1599 318 1653 1111111111·
611 1644 717 1710 aeos.
746 1644 873 1732 ungat.
900 1641 977 1710 un
1002 1643 1028 1708 ι.
1052 1645 1107 1711 en.
1133 1641 1185 1712 aa

391 1811 565 1914 nvn.
594 1836 706 1914 saco.
736 1837 787 1909 so
812 1831 975 1910 surra.

140 2029 325 2102 oarosops
361 2041 553 2118 occasum
600 2041 702 2100 cosa·
738 2026 939 2100 cuborum
974 2043 1059 2086 noas
1100 2041 1229 2084 aaron

140 2147 242 2206 som
267 2147 387 2205 nuspa
408 2147 459 2204 aa,
478 2144 518 2198 ce
541 2145 685 2206 asyam
707 2143 745 2188 cc
769 2127 888 2193 ssione
912 2146 1104 2196 occaecans
1128 2129 1231 2194 ussi·

159 2253 221 2300 oss
246 2251 412 2308 roccone,
436 2251 495 2294 aro
520 2249 560 2294 oc
584 2250 727 2298 caereus
750 2251 794 2294 cs.
817 2237 970 2309 sparsus
995 2235 1209 2309 trapeam.

237 2399 390 2505 Capta:
443 2401 565 2501 Quod
600 2404 911 2508 respondeatur
939 2401 1229 2482 ambassatori·

137 2521 212 2600 bus
238 2523 397 2602 domini
427 2521 799 2632 regisiiaxioe,
828 2524 1092 2624 regratiando
1110 2523 1148 2600 ei
1176 2523 1228 2602 de

28 2677 33 2684 “
137 2649 244 2725 bona
258 2645 473 2724 voluntate
488 2649 531 2720 et
544 2667 689 2745 magna
706 2645 938 2735 affectione,
953 2669 1075 2746 quam
1092 2653 1229 2723 osten·

138 2768 194 2846 dit
204 2769 256 2846 ud
271 2773 462 2844 nostrum
476 2763 688 2841 honorem
705 2783 800 2843 cum
815 2765 898 2842 iilis
912 2766 1070 2868 pulcris
1085 2767 1229 2844 verbis

137 2913 214 2990 que
240 2875 521 2978 videbuntur,
562 2883 742 2963 dicendo
772 2885 886 2985 quod
926 2885 1137 2964 credimus
1164 2913 1227 2968 su·

134 3033 212 3110 per
255 3007 375 3090 factis
427 3004 705 3108 pendentibus
745 3003 854 3082 inter
897 3007 1111 3086 dominum
1153 3031 1228 3083 re·

135 3152 252 3229 gem
279 3123 310 3204 U
325 3151 392 3226 ng
409 3149 431 3204 a
447 3127 496 3202 ri
511 3149 534 3200 a
549 3149 572 3202 e
601 3129 644 3202 et
658 3149 748 3214 noc,
777 3125 945 3202 mittere
971 3125 1230 3204 ambaxatam

133 3249 185 3324 sd
211 3248 373 3326 dictum
399 3247 616 3326 dominum
644 3267 790 3344 regem
823 3245 1077 3346 Hungoriae,
1106 3271 1230 3348 quam

132 3373 395 3448 ambasiacum
431 3375 473 3446 et
509 3365 618 3444 tacta
641 3373 796 3450 nostra,
823 3365 864 3444 in
896 3391 994 3447 casu
1022 3392 1109 3469 quo
1137 3367 1229 3468 ipse
1364 3445 1369 3457 ,

131 3487 403 3593 dominus
455 3511 557 3567 rex
586 3513 644 3566 se
684 3489 958 3592 reperiat
995 3511 1116 3566 cum
1156 3509 1229 3562 re·

130 3633 198 3716 ge
226 3607 533 3709 Ungariae,
574 3607 718 3686 intime
747 3615 789 3686 et
818 3632 913 3686 cum
954 3629 1102 3706 magna
1130 3605 1233 3684 tidu·

130 3733 197 3810 cia
227 3730 554 3818 comendamus,
596 3753 691 3805 oum
719 3727 892 3806 in'tentio
934 3734 1075 3804 nostra
1103 3725 1167 3814 sit,
1195 3726 1231 3803 si

125 3849 266 3956 ipsam
295 3845 555 3926 ambaxatam
583 3845 816 3938 mittemus,
846 3847 1069 3923 comittere
1098 3841 1230 3920 amba·

126 3967 352 4049 xatoribus
377 3971 558 4060 nostris,
600 3970 714 4070 quod
742 3969 777 4046 si
805 3992 850 4045 se
890 3967 1106 4070 reperiunt
1134 3990 1230 4044 cum

124 4094 223 4198 ipso
253 4089 486 4167 domino
514 4088 906 4192 imperatore,
934 4087 1227 4165 recurruntad

118 4237 230 4294 vacrum
257 4234 337 4315 pro
367 4209 538 4308 auxilio,
570 4207 747 4290 consilio
772 4215 814 4286 et
830 4207 990 4296 favore,
1018 4213 1228 4309 tamquam

632 4333 636 4346 .
981 4323 1025 4391 5,
