3154 5102
265 494 498 577 intentione
541 493 1102 597 regis-Hungoriae,
1135 509 1185 580 'et
1220 499 1358 580 subse·
1399 511 1403 520 '

267 621 448 718 quenter
474 617 528 692 de
557 615 734 697 consilio
762 614 883 694 nobis
911 619 1007 697 dato
1051 644 1129 723 per
1157 645 1276 720 eum,
1306 620 1360 698 de·

263 735 471 814 'mittendo
501 733 758 815 ambaxatam
781 736 829 814 ad
846 737 1002 816 dictum
1030 763 1188 840 regern,
1214 765 1357 818 secun·

267 855 364 934 dum
405 857 713 959 expositionem
753 857 965 936 dictorum
1005 885 1180 939 suorum
1222 864 1357 940 amba·

267 985 462 1055 natorum
479 1000 489 1070 3
507 1000 595 1080 pro
640 977 790 1080 quibus
832 977 1028 1058 omnibus
1055 983 1181 1085 plene
1210 1005 1358 1084 cogno·

265 1096 422 1186 vimus,
461 1121 653 1196 magnum
684 1107 725 1176 el
752 1102 964 1176 sincerum
1003 1124 1206 1193 amorem,
1233 1125 1358 1204 quem

262 1215 316 1293 *ad
357 1219 582 1316 nosgerit
619 1223 660 1296 et
687 1241 766 1320 pro
810 1245 862 1297 eo
907 1227 1151 1324 reputamus
1190 1246 1266 1298 nos
1306 1221 1357 1298 ad

268 1344 445 1418 cuructos
475 1341 564 1416 eius
593 1339 783 1419 honores
812 1347 855 1418 et
882 1339 1150 1444 beneplacita
1171 1343 1356 1420 strictius

266 1456 483 1558 obligatos3
499 1465 541 1536 et
554 1459 730 1537 firmiter
745 1461 966 1550 credimus,
996 1465 1110 1564 quod
1136 1462 1355 1541 consilium

266 1601 386 1654 suum
416 1603 468 1654 ex
495 1601 598 1681 pura
627 1587 766 1657 mente
805 1586 847 1657 et
883 1579 1024 1657 intima
1065 1580 1237 1658 caritate
1264 1604 1355 1683 pro·

268 1697 378 1779 cedit
407 1725 505 1800 erga
547 1726 653 1784 nos,
696 1708 905 1803 tamquam
948 1700 1099 1778 iratres
1128 1709 1170 1778 et
1197 1703 1355 1779 amicos

269 1819 477 1899 cordiales
504 1821 648 1922 ipsius3
675 1820 750 1898 sed
777 1820 888 1900 sicut
914 1821 1027 1899 scire
1055 1823 1202 1924 poluit,
1229 1819 1355 1898 domi·

266 1965 342 2018 uos
377 1941 485 2018 dux
526 1941 809 2019 Austriae
850 1966 928 2044 per
955 1967 1070 2019 suam
1098 1939 1393 2050 ambaxatam,

267 2062 530 2165 requirinos
560 2063 677 2148 fecit,
715 2061 827 2165 quod
856 2087 950 2142 erran
978 2065 1175 2140 sensisset
1214 2085 1354 2164 regem
1457 2115 1463 2122 -

267 2184 502 2283 ilungariae
530 2193 740 2284 gravatum
772 2209 866 2262 esse
895 2192 1148 2284 contran0s‚
1177 2185 1356 2262 libenter
1462 2252 1467 2279 ,

267 2306 376 2384 iuter
402 2329 480 2382 nos
507 2312 548 2382 et
575 2304 736 2408 ipsum,
777 2305 883 2382 viam
922 2303 1274 2384 reconciliationis
1301 2305 1356 2380 in·

267 2426 453 2513 veniret,
482 2434 523 2502 et
552 2425 663 2526 quod
700 2427 892 2528 placeret
931 2422 1054 2504 nobis
1093 2425 1260 2502 mittere
1288 2448 1355 2499 no·

267 2551 377 2625 stros
426 2547 718 2622 ambaxatores
759 2545 806 2622 ad
853 2570 974 2652 eum;
1025 2551 1202 2648 propter
1242 2542 1354 2645 quod

268 2669 367 2746 licet
393 2666 650 2745 nesciremus
692 2667 819 2743 ullam
860 2664 1146 2743 rationabilem
1190 2686 1354 2743 causam

268 2785 526 2867 turbationis.
546 2786 658 2886 regis
690 2785 893 2888 praedioli
923 2791 1071 2864 contra
1099 2809 1193 2876 nos·
1217 2787 1285 2862 cui
1314 2789 1355 2862 et

269 2905 610 3012 progenitoribus
651 2909 735 2984 suis
763 2931 816 2986 ex
846 2915 966 3011 parte
1008 2915 1150 2984 nostra
1187 2930 1356 3008 semper

269 3028 471 3130 gessimus
514 3025 789 3105 reverentiam
828 3035 870 3106 et
906 3051 1094 3105 amorem
1127 3033 1172 3104 ut
1212 3036 1386 3104 nolum,

271 3158 346 3234 est,
373 3153 512 3225 tamen
553 3149 738 3225 misimus
775 3157 946 3228 nostros
984 3147 1277 3225 ambaxatores
1306 3145 1356 3224 ad

270 3271 426 3348 dictum
462 3267 625 3356 ducem,
660 3268 875 3372 volentes,
903 3274 1106 3378 quantum
1143 3294 1196 3344 ex
1235 3276 1355 3371 parte

270 3398 413 3469 nostra
440 3398 541 3478 erat,
557 3413 650 3466 esse
677 3391 718 3467 in
747 3389 859 3467 omni
886 3412 991 3490 pace
1021 3395 1062 3466 et
1090 3411 1235 3466 amore
1260 3411 1355 3467 cum

271 3512 385 3592 dicto
426 3534 555 3610 rege,
595 3510 702 3589 sieut
743 3511 900 3588 amicus
944 3509 1040 3587 facit
1076 3535 1169 3586 crum
1204 3510 1355 3604 amiam

271 3631 345 3708 sed
373 3630 535 3709 videtur
562 3630 675 3732 quod
702 3631 792 3733 ipse
820 3653 895 3707 rex
923 3652 1000 3730 per
1035 3655 1134 3708 suos
1167 3631 1354 3706 amhaxa-

272 3758 387 3828 tores
425 3750 575 3830 missos
611 3752 847 3830 addictum
888 3751 1065 3848 ducem,
1106 3753 1220 3854 petat
1260 3757 1354 3827 ante

272 3872 409 3950 omnia
448 3874 661 3952 removeri
700 3872 937 3950 exercitum
960 3879 1166 3949 ‘nostrum
1194 3873 1244 3949 ab
1274 3868 1354 3947 ob·

272 3990 506 4073 sidione
547 3991 792 4077 Jadrae,
835 3995 948 4097 quod
977 4017 1061 4070 non
1090 3991 1354 4070 essetratio·

275 4116 421 4205 nubile,
455 4139 534 4193 nec
564 4124 627 4194 est
654 4113 705 4192 de
734 4117 965 4196 intentione
994 4122 1150 4201 nostra,
1180 4137 1274 4192 cum
1302 4114 1354 4190 ci·
