3192 5112
149 629 208 726 ni,
240 629 419 730 sigillato
449 655 525 708 stro
553 631 708 731 sigillo,
736 639 777 708 et
805 637 1036 735 propterea
1062 655 1146 710 non
1173 653 1241 708 re·

149 751 199 830 lit
227 751 371 830 facere
412 751 508 830 lieri
547 775 665 830 suum
706 753 1021 830 instrumentum
1062 752 1240 830 dandum

148 873 291 952 eidem
317 872 489 950 domiuo
518 872 642 954 bano,
670 895 750 949 nec
778 871 1028 950 relaxaverit
1055 895 1238 950 carcere·

149 1001 232 1078 tos,
247 993 424 1094 quisunt
452 989 555 1070 Sch
567 1015 589 1066 a
601 1015 620 1067 r
631 992 657 1068 d
670 1017 695 1068 o
706 1015 732 1068 n
744 1015 766 1066 a
777 1014 814 1082 e,
842 998 886 1070 ut
901 992 1105 1094 promisit,
1121 1015 1240 1092 roga·

148 1137 242 1190 mus
282 1113 417 1216 ipsum
453 1112 679 1196 instanter,
722 1119 925 1213 quatenus
959 1109 1037 1190 sibi
1077 1113 1241 1215 placeat

16 1241 20 1249 '
150 1231 381 1334 adimplere
409 1231 451 1308 id
479 1232 594 1333 quod
621 1237 843 1310 tractatum
871 1237 947 1310 est.
984 1229 1089 1310 Cum
1117 1230 1268 1310 laciat'

147 1375 229 1456 pro
265 1353 358 1455 ipso
401 1359 441 1428 et
470 1349 793 1430 conservatione
832 1375 907 1426 sua
940 1375 991 1428 ac
1017 1375 1097 1456 pro
1126 1353 1240 1430 bono

147 1479 257 1549 statu
285 1469 438 1549 Solav
455 1496 480 1549 o
496 1470 582 1546 nia
598 1494 635 1553 e.
665 1468 821 1548 habere
850 1495 998 1574 paoem
1016 1478 1058 1548 et
1085 1469 1240 1550 bonum

147 1613 340 1668 amorem
369 1613 463 1668 cum
492 1590 664 1670 domino
703 1589 852 1667 bano
883 1589 1171 1668 Bossinae
1201 1597 1243 1668 et

147 1708 239 1786 aliis
270 1707 530 1801 sclavis,
571 1733 624 1785 ex
666 1709 816 1811 quibus
857 1711 980 1788 nobis
1020 1711 1243 1812 plurimum

148 1821 467 1932 complacebitis
504 1831 765 1908 intendentes
793 1832 976 1922 omnino,
1005 1831 1117 1932 quod
1146 1853 1242 1906 con·

147 1951 342 2028 cordium
369 1951 581 2052 inceptum
618 1951 879 2052 compleatur
904 1975 984 2054 per
1023 1952 1171 2054 ipsum,
1199 1958 1241 2028 et

147 2093 226 2146 nos
264 2091 342 2170 pro
384 2078 504 2170 parte
545 2084 714 2166 nostra,
769 2079 989 2174 postquam
1042 2068 1240 2146 ambabus
1338 2139 1342 2146 .

147 2190 335 2292 partibus
375 2188 555 2291 placuit,
585 2197 854 2292 acceptamus
895 2197 936 2267 et
965 2189 1148 2268 conteuti
1177 2215 1239 2268 su·

3 2333 4 2336 ‘
149 2335 239 2388 mus
268 2332 413 2396 omnes
440 2308 692 2388 differentias
707 2317 749 2390 et
764 2310 1032 2412 quaestiones
1060 2311 1238 2413 portium

3 2469 4 2534 ss
148 2434 387 2512 terminare.
442 2427 581 2534 Super
635 2433 785 2533 quibus
835 2430 1029 2510 Nicolino
1071 2431 1236 2510 notario

3 2553 5 2640 l
147 2561 294 2631 nostro
335 2551 498 2654 plenius
539 2552 781 2630 comisimus
834 2554 1129 2638 referendum,
1171 2551 1238 2630 cui
1358 2620 1363 2632 ,

3 2711 5 2780 t
144 2677 314 2779 placeat
341 2673 471 2752 iidem
514 2673 727 2752 credulam
770 2673 971 2754 adhibere
1001 2685 1043 2753 et
1071 2673 1238 2752 ellectu·

146 2797 269 2896 aliter
295 2795 537 2914 adimplere.

672 2914 774 2982 Sacr-
798 2917 887 3004 llog.
911 2914 984 2980 Lib.
1009 2915 1034 2981 l.
1061 2915 1117 2980 ch.
1141 2917 1193 2981 6².

114 3103 315 3234 LXX·
345 3126 456 3234 ¹:345,-
483 3120 661 3200 indict
690 3121 777 3199 XV.
808 3127 856 3199 10
882 3121 1234 3201 Novembris·

146 3249 323 3304 atreis-m
348 3261 448 3314 esaan
472 3263 561 3320 cyna
587 3245 670 3320 osny
703 3249 932 3304 Bocanauoun
968 3263 1114 3305 aneaoae
1138 3245 1234 3322 lippi-

412 3365 482 3434 ¹aua
507 3367 525 3405 u
549 3353 741 3424 Bypacaaaa
765 3351 954 3424 &apennia

250 3514 399 3618 Capta:
456 3520 569 3618 quod
612 3519 822 3596 scribatur
861 3519 1031 3609 domino
1087 3518 1231 3596 bano

145 3639 289 3718 Bo's's
304 3637 317 3714 i
332 3647 357 3713 n
373 3661 434 3715 ae
465 3653 559 3717 curn
586 3641 666 3718 illis
685 3642 850 3744 ,pulcris
878 3625 1018 3718 verbis
1047 3665 1152 3742 quae
1179 3640 1233 3716 vi·

146 3753 371 3850 debuntur‚
398 3759 508 3838 inter
535 3758 613 3838 alia
639 3761 713 3839 sibi
742 3749 1005 3841 denotando:¹
1024 3760 1136 3862 quod
1156 3784 1235 3863 per

144 3879 276 3982 ipsius
303 3871 617 3958 'ambaxatorem
653 3883 848 3960 domnum
887 3883 1035 3959 Elliam
1064 3904 1141 3958 uos
1169 3903 1231 3956 ro·

145 4002 235 4102 gari
277 3997 390 4087 lecit,
426 4003 541 4101 quod
583 3999 932 4082 Curiachum
975 4011 1029 4081 et
1069 4001 1233 4082 comi·

145 4130 249 4200 tem
275 4119 541 4198 Budislavum
569 4118 788 4223 Ugrignich
804 4133 1008 4202 eteorum
1037 4124 1145 4200 bona
1160 4147 1232 4199 no·

3 4327 4 4330 p
149 4242 210 4320 bis
236 4241 425 4344 placeret
451 4239 610 4321 habere
665 4246 935 4332 comendata;
990 4253 1030 4321 et
1057 4264 1135 4319 nos
1177 4245 1232 4324 ob
