3186 5112
471 371 476 379 ι

329 609 380 686 ut
406 615 584 711 propter
598 611 682 688 hnc
701 607 866 712 possint
891 608 1142 712 promittere
1169 609 1307 690 diotae
1335 611 1415 688 do·
1566 709 1569 716 ,

330 730 515 810 minae
555 729 775 808 Etenna
819 728 1092 818 Buduam,
1135 739 1178 808 ut
1219 731 1413 831 superius

329 853 564 929 continetur
592 858 634 928 et
660 850 836 928 ducatos
875 854 1128 955 quingentos
1154 875 1288 953 usque
1331 851 1415 928 mit·

328 973 369 1048 le
395 973 436 1050 in
464 996 587 1050 anno.

428 1143 507 1222 Ser
534 1146 776 1224 henrardus
817 1147 981 1224 Victuri
1008 1145 1172 1250 sapiens
1200 1143 1413 1233 ordinum,

325 1265 587 1366 vultpartem
613 1265 953 1370 suprascriptam,
970 1267 1107 1348 dando
1138 1265 1313 1344 ducatos
1331 1263 1413 1340 diro

325 1383 462 1462 miliia.
1272 1391 1277 1400 '

420 1573 508 1652 -Ser
534 1573 720 1662 dacnbus
747 1577 799 1655 de
830 1577 961 1681 Rip'pa
1000 1578 1120 1690 miles
1146 1577 1233 1654 vuit
1260 1573 1414 1653 dictam

324 1700 485 1796 partem
513 1721 583 1774 ser
610 1699 744 1778 Marci
773 1699 989 1787 Dandulo,
1020 1725 1113 1778 cum
1141 1697 1350 1777 instancia·
1367 1689 1416 1774 'et

167 1898 171 1908 ,
326 1817 517 1916 sequenti
546 1818 786 1908 additione,
825 1821 1034 1900 videlicet.
1087 1821 1140 1900 lit
1166 1820 1200 1896 si
1229 1818 1413 1896 obtineri

326 1959 408 2010 nnn
435 1938 580 2036 possit,
607 1947 652 2014 ut
676 1941 716 2016 in
745 1941 855 2018 dicta
884 1947 1002 2044 parte
1031 1939 1285 2027 continetur,
1312 1943 1413 2014 tunc

325 2063 371 2133 ut
397 2079 479 2131 nou
507 2047 733 2138 remaneat·
750 2063 847 2162 quin
864 2060 975 2140 diota
995 2083 1091 2163 pars
1120 2059 1412 2148 concludatur,

326 2173 505 2256 debeant
532 2200 761 2278 procurare
789 2182 888 2260 dicti
921 2182 1004 2259 dun
1034 2182 1103 2282 qni
1129 2181 1271 2265 ibunt,
1299 2177 1412 2280 quod

326 2305 539 2378 remaneat
567 2305 716 2377 nostro
747 2301 930 2380 dominio
969 2301 1165 2381 civitas
1206 2300 1413 2397 Dul'cig·

325 2418 379 2493 ni
421 2443 515 2495 cum
543 2421 629 2498 stris
668 2420 931 2523 pertinentiis
958 2423 1065 2500 vitiis
1092 2429 1135 2500 et
1159 2417 1410 2504 hominibus,

326 2539 525 2640 specifice
555 2567 651 2620 cum
678 2543 863 2620 dominio
900 2568 1004 2632 suo,
1041 2541 1250 2620 veniendo
1291 2547 1413 2618 recte

326 2659 535 2760 usquead
577 2671 843 2741 sanctum
886 2663 1204 2762 Georgium
1245 2658 1413 2738 atinde

324 2777 1411 2880 usqueadsancturnNicolaum,1⁴'uxie

323 2899 587 2980 Bnianae
630 2912 673 2982 et
708 2905 952 2982 abbatia
994 2929 1090 2983 oum
1118 2907 1205 2982 suis
1232 2902 1343 2980 villis
1370 2907 1414 2977 et

325 3017 568 3108 confinibus,
585 3031 627 3100 et
653 3025 973 3113 molendina,
995 3025 1215 3126 dequibus
1233 3029 1297 3100 est
1323 3021 1413 3096 dra

324 3139 422 3236 (sic)
454 3149 497 3218 et
523 3143 851 3238 Anticarurn
873 3169 968 3248 ¹per
997 3153 1157 3224 costam
1184 3147 1410 3222 montanae

323 3283 455 3360 usque
484 3260 533 3337 ad
556 3263 741 3344 confinia
770 3267 830 3342 de
866 3265 1078 3367 Propat,
1108 3287 1210 3344 cum·
1230 3262 1341 3352 villis
1370 3263 1414 3335 et

324 3380 563 3458 bominibus
592 3391 634 3460 et
678 3383 1043 3464 fortilicium
1087 3383 1414 3469 (telonarius,

324 3499 560 3603 incipiendo
591 3529 613 3583 a
641 3507 799 3584 marina
829 3515 998 3609 aparte
1044 3503 1329 3602 Dulcigui
1372 3507 1418 3577 et

324 3622 529 3722 capiendo
559 3647 582 3698 a
609 3636 815 3709 sancta
860 3625 1047 3712 Marna,
1075 3628 1214 3704 eundo
1245 3645 1415 3700 sursum

323 3767 458 3845 usque
481 3745 709 3822 adtonsum
738 3745 851 3847 quod
879 3753 943 3824 est
970 3769 1098 3848 super
1124 3742 1416 3824 Juoistavi.

324 3863 461 3940 eundo
477 3864 577 3942 sica
606 3865 654 3941 la
683 3865 873 3966 figora,
903 3890 1011 3968 quae
1040 3874 1104 3945 est
1132 3867 1210 3942 sub
1237 3864 1303 3941 via
1332 3885 1415 3964 qua

322 3983 404 4060 itur
433 3983 765 4070 nautarum,
806 3988 946 4064 eundo
974 4011 1140 4064 sursum
1167 4009 1315 4061 versus
1341 3981 1415 4058 vil·

326 4103 406 4181 tam
435 4103 499 4179 de
530 4105 565 4180 li
595 4103 782 4192 Stnrti
813 4114 1005 4208 quaeest
1031 4105 1244 4187 ecclesiae
1270 4126 1413 4179 sanc·

322 4223 364 4298 ti
393 4221 658 4321 Georgii,
690 4250 796 4326 quae
826 4233 1042 4328 estsuper
1069 4221 1288 4304 territorio
1316 4225 1408 4303 An·

321 4341 494 4456 tivari,
523 4348 564 4420 et
591 4343 647 4421 ita
673 4371 845 4424 sursum
872 4347 914 4423 in
941 4349 991 4426 ln
1030 4340 1200 4436 lesim,
1227 4344 1269 4424 in
1297 4365 1410 4418 mon·
