3192 5112
1184 378 1247 476 'rur

159 646 346 703 comune
373 647 544 728 semper
572 623 622 702 ad
650 619 800 708 deum,
837 617 907 724 qui
935 618 1121 700 eiusdem
1150 617 1244 700 iidei
1310 709 1315 725 1

157 751 282 825 actor
309 751 351 825 et
377 748 511 851 capud
540 751 628 836 est,
654 743 881 834 habuistis,
915 741 1095 824 credere
1123 743 1246 824 iaciie

156 889 241 944 non
281 891 530 969 possumus,
572 879 709 944 tamen
751 863 831 941 tuis
861 865 904 940 et
930 863 1140 942 dictorum
1176 890 1245 943 co·

157 983 291 1062 munis
330 1009 460 1088 super
498 985 582 1064 hoc
622 985 732 1062 fame
772 992 815 1061 et
854 983 972 1062 saluti
1022 984 1246 1064 consulere

15 1147 16 1204 t
155 1111 332 1206 paterna
358 1103 639 1183 sollicitudine
657 1103 874 1208 cupientes
904 1109 946 1181 et
973 1105 1246 1192 attendentes,

15 1221 16 1312 s
157 1223 273 1325 quod
287 1225 529 1304 huiusmodi
555 1225 635 1328 liga
663 1227 774 1303 inter
789 1223 1047 1304 carissimum
1062 1227 1103 1304 in
1133 1223 1247 1306 Chri·

15 1355 16 1448 ἷ
156 1353 224 1423 sto
253 1345 383 1424 tilium
411 1351 599 1424 nostrum
626 1345 940 1424 Ludovicum
969 1369 1112 1446 regem
1138 1345 1246 1425 Hun-

157 1466 297 1566 gariae
325 1466 539 1552 illustrem,
567 1465 638 1567 qui
664 1465 853 1544 Rasenos
881 1463 1070 1556 eosdem,
1097 1465 1150 1544 ad
1177 1491 1246 1546 ex·

156 1585 393 1689 tirpandum
422 1585 474 1663 de
500 1585 689 1690 partibus
716 1585 797 1664 iliis
824 1588 1069 1689 pravitatem
1095 1587 1246 1667 hereti·

158 1729 275 1793 cam,
302 1705 468 1787 favente
496 1706 668 1786 domino
710 1729 954 1809 expugnare
983 1707 1180 1809 proponit
1206 1711 1249 1786 et

158 1833 228 1915 te,
267 1827 445 1907 invicem
486 1827 759 1922 dissidentes,
801 1826 852 1904 ad
893 1851 1071 1932 quorum
1097 1851 1246 1931 pacem

156 1947 467 2054 procurandam
508 1949 728 2046 enitimur,
770 1947 1039 2027 seminarium
1078 1949 1248 2027 maioris

158 2067 296 2145 disidii
331 2089 425 2145 esse
460 2068 621 2170 possit,
663 2065 924 2145 nobilitatem
951 2076 1064 2146 tuam
1093 2073 1249 2147 attente

15 2245 17 2290 ὲ
158 2189 409 2292 requirimus
436 2197 480 2266 et
506 2189 749 2273 hortamur,
775 2187 889 2266 illam
918 2195 1075 2268 attente
1104 2213 1250 2290 rogan·

15 2333 16 2370 1
157 2317 220 2387 tes
257 2309 337 2388 sibi
377 2309 535 2412 tibique
576 2311 799 2387 evadentes
840 2311 1022 2413 paternis
1060 2312 1248 2391 consiliis

158 2439 201 2510 et
229 2439 325 2511 tuae
352 2433 493 2511 salutis
521 2431 680 2523 intuitu,
710 2431 933 2535 expensius
973 2433 1250 2534 injungentes,

158 2563 263 2654 quot
292 2553 343 2629 ab
373 2551 486 2630 omni
516 2553 713 2643 consitio,
741 2553 908 2640 auxilio,
937 2553 1081 2632 favore
1108 2579 1159 2634 ac
1187 2552 1250 2632 ad·

15 2733 16 2748 ,
152 2672 330 2770 jutorio,
358 2669 559 2751 hereticis
587 2681 630 2751 et
656 2671 875 2751 sismaticis
902 2671 1002 2774 ipsis
1022 2675 1249 2753 occasione

157 2791 396 2870 huiusmodi
423 2793 777 2873 confederationis
805 2817 880 2871 scu
908 2795 1014 2894 lige,
1055 2800 1126 2872 aut
1153 2795 1249 2872 aite-

157 2915 244 2991 rius
285 2915 509 2994 cuiuslibet
548 2919 790 3020 paccionis,
831 2939 1085 3020 quocunque
1126 2916 1248 2994 titulo

155 3061 233 3114 seu
261 3039 432 3118 nominc
462 3045 684 3117 censeatur
711 3037 954 3140 prestando,
978 3061 1157 3142 prorsus
1185 3036 1248 3115 ab·

15 3239 16 3248 p
156 3155 327 3248 stincas,
356 3163 398 3234 et
424 3155 614 3235 subditos
640 3164 737 3236 tuos
779 3155 946 3236 omnino
989 3179 1248 3262 compescas

154 3275 241 3354 Nos
269 3277 379 3354 enim
408 3277 529 3378 iigam
549 3277 950 3367 confederationem,
979 3285 1022 3356 et
1049 3301 1248 3381 quascun-

157 3423 241 3500 que
268 3397 498 3502 pacciones
526 3398 627 3476 alias
654 3401 763 3478 inter
791 3407 831 3479 te
859 3427 934 3479 seu
977 3400 1250 3501 predecesso-

157 3542 227 3595 res
257 3527 364 3616 tuos,
394 3521 525 3598 duces
539 3519 822 3600 Veneciarum
837 3528 879 3600 et
894 3521 1030 3599 dictos
1055 3544 1249 3607 comune,

156 3636 277 3716 initas
305 3636 434 3716 iactas
461 3637 622 3716 habitas
651 3665 860 3718 cassamus
889 3651 931 3719 et
957 3637 1180 3728 irritamus,
1207 3643 1249 3714 et

156 3757 307 3836 nuliius
350 3783 444 3837 esse
485 3759 809 3838 determinamus
849 3758 1017 3838 roboris
1056 3758 1121 3835 vei
1165 3783 1248 3835 mo·

155 3879 312 3968 menti,
350 3904 479 3983 penas
516 3887 558 3958 et
588 3883 827 3979 juramenta
866 3877 1104 3958 huiusmodi
1145 3881 1247 3957 reia·

155 4010 316 4081 nantes.
344 4000 543 4080 Ceterum
571 4001 814 4081 huiusmodi
841 3999 1065 4106 praecibus
1093 4001 1247 4078 nostris

153 4123 385 4212 adiicimus,
414 4129 459 4199 ut
487 4147 536 4216 en
565 4145 674 4224 quae
714 4121 962 4201 venerabilis
1005 4123 1136 4202 frater
1175 4147 1247 4200 no·

155 4251 271 4346 ster,
310 4245 534 4350 episcopus
569 4241 810 4335 Paocenus,
849 4244 1246 4353 apostolicaesedis
