3234 5116
1249 416 1317 486 oa
1419 503 1423 518 p

226 617 379 696 tionem
409 617 691 710 denariorum,
720 643 845 718 quam
876 620 1073 718 gentium,
1104 621 1314 719 volumus,

224 740 336 838 quod
364 738 531 839 quando
569 763 650 840 pur
677 741 813 817 dictus
857 741 1052 822 dominus
1080 765 1157 818 rex
1179 741 1316 828 ,vellet

222 857 378 936 babere
419 858 742 940 subventionem
779 863 1078 957 denariorum,
1125 871 1167 941 et
1195 863 1317 941 aliter

222 981 365 1060 facere
393 1007 475 1058 non
503 983 702 1087 possetis,
731 985 844 1084 quod
875 985 1046 1086 possitis
1060 987 1313 1087 promittere

222 1102 337 1179 dicto
367 1101 538 1182 domino
574 1105 664 1201 regi
693 1127 825 1204 usque
854 1106 1031 1182 ducatos
1059 1111 1158 1184 octo
1187 1105 1314 1209 millia

223 1225 262 1303 in
292 1222 441 1302 decem
470 1225 625 1322 miliia,
670 1223 777 1302 sicut
807 1222 954 1302 melius
985 1225 1131 1304 facere
1159 1226 1314 1327 poteria

222 1345 287 1432 tis,
314 1343 438 1421 dante
467 1345 583 1423 dicto
616 1345 786 1422 domino
817 1369 921 1446 rege
951 1353 1097 1425 nostro
1127 1345 1338 1453 dominio¹

223 1468 359 1542 castra
389 1463 569 1542 Clisii
598 1473 642 1542 et
666 1465 966 1552 Daimisii,
995 1470 1038 1542 et
1067 1463 1313 1548 restituente

224 1571 357 1662 terris
376 1593 419 1662 et
448 1581 552 1662 iocis
580 1577 737 1664 nostris
769 1588 821 1663 de
850 1585 958 1674 inde,
984 1587 1086 1663 iilud
1114 1587 1313 1689 quodvte·

222 1713 291 1783 net
319 1706 456 1783 dictus
486 1729 631 1784 eomes
654 1705 884 1794 dohannes,
914 1715 956 1786 et
984 1705 1313 1786 Poiizanide

221 1824 479 1904 districtibus
503 1826 743 1928 praedictis,
773 1829 882 1904 sicut
900 1829 941 1906 in
958 1835 1094 1908 vestra
1124 1829 1314 1912 commis-

220 1948 340 2026 sione
370 1948 622 2036 continetur3
644 1973 758 2049 ⁴quos
773 1948 968 2026 denarios
992 1950 1125 2052 parati
1154 1949 1313 2026 erimus
1356 2017 1358 2026 ,

222 2068 311 2148 dari
337 2068 481 2156 facere
510 2069 625 2148 dicto
656 2072 829 2148 domino
859 2071 960 2170 regi,
981 2071 1137 2172 'positis
1168 2071 1208 2148 in
1232 2081 1312 2146 ma·

219 2190 339 2265 nibus
369 2189 526 2266 nostris
545 2191 696 2268 castris
711 2191 1025 2292 suprascriptis,
1054 2191 1312 2270 declarando

221 2310 340 2387 vobis
369 2311 408 2386 in
442 2335 608 2387 omnem
638 2323 848 2412 eventum,
878 2314 1049 2416 quodsi
1065 2313 1194 2389 veliet
1222 2310 1312 2386 sub-

221 2432 461 2509 ventionem
504 2431 931 2519 denariorumsnon
962 2434 1213 2510 intendimus
1244 2431 1313 2510 ali·
1348 2524 1355 2544 Ι
1391 2521 1396 2529 .

221 2577 343 2653 quam
371 2539 553 2650 gentium
582 2553 906 2631 subventionem
937 2551 1238 2658 contribuere„

324 2671 463 2774 Super
492 2699 545 2751 eo
584 2681 721 2752 autem
761 2673 875 2774 quod
903 2675 1114 2766 scribitis,
1155 2673 1313 2751 dictum

221 2793 437 2872 dominum
465 2817 610 2892 regem
639 2801 785 2894 optare
814 2802 858 2872 ut
885 2797 1008 2872 vobis
1037 2795 1225 2882 videtur,
1255 2818 1313 2869 es·

219 2895 1199 3001 sendinobiiem'Venetiarum,vobis
1230 2935 1311 2990 res·

222 3033 468 3136 pendemus,
498 3034 609 3134 quod
638 3034 671 3110 si
700 3033 837 3112 dictus
867 3034 1063 3112 dominus
1087 3057 1163 3110 rex
1192 3029 1327 3118 vobis,

221 3157 381 3231 faceret
421 3154 678 3230 mentionem
720 3155 772 3230 de
801 3154 913 3230 facto
954 3152 1199 3253 praedicto,
1242 3157 1312 3228 atri

221 3274 311 3352 fieri
340 3275 509 3362 faceret,
538 3274 725 3352 debeatis
755 3275 1041 3378 respondere,
1070 3275 1181 3375 quod
1213 3275 1312 3350 estis

223 3396 509 3484 certissimus,
538 3396 651 3506 quod
679 3397 719 3471 in
747 3396 838 3474 hoc·
860 3403 1049 3473 nostrum
1080 3393 1311 3471 dominium

223 3519 395 3595 muitum
424 3518 622 3596 alacriter
650 3517 689 3594 ei
717 3515 1023 3620 complacebit.¹

323 3635 408 3713 Sed
436 3643 488 3714 ut'
507 3637 678 3739 possitis
707 3637 788 3712 iilis
817 3635 1007 3722 duobus,
1046 3633 1295 3736 quossorip

222 3757 352 3844 sistis,
381 3755 515 3835 nostri
544 3761 663 3859 parte
693 3757 842 3835 exenia
865 3750 1157 3857 praesentare,
1189 3753 1309 3828 mitti·

222 3903 311 3955 mus
338 3876 461 3954 vobis
485 3899 609 3953 unam
638 3877 801 3978 peciam
829 3875 962 3978 panni.
1105 3873 1109 3883 “

321 4001 480 4077 Verum
522 3998 555 4075 si
596 3997 824 4073 deveniatis
863 3999 915 4076 ad
957 3981 1318 4099 compositionem

221 4119 446 4199 cumdicto
476 4118 645 4198 domino
675 4140 789 4215 rege,
818 4123 966 4195 contra
994 4119 1153 4196 dictum
1181 4117 1307 4195 comi·
1398 4191 1400 4194 ,

220 4251 305 4322 tem
324 4240 591 4326 dohannem,
620 4245 664 4318 et
688 4241 787 4343 ipse.
810 4241 1058 4318 remanserit
1085 4243 1315 4336 contentus·

1025 4393 1029 4422 ι
1062 4360 1103 4422 7*
