3236 5108
369 624 528 715 dentea
555 622 712 702 habere
739 619 920 700 debeant
962 629 1116 698 tantum
1146 622 1306 707 minus,
1336 647 1460 725 quan·

369 755 455 824 tum
470 747 603 822 minus
620 745 814 841 exigetur
829 749 872 818 et
885 739 1122 831 habebitur,
1138 748 1182 817 ut
1190 746 1352 840 justum
1381 749 1456 819 est.

368 864 512 952 Item,
540 865 574 940 si
589 869 709 967 pater
737 855 839 937 dicti
868 858 1024 935 domini
1053 859 1241 960 Georgii,
1270 887 1345 940 seu
1368 863 1458 938 bar-

368 984 565 1068 baulani,
594 982 789 1062 dominus
830 980 1128 1082 Georgius
1170 983 1237 1058 vel
1265 983 1460 1061 dominus

370 1105 545 1198 Balsa,
574 1106 715 1206 aliquo
746 1125 845 1180 casu
863 1101 1127 1202 accepissent
1155 1104 1309 1205 aliquid
1338 1103 1461 1204 alicui

368 1230 552 1319 Veneto,
581 1227 645 1302 vel
667 1224 810 1304 weidem
838 1223 965 1302 modo
996 1226 1137 1328 aliquo
1177 1225 1462 1317 offendissent,

300 1353 304 1366 ‘
370 1350 479 1450 quod
508 1355 687 1451 propter
713 1345 843 1423 dictas
866 1369 1010 1426 carisas
1024 1349 1104 1450 ipsi
1132 1349 1302 1428 domiuo
1332 1349 1463 1426 Geor·

370 1473 441 1568 gio
470 1469 598 1550 nichil
616 1468 699 1546 dici
727 1467 861 1568 possit
875 1469 1111 1570 vel-aliquid
1134 1471 1343 1574 imputari.
1371 1469 1478 1567 Quia

371 1591 509 1666 omnia
538 1596 581 1664 et
607 1587 769 1687 singula
796 1589 1108 1690 suprascripta,
1135 1596 1177 1666 at
1204 1589 1245 1666 in
1273 1588 1459 1692 presenti

248 1763 249 1767 κ
371 1717 588 1786 contractu
618 1713 832 1800 contenta,
860 1706 959 1785 dicti
981 1717 1285 1810 procuratores
1314 1715 1357 1786 et
1383 1709 1461 1785 sin·

370 1827 453 1906 dici
481 1837 524 1906 et
564 1837 742 1928 uterque
772 1851 934 1920 eorum,
964 1827 1084 1908 dictis
1126 1828 1390 1915 nominibus,
1419 1833 1464 1906 et

371 1950 565 2025 omnibus
594 1949 744 2038 modia
765 1947 941 2047 juribus,
969 1947 1113 2026 formis
1141 1955 1184 2026 et
1211 1948 1348 2027 causis
1377 1951 1464 2051 qui·

372 2068 447 2144 bus
488 2069 639 2154 melius
665 2076 906 2171 potuerunt,
933 2059 1222 2172 promiserunt
1255 2069 1334 2146 sibi
1361 2069 1461 2147 invi·

372 2213 479 2279 cern,
506 2185 669 2266 scilicet
696 2212 778 2266 urna
817 2213 913 2292 pars
941 2191 1062 2267 alteri
1089 2196 1133 2266 et
1168 2191 1297 2266 altera
1324 2187 1459 2274 alteri,
1522 2265 1526 2272 .

370 2331 449 2412 per
477 2307 710 2385 solemnem
734 2309 1043 2410 stipulationem
1058 2307 1255 2388 hincinde
1283 2307 1461 2392 intervess

371 2429 568 2517 nientem,
597 2429 728 2512 firma.
758 2436 846 2507 rata
863 2438 906 2508 et
920 2436 1038 2530 grata
1067 2427 1226 2508 habere
1243 2434 1479 2515 ettenere

311 2611 314 2618 ,
371 2557 413 2626 ct
441 2549 722 2628 effectualiter
738 2573 787 2628 ac
815 2549 1118 2629 inviolabiliter
1146 2552 1390 2637 observare,
1418 2557 1460 2626 et

373 2675 522 2748 contra
550 2671 679 2746 cavel
697 2692 844 2749 eorum
873 2670 1026 2774 aliquid
1054 2677 1136 2748 non
1166 2671 1462 2750 contrafacere

371 2790 439 2866 vel
469 2791 624 2876 tranire,
653 2790 790 2893 aliqua
817 2791 985 2870 ratione
1000 2793 1066 2868 vel
1082 2815 1218 2880 causa,
1246 2793 1323 2870 sub
1353 2813 1461 2892 pena
1557 2863 1562 2870 .

371 2908 485 3011 dupli
513 2911 650 2987 damni
679 2937 978 3014 expensarum,
1007 2919 1049 2990 et
1074 2915 1280 2991 iuteresse
1310 2913 1391 2988 litis
1418 2918 1463 2988 et

372 3037 491 3110 extra
509 3034 633 3110 toties
662 3035 919 3112 comittenda
934 3043 976 3113 et
992 3033 1196 3136 exigenda
1224 3059 1320 3112 curn
1336 3033 1459 3110 ellec-

372 3159 429 3234 tu,
447 3153 613 3252 quotics
635 3154 762 3231 fuerit
777 3155 1093 3243 contrafactum,
1119 3155 1322 3232 solvenda
1336 3178 1359 3230 a
1374 3177 1463 3258 par·

372 3277 413 3348 te
440 3297 526 3350 non
555 3271 819 3360 observante,
837 3280 879 3350 et
906 3273 1153 3377 applicanda
1181 3275 1290 3376 parti
1320 3272 1464 3353 obser·

373 3393 483 3470 vanti
510 3403 553 3468 et
569 3395 802 3471 observare
830 3395 1003 3474 volenti.
1032 3393 1085 3472 llt
1111 3417 1220 3497 pena
1237 3394 1461 3473 commissa

370 3515 438 3594 vel
465 3541 549 3594 non
579 3517 820 3606 commissa,
849 3517 988 3595 soluta
1015 3517 1084 3596 vel
1099 3541 1183 3594 non
1199 3517 1345 3609 soluta,
1371 3541 1462 3621 pre·

371 3660 468 3714 sens
511 3645 777 3727 contractum
818 3642 860 3713 et
901 3639 1038 3715 omnia
1067 3645 1109 3715 et
1147 3637 1309 3736 singula
1335 3639 1378 3716 in
1406 3663 1459 3718 eo

372 3764 584 3847 contenta,
613 3759 730 3840 firma
758 3759 1000 3862 perdurent,
1028 3757 1267 3836 etdebeant
1294 3759 1461 3838 iuviola-

372 3877 512 3956 biliter
540 3881 771 3958 observari.
803 3878 885 3958 Pro
914 3879 1063 3982 quihus
1091 3877 1284 3956 omnibus
1313 3889 1356 3958 et
1383 3883 1461 3960 sin·

371 4000 477 4096 gulis
506 3999 683 4078 tirmiter
698 4001 978 4090 observandis,
993 4005 1036 4077 et
1050 3999 1336 4103 adimplendis,
1349 4000 1461 4078 idem

372 4119 564 4198 dominus
591 4120 790 4200 Nicolaus
829 4121 1040 4224 Delphino
1081 4119 1262 4199 sindicus
1304 4119 1461 4198 domini

371 4239 487 4315 ducis
516 4250 559 4318 et
586 4243 778 4318 comunis
807 4241 1093 4324 Venetiarum,
1121 4240 1344 4318 sindioario
1384 4265 1457 4318 no·

372 4358 481 4437 mine
495 4359 794 4464 suprascripto,
823 4362 960 4440 omnia
977 4364 1088 4440 bona
1104 4361 1292 4438 comunis
1320 4363 1456 4440 Vene-
