3224 5110
1245 363 1310 430 48¹7

118 667 127 682 ι
216 568 363 672 prefati
391 565 598 666 magnifici
627 568 795 656 domini,
825 593 920 648 eum
951 569 1079 644 rebus
1108 572 1151 644 et
1180 568 1309 646 bunis

214 691 324 779 suis,
367 697 454 768 tute
497 694 542 766 et
569 685 701 766 libere
743 713 821 791 per
858 689 941 766 hoe
970 713 1085 768 mare
1116 700 1306 767 nostrum

214 810 410 908 navigare
440 810 616 912 possint,
644 814 687 884 et
714 809 955 886 huiusmodi
984 807 1193 888 novitates
1221 811 1305 888 nul·
1354 883 1357 896 ‚

178 945 180 948 ’
216 933 258 1009 lo
287 935 413 1035 pac-to
443 932 503 1008 eis
529 929 776 1009 interantur.

319 1051 379 1130 Ad
422 1055 647 1156 partem
684 1043 826 1127 veru
869 1051 1159 1154 responsionis
1197 1051 1305 1130 laete

215 1195 294 1273 per
321 1197 442 1247 suum
459 1170 721 1269 magnifieum
738 1170 949 1248 domiuum
980 1172 1142 1249 nunciis
1172 1197 1210 1247 m
1228 1195 1250 1246 a
1265 1195 1307 1270 g-

96 1277 101 1288 ’
216 1291 1305 1391 uiliciiohannisvayvedeHungarie

215 1416 295 1487 ete.
326 1411 516 1498 dicimus,
546 1413 657 1514 quod
676 1413 833 1515 placuit
859 1413 982 1488 nobis
1010 1415 1099 1513 ipsa
1136 1439 1307 1514 respon·
1357 1468 1361 1476 -

198 1529 292 1624 sio,
322 1558 402 1634 pro
433 1557 513 1633 qrra
544 1542 585 1609 el
611 1559 691 1636 pro
721 1533 945 1611 affectione
975 1533 1213 1634 quamdieit
1241 1535 1306 1610 ha-

216 1649 318 1729 bere
347 1659 496 1730 nostro
525 1655 725 1740 dominio,
756 1662 799 1729 et
826 1679 905 1756 pro
948 1655 1037 1729 aliis
1068 1679 1174 1754 quae
1205 1653 1307 1730 dixit

214 1772 448 1852 honorilice
477 1777 529 1852 de
558 1774 744 1853 dominio
774 1775 1100 1860 noslr0,nuuti0
1128 1773 1306 1874 predicti

214 1897 476 1994 vayvode
523 1895 845 1995 Hungarie,
888 1883 1221 1995 magnificentiae
1251 1879 1308 1998 ip-¹

213 2012 300 2089 sius
328 2016 391 2092 sui
419 2015 590 2101 domini,
632 2015 990 2095 abundantissime
1020 2015 1308 2114 regratiamur.

252 2137 264 2176 '
317 2135 379 2214 Ad
408 2143 673 2236 quartam
702 2145 744 2212 et
772 2137 957 2214 ultimam
987 2133 1309 2238 parlemdelac·

214 2259 258 2329 to
286 2257 436 2332 domus
463 2281 560 2333 suae
589 2262 632 2332 et
647 2259 700 2334 de
728 2257 933 2336 afflatibus
963 2256 1194 2360 preteritis,
1224 2279 1307 2330 res·

214 2373 460 2475 pundeatur:
491 2378 600 2476 quod
632 2375 810 2453 intentio
853 2387 997 2454 nostra
1026 2381 1090 2452 est
1119 2383 1161 2452 et
1199 2399 1303 2452 sem-

215 2518 292 2597 per
321 2495 408 2580 luit,
436 2497 518 2600 ipsi
546 2499 779 2576 observare
810 2523 859 2575 ea
888 2525 991 2598 quae
1028 2495 1308 2601 promisimus,

216 2627 258 2692 et
285 2619 319 2694 si
346 2641 478 2717 usque
507 2642 616 2694 neruo
646 2620 713 2696 illa
741 2619 809 2694 do
827 2643 865 2694 m
882 2645 940 2694 us
968 2617 1046 2694 sibi
1075 2641 1152 2720 per
1175 2617 1304 2693 domi·

215 2734 324 2810 nium
353 2745 543 2812 nostrum
575 2745 711 2838 empta
740 2762 822 2813 non
854 2739 943 2822 fuit,
973 2737 1057 2814 hoe
1077 2735 1306 2842 processit,
1351 2743 1356 2754 '

216 2855 309 2961 quia
338 2881 433 2934 eum
462 2857 640 2933 maxima
668 2857 913 2935 difficultate
955 2857 1194 2936 lmiusmodi
1236 2857 1306 2933 do-

216 2999 306 3050 mus
334 2975 598 3054 inveniuntur
624 2980 810 3065 venales,
826 2986 868 3054 el
889 2979 1087 3056 continue
1115 2977 1307 3055 stetimus

214 3105 337 3198 atque
365 3103 521 3174 stamus
551 3099 722 3184 attenti,
764 3105 806 3174 ut
833 3098 868 3172 si
900 3097 1033 3199 aliqua
1062 3099 1210 3175 domus
1239 3109 1307 3175 ‹te-

213 3225 410 3310 eurreret·
450 3217 572 3296 nobis
601 3217 708 3295 illius
752 3217 1031 3308 conditionis,
1075 3243 1198 3318 quam
1228 3217 1308 3320 ipsi

213 3339 383 3415 domiuo
438 3341 731 3443 promisimus,
772 3365 864 3417 eam
907 3338 1103 3416 alacriter
1144 3361 1222 3438 pro
1252 3363 1305 3415 eu

86 3477 90 3486 ·
213 3457 458 3535 emissemus
489 3483 537 3535 ae
577 3481 831 3536 emeremus.
888 3457 970 3536 Sed
1000 3461 1044 3533 ut
1073 3457 1307 3556 intelligant

56 3651 63 3665 ,
104 3570 107 3576 ’
212 3565 320 3655 hanc
350 3578 505 3656 bonam·
531 3577 807 3656 intentionem
837 3583 1035 3663 nostram,
1064 3577 1205 3676 placet
1233 3598 1305 3652 ne·

213 3697 298 3787 bis,
352 3707 394 3778 ut
448 3723 549 3774 suae
605 3699 938 3799 spectabilitates
994 3703 1198 3800 quaerant
1263 3701 1306 3770 et

211 3822 331 3921 queri
360 3821 514 3900 faciant
546 3820 598 3896 de
626 3821 763 3922 aliqua
793 3821 934 3908 domo,
964 3845 1070 3922 quae
1099 3818 1303 3895 esseteis

210 3949 353 4038 grata,
382 3941 479 4043 quia
509 3965 601 4016 eam
633 3941 815 4018 libenter
856 3965 1108 4037 emeremus,
1138 3961 1305 4041 nosque
1345 3922 1351 3936 ’

208 4063 399 4142 similiter
427 4061 478 4136 ad
510 4059 550 4139 id
583 4061 786 4140 stabimus
814 4061 974 4140 attenti.

311 4185 373 4260 De
408 4180 728 4261 affictibus
768 4205 872 4260 vero
915 4205 1020 4285 quoa
1047 4180 1207 4258 habere
1235 4177 1305 4257 de·
