3186 5112
333 305 398 374 aba

335 536 423 592 ram
453 511 607 615 aliquid
634 511 810 601 sinistri,
829 535 931 590 ‘nec
960 511 1000 588 in
1029 511 1328 591 detrimentum
1355 523 1430 594 sta·

335 644 399 713 tus
425 635 556 712 nostri
584 637 731 736 posset
759 656 994 712 occurrere
1022 633 1107 711 ullo
1137 635 1278 712 modo.

436 755 500 832 Ad
529 755 746 832 tertiam
783 761 966 856 partem,
993 777 1224 857 perquam
1252 755 1354 834 dicit
1381 755 1429 832 si·

335 874 377 954 bi
420 875 547 954 inisse
590 877 817 953 comissum
860 899 937 977 per
977 875 1241 954 dominum
1282 899 1429 952 suum

334 993 650 1073 Mussulman
679 995 884 1098 Zalapi,
912 1001 959 1072 ut
988 994 1163 1074 deberet
1190 997 1360 1074 mittere
1376 993 1428 1071 ad

335 1141 437 1206 nos,
480 1125 684 1218 quatenus
711 1117 833 1194 nobis
860 1117 1055 1218 placeret
1078 1117 1291 1195 destinare
1320 1117 1427 1214 gale·

335 1259 379 1312 as
407 1243 579 1313 nostras·
599 1236 645 1312 in'
667 1261 787 1314 suum
815 1237 1060 1322 subsidium,
1089 1244 1134 1314 ut
1160 1245 1306 1338 posset
1321 1243 1429 1316 tran·

335 1357 419 1434 sire
447 1355 499 1432 de
526 1357 782 1436 'Purehia'in
811 1357 1031 1448 Greeiam3
1059 1359 1269 1451 dicendo,
1313 1357 1429 1460 qnod

337 1487 446 1556 amat
472 1487 662 1556 nostrum
686 1479 918 1558 ‘dominium
964 1502 1092 1581 super
1120 1481 1311 1558 omnibus
1338 1477 1430 1558 aliis

338 1597 691 1676 dominationibus
721 1608 803 1680 etc.
851 1599 1194 1702 Respondentur,
1237 1601 1352 1700 quod
1379 1597 1429 1672 si·

339 1725 410 1796 eut
436 1717 528 1819 ipse
545 1718 736 1796 dominus
752 1719 1009 1798 Mussolman
1038 1719 1151 1796 clare
1166 1717 1292 1804 novit,
1319 1741 1424 1793 sem·

336 1860 413 1938 per
448 1837 667 1916 dileximus
721 1840 857 1942 ipsum
902 1847 942 1916 et
981 1846 1131 1919 statum
1171 1859 1426 1942 prosperum

337 1979 484 2048 auum,
525 1964 568 2034 et
603 1957 689 2035 boo
715 1959 872 2060 pluries
900 1959 1091 2061 apparuit
1133 1981 1313 2060 operum
1347 1979 1428 2058 per

338 2077 545 2166 ellectum,
574 2080 670 2179 quia
685 2102 854 2182 semper
880 2081 1034 2156 fuimus
1060 2079 1261 2155 inaniore
1289 2083 1333 2153 et
1358 2073 1428 2152 bo·

335 2221 388 2274 na
415 2221 521 2300 pace
549 2197 683 2275 simul.
725 2199 778 2278 Et
806 2208 870 2280 est
896 2223 1057 2296 verum,
1088 2196 1307 2298 quodiam
1337 2197 1427 2298 ipse

337 2321 527 2398 transivit
562 2322 601 2397 in
629 2319 849 2412 Greeiam,
885 2319 1206 2424 propterquod
1247 2342 1330 2394 non
1362 2327 1428 2422 est

338 2465 444 2545 opus
483 2440 639 2518 auxilio
671 2444 784 2542 quod
815 2438 1082 2544 requirebat,
1119 2442 1195 2516 sed
1224 2437 1333 2516 bene
1360 2437 1426 2513 de·

280 2599 283 2607 =
338 2563 409 2638 bet
437 2583 528 2640 esse
547 2561 842 2650 ¹certissimus,
884 2561 996 2663 quod
1025 2561 1066 2638 in
1096 2559 1291 2638 omnibus
1308 2553 1426 2657 vquae

337 2681 538 2760 oederent
578 2683 628 2758 ad
671 2683 882 2762 honorem
924 2682 1225 2760 exaltationem
1265 2683 1309 2756 et
1335 2699 1427 2776 aug·
1556 2789 1559 2794 1

337 2809 522 2879 mentum
551 2827 691 2888 suum,
727 2827 897 2905 semper
925 2827 1113 2879 essemus
1144 2799 1276 2902 parati
1303 2807 1346 2874 et
1373 2797 1428 2874 di·

336 2921 509 3024 spositi,
549 2925 658 3002 sieut
686 2947 764 3027 pro
794 2923 1035 3014 honorabili
1073 2927 1117 2998 et
1143 2942 1244 2999 earo
1277 2916 1424 2996 amieo

336 3047 493 3130 nostro,
523 3049 565 3118 et
591 3043 925 3146 providissemus
951 3053 993 3123 et
1008 3041 1353 3146 provideremus,
1375 3035 1425 3112 si-

338 3173 407 3240 cut
441 3161 654 3241 videretur
692 3165 816 3241 nobis
858 3162 1114 3250 conveniens
1155 3169 1198 3237 et
1227 3165 1425 3261 opportu-

335 3303 446 3358 num.

437 3400 501 3480 Ad
529 3409 795 3504 quartam
821 3408 1007 3505 partem,
1049 3425 1126 3504 per
1154 3423 1274 3502 qtram
1304 3405 1425 3495 rogat

337 3529 380 3600 et
406 3523 641 3626 supplicat,
681 3530 726 3599 ut
753 3523 971 3622 dignemur
999 3522 1108 3598 velle
1137 3540 1346 3596 summere
1375 3517 1422 3598 ad

305 3645 507 3746 -gratiam
536 3647 795 3723 dominam
829 3645 1061 3723 Elenam
1088 3651 1131 3722 et
1158 3642 1287 3723 fllium
1315 3639 1421 3718 Bal·

336 3771 546 3863 sumet
573 3767 732 3846 habere
773 3769 870 3847 illos
908 3791 988 3868 pro
1030 3761 1342 3858 resumendatia
1378 3765 1421 3838 et

336 3886 638 3975 servitoribus,
680 3897 723 3966 et
747 3889 977 3991 providere
1002 3897 1047 3965 ut
1073 3884 1236 3988 possint
1275 3881 1421 3958 vivere

337 4029 430 4085 eum
473 4007 638 4086 bonore
666 4012 743 4087 sub
772 4009 958 4088 dominio
999 4010 1146 4084 nostro
1188 4011 1270 4081 eto.
1324 3998 1418 4078 Res-

335 4127 582 4230 pondeatur,
612 4131 724 4231 quod
751 4137 795 4207 ut
822 4129 1036 4207 notorium
1065 4131 1129 4203 est
1156 4123 1231 4200 toti
1249 4124 1417 4209 mundo,

335 4269 504 4350 semper
541 4249 834 4351 progenitores
868 4247 1000 4325 nostri
1043 4255 1238 4326 enatura
1280 4246 1325 4318 et
1349 4263 1417 4318 no·
1560 4307 1561 4366 t
