<?xml version="1.0" encoding="UTF-8"?>
<!DOCTYPE html PUBLIC "-//W3C//DTD XHTML 1.0 Transitional//EN"
    "http://www.w3.org/TR/xhtml1/DTD/xhtml1-transitional.dtd">
<html xmlns="http://www.w3.org/1999/xhtml" xml:lang="en" lang="en">
 <head>
  <title>
</title>
<meta http-equiv="Content-Type" content="text/html;charset=utf-8" />
  <meta name='ocr-system' content='tesseract 3.04.00' />
  <meta name='ocr-capabilities' content='ocr_page ocr_carea ocr_par ocr_line ocrx_word'/>
</head>
<body>
  <div class='ocr_page' id='page_1' title='image "./actaarchivivene00sergoog_0647.png"; bbox 0 0 3234 5116; ppageno 0'>
   <div class='ocr_carea' id='block_1_1' title="bbox 1175 398 1300 479">
    <p class='ocr_par' dir='ltr' id='par_1_1' title="bbox 1175 398 1300 479">
     <span class='ocr_line' id='line_1_1' title="bbox 1175 398 1300 479; baseline -0.008 -2"><span class='ocrx_word' id='word_1_1' title='bbox 1175 398 1300 479; x_wconf 67' lang='lat' dir='ltr'>si</span> 
     </span>
    </p>
   </div>
   <div class='ocr_carea' id='block_1_2' title="bbox 209 617 1403 1084">
    <p class='ocr_par' dir='ltr' id='par_1_2' title="bbox 209 617 1403 1084">
     <span class='ocr_line' id='line_1_2' title="bbox 313 617 1403 728; baseline -0.002 -32"><span class='ocrx_word' id='word_1_2' title='bbox 313 617 365 696; x_wconf 79' lang='lat' dir='ltr'>et</span> <span class='ocrx_word' id='word_1_3' title='bbox 412 622 508 722; x_wconf 88' lang='lat' dir='ltr'>quia</span> <span class='ocrx_word' id='word_1_4' title='bbox 550 620 589 695; x_wconf 93' lang='lat' dir='ltr'>in</span> <span class='ocrx_word' id='word_1_5' title='bbox 633 618 783 697; x_wconf 87' lang='lat' dir='ltr'>talibus</span> <span class='ocrx_word' id='word_1_6' title='bbox 825 618 999 720; x_wconf 86' lang='lat' dir='ltr'>praticis</span> <span class='ocrx_word' id='word_1_7' title='bbox 1047 619 1297 697; x_wconf 75' lang='lat' dir='ltr'><strong>multociens</strong></span> <span class='ocrx_word' id='word_1_8' title='bbox 1400 721 1403 728; x_wconf 90' lang='lat'>.</span> 
     </span>
     <span class='ocr_line' id='line_1_3' title="bbox 210 737 1300 842; baseline 0.002 -28"><span class='ocrx_word' id='word_1_9' title='bbox 210 749 439 818; x_wconf 90' lang='lat' dir='ltr'>occurrunt</span> <span class='ocrx_word' id='word_1_10' title='bbox 466 739 738 820; x_wconf 79' lang='lat' dir='ltr'>differentiae.</span> <span class='ocrx_word' id='word_1_11' title='bbox 760 739 977 816; x_wconf 86' lang='lat' dir='ltr'>siridercs</span> <span class='ocrx_word' id='word_1_12' title='bbox 1006 742 1123 842; x_wconf 88' lang='lat' dir='ltr'>quod</span> <span class='ocrx_word' id='word_1_13' title='bbox 1149 737 1300 819; x_wconf 82' lang='lat' dir='ltr'>inter·</span> 
     </span>
     <span class='ocr_line' id='line_1_4' title="bbox 209 859 1300 961; baseline 0.001 -25"><span class='ocrx_word' id='word_1_14' title='bbox 209 859 439 961; x_wconf 86' lang='lat' dir='ltr'>positio</span> <span class='ocrx_word' id='word_1_15' title='bbox 482 859 739 938; x_wconf 79' lang='lat' dir='ltr'>serenissimi</span> <span class='ocrx_word' id='word_1_16' title='bbox 780 859 935 936; x_wconf 91' lang='lat' dir='ltr'>domiui</span> <span class='ocrx_word' id='word_1_17' title='bbox 979 862 1143 959; x_wconf 83' lang='lat' dir='ltr'>regis</span> <span class='ocrx_word' id='word_1_18' title='bbox 1186 868 1300 938; x_wconf 87' lang='lat' dir='ltr'>esset</span> 
     </span>
     <span class='ocr_line' id='line_1_5' title="bbox 211 977 1297 1084; baseline 0.003 -29"><span class='ocrx_word' id='word_1_19' title='bbox 211 981 321 1057; x_wconf 82' lang='lat' dir='ltr'>utitis</span> <span class='ocrx_word' id='word_1_20' title='bbox 349 988 391 1056; x_wconf 88' lang='lat' dir='ltr'>et</span> <span class='ocrx_word' id='word_1_21' title='bbox 418 982 636 1084; x_wconf 82' lang='lat' dir='ltr'>proficua,</span> <span class='ocrx_word' id='word_1_22' title='bbox 678 978 726 1054; x_wconf 92' lang='lat' dir='ltr'>ad</span> <span class='ocrx_word' id='word_1_23' title='bbox 755 977 991 1080; x_wconf 89' lang='lat' dir='ltr'>ponendum</span> <span class='ocrx_word' id='word_1_24' title='bbox 1022 985 1297 1062; x_wconf 91' lang='lat' dir='ltr'>concordium</span> 
     </span>
    </p>
   </div>
   <div class='ocr_carea' id='block_1_3' title="bbox 209 1099 1416 1205">
    <p class='ocr_par' dir='ltr' id='par_1_3' title="bbox 209 1099 1416 1205">
     <span class='ocr_line' id='line_1_6' title="bbox 209 1099 1416 1205; baseline 0.005 -30"><span class='ocrx_word' id='word_1_25' title='bbox 209 1103 498 1179; x_wconf 88' lang='lat' dir='ltr'>interdictum</span> <span class='ocrx_word' id='word_1_26' title='bbox 527 1099 745 1178; x_wconf 79' lang='lat' dir='ltr'>Sandaii</span> <span class='ocrx_word' id='word_1_27' title='bbox 775 1106 817 1175; x_wconf 91' lang='lat' dir='ltr'>et</span> <span class='ocrx_word' id='word_1_28' title='bbox 844 1125 935 1197; x_wconf 83' lang='lat' dir='ltr'>nos,</span> <span class='ocrx_word' id='word_1_29' title='bbox 965 1103 1156 1196; x_wconf 81' lang='lat' dir='ltr'>volumus</span> <span class='ocrx_word' id='word_1_30' title='bbox 1186 1105 1299 1205; x_wconf 91' lang='lat' dir='ltr'>quod</span> <span class='ocrx_word' id='word_1_31' title='bbox 1413 1126 1416 1135; x_wconf 76' lang='grc'>’</span> 
     </span>
    </p>
   </div>
   <div class='ocr_carea' id='block_1_4' title="bbox 211 1221 1396 1674">
    <p class='ocr_par' dir='ltr' id='par_1_4' title="bbox 211 1221 1396 1674">
     <span class='ocr_line' id='line_1_7' title="bbox 212 1221 1396 1323; baseline -0.001 -25"><span class='ocrx_word' id='word_1_32' title='bbox 212 1245 460 1323; x_wconf 75' lang='lat' dir='ltr'>compareas</span> <span class='ocrx_word' id='word_1_33' title='bbox 488 1221 538 1297; x_wconf 90' lang='lat' dir='ltr'>ad</span> <span class='ocrx_word' id='word_1_34' title='bbox 567 1221 850 1322; x_wconf 72' lang='lat' dir='ltr'>praesentiam</span> <span class='ocrx_word' id='word_1_35' title='bbox 880 1221 979 1298; x_wconf 89' lang='lat' dir='ltr'>dicti</span> <span class='ocrx_word' id='word_1_36' title='bbox 1003 1224 1158 1299; x_wconf 93' lang='lat' dir='ltr'>domini</span> <span class='ocrx_word' id='word_1_37' title='bbox 1176 1226 1300 1323; x_wconf 86' lang='lat' dir='ltr'>regis,</span> <span class='ocrx_word' id='word_1_38' title='bbox 1394 1256 1396 1269; x_wconf 92' lang='lat'>·</span> 
     </span>
     <span class='ocr_line' id='line_1_8' title="bbox 212 1341 1299 1442; baseline -0.001 -23"><span class='ocrx_word' id='word_1_39' title='bbox 212 1351 254 1419; x_wconf 89' lang='lat' dir='ltr'>et</span> <span class='ocrx_word' id='word_1_40' title='bbox 280 1367 379 1420; x_wconf 88' lang='lat' dir='ltr'>suae</span> <span class='ocrx_word' id='word_1_41' title='bbox 394 1343 608 1421; x_wconf 88' lang='lat' dir='ltr'>serenitati</span> <span class='ocrx_word' id='word_1_42' title='bbox 635 1343 794 1426; x_wconf 80' lang='lat' dir='ltr'>dicere,</span> <span class='ocrx_word' id='word_1_43' title='bbox 827 1341 940 1442; x_wconf 90' lang='lat' dir='ltr'>quod</span> <span class='ocrx_word' id='word_1_44' title='bbox 969 1342 1078 1418; x_wconf 84' lang='lat' dir='ltr'>sieut</span> <span class='ocrx_word' id='word_1_45' title='bbox 1105 1353 1299 1442; x_wconf 83' lang='lat' dir='ltr'>optamus</span> 
     </span>
     <span class='ocr_line' id='line_1_9' title="bbox 212 1461 1299 1541; baseline 0.001 -1"><span class='ocrx_word' id='word_1_46' title='bbox 212 1466 365 1541; x_wconf 87' lang='lat' dir='ltr'>bonam</span> <span class='ocrx_word' id='word_1_47' title='bbox 407 1462 713 1539; x_wconf 80' lang='lat' dir='ltr'>fraternitatem</span> <span class='ocrx_word' id='word_1_48' title='bbox 755 1461 914 1538; x_wconf 87' lang='lat' dir='ltr'>babere</span> <span class='ocrx_word' id='word_1_49' title='bbox 957 1469 999 1538; x_wconf 87' lang='lat' dir='ltr'>ct</span> <span class='ocrx_word' id='word_1_50' title='bbox 1043 1487 1299 1541; x_wconf 88' lang='lat' dir='ltr'>conservare</span> 
     </span>
     <span class='ocr_line' id='line_1_10' title="bbox 211 1583 1298 1674; baseline -0.001 -12"><span class='ocrx_word' id='word_1_51' title='bbox 211 1609 303 1662; x_wconf 92' lang='lat' dir='ltr'>cum</span> <span class='ocrx_word' id='word_1_52' title='bbox 346 1609 420 1661; x_wconf 92' lang='lat' dir='ltr'>sua</span> <span class='ocrx_word' id='word_1_53' title='bbox 460 1584 716 1674; x_wconf 78' lang='lat' dir='ltr'>serenitate,</span> <span class='ocrx_word' id='word_1_54' title='bbox 757 1583 819 1660; x_wconf 91' lang='lat' dir='ltr'>sic</span> <span class='ocrx_word' id='word_1_55' title='bbox 848 1583 1087 1660; x_wconf 88' lang='lat' dir='ltr'>intentionis</span> <span class='ocrx_word' id='word_1_56' title='bbox 1127 1593 1298 1663; x_wconf 86' lang='lat' dir='ltr'>nostrae</span> 
     </span>
    </p>
   </div>
   <div class='ocr_carea' id='block_1_5' title="bbox 209 1702 1411 1796">
    <p class='ocr_par' dir='ltr' id='par_1_5' title="bbox 209 1702 1411 1796">
     <span class='ocr_line' id='line_1_11' title="bbox 209 1702 1411 1796; baseline 0 -13"><span class='ocrx_word' id='word_1_57' title='bbox 209 1714 293 1794; x_wconf 77' lang='lat' dir='ltr'>est,</span> <span class='ocrx_word' id='word_1_58' title='bbox 339 1707 490 1782; x_wconf 90' lang='lat' dir='ltr'>bonam</span> <span class='ocrx_word' id='word_1_59' title='bbox 519 1705 743 1783; x_wconf 87' lang='lat' dir='ltr'>amicitiam</span> <span class='ocrx_word' id='word_1_60' title='bbox 770 1712 812 1780; x_wconf 91' lang='lat' dir='ltr'>et</span> <span class='ocrx_word' id='word_1_61' title='bbox 839 1702 1111 1781; x_wconf 87' lang='lat' dir='ltr'>dilectionem</span> <span class='ocrx_word' id='word_1_62' title='bbox 1141 1703 1299 1783; x_wconf 85' lang='lat' dir='ltr'>habene</span> <span class='ocrx_word' id='word_1_63' title='bbox 1409 1793 1411 1796; x_wconf 48' lang='grc'><strong>,</strong></span> 
     </span>
    </p>
   </div>
   <div class='ocr_carea' id='block_1_6' title="bbox 209 1824 1391 2270">
    <p class='ocr_par' dir='ltr' id='par_1_6' title="bbox 209 1824 1391 2270">
     <span class='ocr_line' id='line_1_12' title="bbox 209 1824 1298 1912; baseline -0.001 -10"><span class='ocrx_word' id='word_1_64' title='bbox 209 1851 304 1903; x_wconf 91' lang='lat' dir='ltr'>curn</span> <span class='ocrx_word' id='word_1_65' title='bbox 332 1824 561 1903; x_wconf 85' lang='lat' dir='ltr'>baronibus</span> <span class='ocrx_word' id='word_1_66' title='bbox 589 1825 701 1912; x_wconf 68' lang='lat' dir='ltr'>sum,</span> <span class='ocrx_word' id='word_1_67' title='bbox 743 1825 953 1902; x_wconf 87' lang='lat' dir='ltr'>narrando</span> <span class='ocrx_word' id='word_1_68' title='bbox 980 1825 1097 1904; x_wconf 93' lang='lat' dir='ltr'>dicto</span> <span class='ocrx_word' id='word_1_69' title='bbox 1126 1825 1298 1903; x_wconf 91' lang='lat' dir='ltr'>dominu</span> 
     </span>
     <span class='ocr_line' id='line_1_13' title="bbox 210 1945 1391 2046; baseline -0.003 -24"><span class='ocrx_word' id='word_1_70' title='bbox 210 1949 297 2046; x_wconf 79' lang='lat' dir='ltr'>regi</span> <span class='ocrx_word' id='word_1_71' title='bbox 313 1947 587 2025; x_wconf 79' lang='lat' dir='ltr'>differentiam</span> <span class='ocrx_word' id='word_1_72' title='bbox 603 1946 850 2023; x_wconf 84' lang='lat' dir='ltr'>existentem</span> <span class='ocrx_word' id='word_1_73' title='bbox 875 1945 984 2022; x_wconf 88' lang='lat' dir='ltr'>inter</span> <span class='ocrx_word' id='word_1_74' title='bbox 1000 1953 1039 2022; x_wconf 90' lang='lat' dir='ltr'>te</span> <span class='ocrx_word' id='word_1_75' title='bbox 1055 1954 1097 2023; x_wconf 90' lang='lat' dir='ltr'>et</span> <span class='ocrx_word' id='word_1_76' title='bbox 1112 1945 1294 2043; x_wconf 76' lang='lat' dir='ltr'>Sandan,</span> <span class='ocrx_word' id='word_1_77' title='bbox 1389 2013 1391 2019; x_wconf 12' lang='grc' dir='ltr'><strong>Α</strong></span> 
     </span>
     <span class='ocr_line' id='line_1_14' title="bbox 209 2065 1301 2168; baseline -0.003 -23"><span class='ocrx_word' id='word_1_78' title='bbox 209 2067 458 2167; x_wconf 82' lang='lat' dir='ltr'>ctrogando</span> <span class='ocrx_word' id='word_1_79' title='bbox 486 2087 600 2144; x_wconf 88' lang='lat' dir='ltr'>suam</span> <span class='ocrx_word' id='word_1_80' title='bbox 630 2067 914 2158; x_wconf 86' lang='lat' dir='ltr'>serenitatem,</span> <span class='ocrx_word' id='word_1_81' title='bbox 943 2065 1301 2168; x_wconf 86' lang='lat' dir='ltr'>utseinterponat</span> 
     </span>
     <span class='ocr_line' id='line_1_15' title="bbox 210 2185 1298 2270; baseline 0 -8"><span class='ocrx_word' id='word_1_82' title='bbox 210 2194 252 2264; x_wconf 92' lang='lat' dir='ltr'>et</span> <span class='ocrx_word' id='word_1_83' title='bbox 265 2185 436 2266; x_wconf 86' lang='lat' dir='ltr'>inducat</span> <span class='ocrx_word' id='word_1_84' title='bbox 451 2189 608 2266; x_wconf 86' lang='lat' dir='ltr'>dictum</span> <span class='ocrx_word' id='word_1_85' title='bbox 621 2185 789 2265; x_wconf 78' lang='lat' dir='ltr'>Sandaii</span> <span class='ocrx_word' id='word_1_86' title='bbox 804 2185 855 2262; x_wconf 88' lang='lat' dir='ltr'>ad</span> <span class='ocrx_word' id='word_1_87' title='bbox 872 2186 1298 2270; x_wconf 84' lang='lat' dir='ltr'>condescendendum</span> 
     </span>
    </p>
   </div>
   <div class='ocr_carea' id='block_1_7' title="bbox 210 2305 1429 2409">
    <p class='ocr_par' dir='ltr' id='par_1_7' title="bbox 210 2305 1429 2409">
     <span class='ocr_line' id='line_1_16' title="bbox 210 2305 1429 2409; baseline -0.002 -23"><span class='ocrx_word' id='word_1_88' title='bbox 210 2307 289 2399; x_wconf 82' lang='lat' dir='ltr'>his,</span> <span class='ocrx_word' id='word_1_89' title='bbox 317 2318 424 2409; x_wconf 87' lang='lat' dir='ltr'>quae</span> <span class='ocrx_word' id='word_1_90' title='bbox 452 2308 585 2384; x_wconf 90' lang='lat' dir='ltr'>eidem</span> <span class='ocrx_word' id='word_1_91' title='bbox 616 2305 863 2402; x_wconf 57' lang='lat' dir='ltr'>obtulissem</span> <span class='ocrx_word' id='word_1_92' title='bbox 894 2327 1015 2407; x_wconf 88' lang='lat' dir='ltr'>quam</span> <span class='ocrx_word' id='word_1_93' title='bbox 1045 2305 1300 2409; x_wconf 86' lang='lat' dir='ltr'>interpositi·</span> <span class='ocrx_word' id='word_1_94' title='bbox 1425 2383 1429 2392; x_wconf 85' lang='grc'>,</span> 
     </span>
    </p>
   </div>
   <div class='ocr_carea' id='block_1_8' title="bbox 208 2425 1301 4354">
    <p class='ocr_par' dir='ltr' id='par_1_8' title="bbox 208 2425 1301 4354">
     <span class='ocr_line' id='line_1_17' title="bbox 209 2425 1299 2529; baseline 0.001 -23"><span class='ocrx_word' id='word_1_95' title='bbox 209 2453 335 2506; x_wconf 91' lang='lat' dir='ltr'>onem</span> <span class='ocrx_word' id='word_1_96' title='bbox 376 2429 559 2529; x_wconf 85' lang='lat' dir='ltr'>regiam,</span> <span class='ocrx_word' id='word_1_97' title='bbox 599 2427 635 2503; x_wconf 89' lang='lat' dir='ltr'>si</span> <span class='ocrx_word' id='word_1_98' title='bbox 673 2425 747 2504; x_wconf 88' lang='lat' dir='ltr'>tibi</span> <span class='ocrx_word' id='word_1_99' title='bbox 788 2425 999 2502; x_wconf 88' lang='lat' dir='ltr'>videbitur</span> <span class='ocrx_word' id='word_1_100' title='bbox 1042 2429 1299 2514; x_wconf 83' lang='lat' dir='ltr'>necessaria,</span> 
     </span>
     <span class='ocr_line' id='line_1_18' title="bbox 209 2548 1298 2651; baseline 0.002 -25"><span class='ocrx_word' id='word_1_101' title='bbox 209 2551 367 2629; x_wconf 85' lang='lat' dir='ltr'>debeas</span> <span class='ocrx_word' id='word_1_102' title='bbox 396 2549 616 2651; x_wconf 87' lang='lat' dir='ltr'>requirere</span> <span class='ocrx_word' id='word_1_103' title='bbox 639 2553 863 2650; x_wconf 89' lang='lat' dir='ltr'>antequam</span> <span class='ocrx_word' id='word_1_104' title='bbox 883 2550 1032 2626; x_wconf 62' lang='lat' dir='ltr'>‘venias</span> <span class='ocrx_word' id='word_1_105' title='bbox 1048 2548 1098 2624; x_wconf 91' lang='lat' dir='ltr'>ad</span> <span class='ocrx_word' id='word_1_106' title='bbox 1113 2549 1298 2628; x_wconf 86' lang='lat' dir='ltr'>ultimam</span> 
     </span>
     <span class='ocr_line' id='line_1_19' title="bbox 208 2666 1299 2772; baseline 0.002 -27"><span class='ocrx_word' id='word_1_107' title='bbox 208 2669 535 2772; x_wconf 87' lang='lat' dir='ltr'>promissionem</span> <span class='ocrx_word' id='word_1_108' title='bbox 563 2685 894 2772; x_wconf 84' lang='lat' dir='ltr'>ypperperarum</span> <span class='ocrx_word' id='word_1_109' title='bbox 924 2666 992 2744; x_wconf 89' lang='lat' dir='ltr'>·li·</span> <span class='ocrx_word' id='word_1_110' title='bbox 1021 2669 1146 2759; x_wconf 85' lang='lat' dir='ltr'>mille,</span> <span class='ocrx_word' id='word_1_111' title='bbox 1161 2677 1207 2747; x_wconf 90' lang='lat' dir='ltr'>ut</span> <span class='ocrx_word' id='word_1_112' title='bbox 1221 2695 1299 2772; x_wconf 90' lang='lat' dir='ltr'>per</span> 
     </span>
     <span class='ocr_line' id='line_1_20' title="bbox 208 2790 1298 2894; baseline -0.003 -28"><span class='ocrx_word' id='word_1_113' title='bbox 208 2790 391 2868; x_wconf 87' lang='lat' dir='ltr'>medium</span> <span class='ocrx_word' id='word_1_114' title='bbox 420 2813 540 2867; x_wconf 69' lang='lat' dir='ltr'>suarm</span> <span class='ocrx_word' id='word_1_115' title='bbox 570 2815 664 2867; x_wconf 92' lang='lat' dir='ltr'>cum</span> <span class='ocrx_word' id='word_1_116' title='bbox 693 2790 804 2868; x_wconf 85' lang='lat' dir='ltr'>dicta</span> <span class='ocrx_word' id='word_1_117' title='bbox 833 2791 1064 2890; x_wconf 86' lang='lat' dir='ltr'>quantitate</span> <span class='ocrx_word' id='word_1_118' title='bbox 1091 2815 1298 2894; x_wconf 83' lang='lat' dir='ltr'>ypperpe.</span> 
     </span>
     <span class='ocr_line' id='line_1_21' title="bbox 208 2911 1294 3015; baseline 0 -27"><span class='ocrx_word' id='word_1_119' title='bbox 208 2935 354 2995; x_wconf 87' lang='lat' dir='ltr'>rorum</span> <span class='ocrx_word' id='word_1_120' title='bbox 383 2911 751 3015; x_wconf 80' lang='lat' dir='ltr'>·11·miuep0ssis</span> <span class='ocrx_word' id='word_1_121' title='bbox 792 2911 1067 2988; x_wconf 84' lang='lat' dir='ltr'>intentionem</span> <span class='ocrx_word' id='word_1_122' title='bbox 1106 2919 1294 2990; x_wconf 87' lang='lat' dir='ltr'>nostram</span> 
     </span>
     <span class='ocr_line' id='line_1_22' title="bbox 211 3031 1300 3120; baseline 0 -11"><span class='ocrx_word' id='word_1_123' title='bbox 211 3031 429 3120; x_wconf 88' lang='lat' dir='ltr'>obtinere,</span> <span class='ocrx_word' id='word_1_124' title='bbox 457 3035 613 3114; x_wconf 88' lang='lat' dir='ltr'>utendo</span> <span class='ocrx_word' id='word_1_125' title='bbox 643 3034 758 3112; x_wconf 88' lang='lat' dir='ltr'>circa</span> <span class='ocrx_word' id='word_1_126' title='bbox 786 3033 872 3112; x_wconf 93' lang='lat' dir='ltr'>boc</span> <span class='ocrx_word' id='word_1_127' title='bbox 900 3032 981 3109; x_wconf 88' lang='lat' dir='ltr'>iilis</span> <span class='ocrx_word' id='word_1_128' title='bbox 1010 3032 1130 3110; x_wconf 90' lang='lat' dir='ltr'>bonis</span> <span class='ocrx_word' id='word_1_129' title='bbox 1156 3033 1300 3110; x_wconf 86' lang='lat' dir='ltr'>verbis</span> 
     </span>
     <span class='ocr_line' id='line_1_23' title="bbox 211 3147 1299 3256; baseline -0.001 -25"><span class='ocrx_word' id='word_1_130' title='bbox 211 3161 254 3232; x_wconf 87' lang='lat' dir='ltr'>ct</span> <span class='ocrx_word' id='word_1_131' title='bbox 281 3155 441 3234; x_wconf 88' lang='lat' dir='ltr'>dextris</span> <span class='ocrx_word' id='word_1_132' title='bbox 469 3155 625 3254; x_wconf 83' lang='lat' dir='ltr'>modis,</span> <span class='ocrx_word' id='word_1_133' title='bbox 668 3179 776 3256; x_wconf 88' lang='lat' dir='ltr'>quae</span> <span class='ocrx_word' id='word_1_134' title='bbox 803 3161 899 3235; x_wconf 88' lang='lat' dir='ltr'>tuac</span> <span class='ocrx_word' id='word_1_135' title='bbox 928 3147 1161 3254; x_wconf 86' lang='lat' dir='ltr'>sapientiae</span> <span class='ocrx_word' id='word_1_136' title='bbox 1188 3153 1299 3230; x_wconf 86' lang='lat' dir='ltr'>vide·</span> 
     </span>
     <span class='ocr_line' id='line_1_24' title="bbox 211 3265 1246 3359; baseline 0.006 -6"><span class='ocrx_word' id='word_1_137' title='bbox 211 3277 380 3354; x_wconf 89' lang='lat' dir='ltr'>buntur.</span> <span class='ocrx_word' id='word_1_138' title='bbox 498 3357 500 3359; x_wconf 82' lang='grc'><strong>,</strong></span> <span class='ocrx_word' id='word_1_139' title='bbox 1244 3265 1246 3270; x_wconf 52' lang='grc'>’</span> 
     </span>
     <span class='ocr_line' id='line_1_25' title="bbox 309 3395 1300 3477; baseline -0.001 -4"><span class='ocrx_word' id='word_1_140' title='bbox 309 3395 702 3475; x_wconf 80' lang='lat' dir='ltr'>EtsiSandali</span> <span class='ocrx_word' id='word_1_141' title='bbox 744 3395 935 3474; x_wconf 82' lang='lat' dir='ltr'>deiecto</span> <span class='ocrx_word' id='word_1_142' title='bbox 972 3395 1176 3477; x_wconf 85' lang='lat' dir='ltr'>Catari</span> <span class='ocrx_word' id='word_1_143' title='bbox 1217 3397 1300 3474; x_wconf 86' lang='lat' dir='ltr'>nui·</span> 
     </span>
     <span class='ocr_line' id='line_1_26' title="bbox 212 3515 1300 3617; baseline 0.003 -26"><span class='ocrx_word' id='word_1_144' title='bbox 212 3515 288 3592; x_wconf 89' lang='lat' dir='ltr'>iam</span> <span class='ocrx_word' id='word_1_145' title='bbox 324 3517 397 3594; x_wconf 89' lang='lat' dir='ltr'>tibi</span> <span class='ocrx_word' id='word_1_146' title='bbox 438 3517 600 3596; x_wconf 80' lang='lat' dir='ltr'>faceret</span> <span class='ocrx_word' id='word_1_147' title='bbox 641 3517 924 3602; x_wconf 88' lang='lat' dir='ltr'>mentionem,</span> <span class='ocrx_word' id='word_1_148' title='bbox 964 3515 1157 3592; x_wconf 87' lang='lat' dir='ltr'>volumus</span> <span class='ocrx_word' id='word_1_149' title='bbox 1186 3517 1300 3617; x_wconf 88' lang='lat' dir='ltr'>quod</span> 
     </span>
     <span class='ocr_line' id='line_1_27' title="bbox 211 3636 1300 3738; baseline -0.001 -23"><span class='ocrx_word' id='word_1_150' title='bbox 211 3661 306 3715; x_wconf 92' lang='lat' dir='ltr'>cum</span> <span class='ocrx_word' id='word_1_151' title='bbox 334 3637 448 3716; x_wconf 90' lang='lat' dir='ltr'>dicto</span> <span class='ocrx_word' id='word_1_152' title='bbox 477 3637 648 3716; x_wconf 73' lang='lat' dir='ltr'>Sandaii</span> <span class='ocrx_word' id='word_1_153' title='bbox 691 3636 846 3715; x_wconf 87' lang='lat' dir='ltr'>debeas</span> <span class='ocrx_word' id='word_1_154' title='bbox 875 3643 917 3715; x_wconf 81' lang='lat' dir='ltr'>tc</span> <span class='ocrx_word' id='word_1_155' title='bbox 945 3659 1144 3736; x_wconf 83' lang='lat' dir='ltr'>gravare,</span> <span class='ocrx_word' id='word_1_156' title='bbox 1186 3637 1300 3738; x_wconf 88' lang='lat' dir='ltr'>quod</span> 
     </span>
     <span class='ocr_line' id='line_1_28' title="bbox 208 3755 1300 3862; baseline -0.003 -29"><span class='ocrx_word' id='word_1_157' title='bbox 208 3781 293 3834; x_wconf 91' lang='lat' dir='ltr'>non</span> <span class='ocrx_word' id='word_1_158' title='bbox 323 3759 538 3862; x_wconf 86' lang='lat' dir='ltr'>permittat</span> <span class='ocrx_word' id='word_1_159' title='bbox 566 3781 789 3837; x_wconf 88' lang='lat' dir='ltr'>caravanas</span> <span class='ocrx_word' id='word_1_160' title='bbox 828 3757 1034 3836; x_wconf 86' lang='lat' dir='ltr'>accedere</span> <span class='ocrx_word' id='word_1_161' title='bbox 1063 3755 1114 3831; x_wconf 90' lang='lat' dir='ltr'>ad</span> <span class='ocrx_word' id='word_1_162' title='bbox 1141 3759 1300 3833; x_wconf 91' lang='lat' dir='ltr'>terram</span> 
     </span>
     <span class='ocr_line' id='line_1_29' title="bbox 211 3877 1299 3980; baseline 0.002 -26"><span class='ocrx_word' id='word_1_163' title='bbox 211 3883 398 3957; x_wconf 87' lang='lat' dir='ltr'>nostram</span> <span class='ocrx_word' id='word_1_164' title='bbox 427 3879 591 3970; x_wconf 87' lang='lat' dir='ltr'>Catari,</span> <span class='ocrx_word' id='word_1_165' title='bbox 632 3879 901 3958; x_wconf 88' lang='lat' dir='ltr'>considerato</span> <span class='ocrx_word' id='word_1_166' title='bbox 946 3877 1058 3980; x_wconf 90' lang='lat' dir='ltr'>quod</span> <span class='ocrx_word' id='word_1_167' title='bbox 1088 3901 1231 3955; x_wconf 87' lang='lat' dir='ltr'>snmus</span> <span class='ocrx_word' id='word_1_168' title='bbox 1258 3877 1299 3956; x_wconf 93' lang='lat' dir='ltr'>in</span> 
     </span>
     <span class='ocr_line' id='line_1_30' title="bbox 210 3997 1300 4097; baseline 0 -21"><span class='ocrx_word' id='word_1_169' title='bbox 210 4000 323 4077; x_wconf 89' lang='lat' dir='ltr'>bona</span> <span class='ocrx_word' id='word_1_170' title='bbox 352 3999 532 4079; x_wconf 89' lang='lat' dir='ltr'>amicitia</span> <span class='ocrx_word' id='word_1_171' title='bbox 561 4025 655 4079; x_wconf 90' lang='lat' dir='ltr'>cum</span> <span class='ocrx_word' id='word_1_172' title='bbox 674 4001 846 4078; x_wconf 92' lang='lat' dir='ltr'>domiuo</span> <span class='ocrx_word' id='word_1_173' title='bbox 874 4023 965 4084; x_wconf 87' lang='lat' dir='ltr'>suo,</span> <span class='ocrx_word' id='word_1_174' title='bbox 995 3997 1167 4076; x_wconf 93' lang='lat' dir='ltr'>domino</span> <span class='ocrx_word' id='word_1_175' title='bbox 1195 4021 1300 4097; x_wconf 84' lang='lat' dir='ltr'>rege</span> 
     </span>
     <span class='ocr_line' id='line_1_31' title="bbox 211 4119 1298 4223; baseline 0.002 -27"><span class='ocrx_word' id='word_1_176' title='bbox 211 4129 254 4199; x_wconf 90' lang='lat' dir='ltr'>et</span> <span class='ocrx_word' id='word_1_177' title='bbox 281 4145 451 4209; x_wconf 89' lang='lat' dir='ltr'>secum,</span> <span class='ocrx_word' id='word_1_178' title='bbox 492 4129 657 4198; x_wconf 89' lang='lat' dir='ltr'>etcum</span> <span class='ocrx_word' id='word_1_179' title='bbox 686 4121 773 4198; x_wconf 91' lang='lat' dir='ltr'>istis</span> <span class='ocrx_word' id='word_1_180' title='bbox 810 4119 952 4198; x_wconf 90' lang='lat' dir='ltr'>verbis</span> <span class='ocrx_word' id='word_1_181' title='bbox 988 4144 1175 4222; x_wconf 90' lang='lat' dir='ltr'>procura</span> <span class='ocrx_word' id='word_1_182' title='bbox 1203 4144 1298 4223; x_wconf 91' lang='lat' dir='ltr'>pro-</span> 
     </span>
     <span class='ocr_line' id='line_1_32' title="bbox 211 4236 1301 4354; baseline -0.003 -37"><span class='ocrx_word' id='word_1_183' title='bbox 211 4263 385 4318; x_wconf 88' lang='lat' dir='ltr'>movere</span> <span class='ocrx_word' id='word_1_184' title='bbox 412 4241 568 4348; x_wconf 78' lang='lat' dir='ltr'>dietam</span> <span class='ocrx_word' id='word_1_185' title='bbox 594 4238 812 4318; x_wconf 88' lang='lat' dir='ltr'>materiam</span> <span class='ocrx_word' id='word_1_186' title='bbox 829 4239 981 4326; x_wconf 84' lang='lat' dir='ltr'>Catari,</span> <span class='ocrx_word' id='word_1_187' title='bbox 1011 4263 1105 4318; x_wconf 89' lang='lat' dir='ltr'>cum</span> <span class='ocrx_word' id='word_1_188' title='bbox 1120 4236 1202 4354; x_wconf 75' lang='lat' dir='ltr'>iilis</span> <span class='ocrx_word' id='word_1_189' title='bbox 1217 4261 1301 4315; x_wconf 87' lang='lat' dir='ltr'>mo·</span> 
     </span>
    </p>
   </div>
   <div class='ocr_carea' id='block_1_9' title="bbox 0 0 1622 5116">
    <p class='ocr_par' dir='ltr' id='par_1_9' title="bbox 0 0 1622 5116">
     <span class='ocr_line' id='line_1_33' title="bbox 0 0 1622 5116; baseline 0 0"><span class='ocrx_word' id='word_1_190' title='bbox 0 0 1622 5116; x_wconf 95' lang='lat' dir='ltr'> </span> 
     </span>
    </p>
   </div>
  </div>
 </body>
</html>
