3230 5104
180 612 356 702 rectori,
397 610 505 690 dove
548 621 635 690 estu
664 635 840 712 compra
874 613 1013 690 31331
1067 611 1119 692 lu
1147 613 1188 691 io
1218 589 1274 690 hb

179 729 424 810 commanda
467 733 504 807 31
548 732 630 809 mie
671 729 971 808 zentiihomeni
1012 738 1055 808 et
1097 729 1275 808 aimie

184 849 415 940 Μ3313ο131,
455 855 552 927 soto
583 873 689 952 pena
719 848 771 926 de
813 851 969 952 perder
996 874 1047 924 zo
1078 853 1157 928 che
1188 853 1275 930 iha

180 971 217 1047 31
247 973 418 1062 mondo,
447 970 526 1049 che
556 994 639 1046 non
670 968 890 1070 comprino
920 970 1060 1048 niente
1088 973 1141 1048 de
1169 971 1271 1057 sule,

179 1117 230 1169 ne
258 1119 281 1170 3
310 1089 465 1197 Rugusi·
488 1118 540 1168 ue
568 1113 672 1166 suso
701 1089 833 1166 eisuo
863 1089 1092 1176 territorio,
1122 1105 1272 1198 eurup-⁴

182 1221 224 1290 1ο
255 1211 582 1316 checomprano
612 1236 632 1286 3
663 1207 924 1287 catharo
955 1209 1273 1292 etacastei

181 1355 379 1409 nuovo
423 1330 1201 1434 etaNurentaetuSpuiato
1233 1339 1308 1408 31

181 1477 259 1554 per
288 1451 326 1528 le
355 1451 559 1530 ailrecita
589 1452 642 1529 de
659 1451 696 1527 13
713 1449 913 1549 signoria;
943 1459 985 1528 et
1013 1447 1124 1529 eussi
1152 1451 1189 1530 13
1204 1475 1272 1529 vo·

187 1577 272 1650 stra
300 1573 470 1651 excelsa
498 1571 688 1672 signoria
715 1570 768 1648 ha
797 1572 956 1672 scripto
987 1577 1029 1648 et
1066 1593 1274 1648 commun·

185 1691 283 1766 dato
327 1688 366 1766 31
395 1698 539 1766 rector
567 1690 619 1767 de
662 1687 890 1774 Caturo,
932 1691 1012 1766 che
1040 1711 1106 1766 me
1128 1691 1274 1767 dov'es·

188 1835 233 1886 se
262 1810 416 1888 render
445 1811 484 1887 el
513 1811 693 1889 barcoso
724 1835 818 1889 cum
847 1811 884 1887 13
912 1813 985 1902 sah
1013 1811 1053 1888 ei
1078 1810 1169 1911 quui
1186 1835 1273 1889 rec·

178 1935 243 2006 tor
273 1931 450 2032 rispuse:
478 1954 562 2008 non
591 1932 628 2007 13
657 1933 841 2011 rendero
879 1934 1046 2018 niente,
1076 1931 1163 2008 bino
1192 1931 1273 2008 che

181 2077 265 2128 non
294 2051 350 2127 ho
379 2051 417 2126 13
447 2052 596 2129 lettera
624 2051 676 2128 de
705 2051 741 2128 13
774 2051 1011 2150 advogariu,
1041 2061 1083 2130 et
1098 2075 1175 2155 per
1190 2059 1270 2130 tan·

178 2181 220 2249 1ο
252 2170 413 2272 signori
442 2171 481 2248 io
513 2171 772 2270 adrogadori
800 2198 855 2249 no
886 2197 947 2262 so,
974 2197 1027 2248 ne
1055 2174 1207 2251 mando
1244 2172 1271 2262 11

185 2292 266 2372 mie
306 2291 599 2372 ambassudori
641 2295 676 2369 31
727 2293 981 2390 3336331331,
1024 2305 1207 2395 excepto
1249 2319 1272 2370 3

182 2411 251 2488 vui
278 2411 450 2511 signori.

497 2580 601 2646 Secr.
627 2600 729 2645 cous.
763 2599 839 2664 rog.
864 2581 936 2644 Lib.
961 2581 1052 2646 XXI.
1077 2583 1131 2647 ch.
1156 2585 1227 2648 127.

284 2765 567 2867 CDXCW.
598 2788 707 2863 1333.
745 2789 803 2862 11.
832 2785 1168 2865 remuniri.

321 2979 502 3052 Oarosops
528 2993 767 3048 nocrnururuua
792 2994 936 3052 sepum
961 2977 1128 3036 0333333.

280 3127 400 3227 Quod
428 3125 671 3205 oratoribus
699 3126 939 3203 illustris
967 3125 1138 3205 ducis
1167 3125 1268 3204 Sie-

176 3247 243 3353 ph
259 3274 281 3326 a
297 3275 321 3326 n
339 3249 363 3342 i,
395 3249 464 3348 qui
486 3253 694 3325 venerunt
724 3249 774 3323 ad
802 3255 986 3326 nostram
1018 3249 1268 3350 presentiam

179 3367 287 3446 etin
325 3371 454 3446 rebus
482 3369 885 3469 imperatoris
924 3365 1268 3460 'Purchoruuu

178 3495 220 3564 et
249 3488 593 3591 requisitionibus
621 3489 700 3564 sibi
730 3490 849 3566 factis
874 3511 951 3590 per
979 3488 1179 3575 Turnum,
1208 3515 1268 3565 su·

175 3635 254 3712 per
282 3609 432 3714 quibus
461 3609 680 3690 consilium
710 3619 901 3689 nostrum
930 3611 1045 3712 petit,
1074 3615 1117 3686 et
1154 3611 1266 3690 eirca

174 3731 254 3808 3113
282 3737 324 3806 et
353 3736 434 3807 cet.
463 3737 752 3832 exposuerunt
781 3755 863 3820 ea,
893 3751 999 3830 quae
1041 3753 1119 3832 per
1158 3755 1268 3808 sere·
1339 3715 1348 3730 ⁸

176 3850 387 3928 nissimum
416 3850 627 3927 domiuum
656 3849 804 3928 ducem
847 3850 945 3928 huie
988 3847 1165 3926 consilio
1208 3873 1267 3925 re·

180 3975 259 4050 1313
289 3981 398 4063 sunt,
426 3972 746 4072 respondeatur:
1217 4057 1220 4070 Ι

277 4091 396 4190 Quod
427 4090 583 4188 agimus
612 4091 760 4166 multas
788 4091 940 4186 gratias
983 4089 1263 4169 excellentiae

185 4213 342 4290 domini
370 4213 444 4299 sui,
472 4234 549 4312 pro
580 4210 774 4295 fraternis
802 4219 843 4289 31
873 4209 1157 4290 amicabilibus
1199 4232 1262 4289 co·
