3154 5102
1184 421 1225 494 ss

139 621 389 708 set-stou
405 627 419 708 i
435 645 458 708 s
474 652 512 736 e,
543 619 645 710 ti'ore
673 637 756 707 non
785 625 964 710 deleant
990 651 1071 711 nec
1095 631 1226 748 mille·

142 751 429 831 re‘comiti
469 751 767 852 Gregorio
808 744 1145 832 neclltcol‘alll
1173 751 1226 834 tls

143 867 206 952 Sc
221 871 230 948 l
245 897 268 950 a
281 897 304 949 r·
321 897 347 948 o
362 897 387 951 u
404 875 417 954 i
433 897 468 962 a,
493 871 578 951 ullo
609 872 736 950 modo
767 873 833 952 rel
862 874 1041 976 ingenio.

626 1033 1184 1123 Smnwffuvnsrni

260 1223 563 1337 XXXVIII·
601 1259 700 1336 1345
751 1261 803 1335 29
835 1255 1100 1360 Augusti.
1179 1365 1182 1375 Ι

145 1443 324 1516 llapeleuu,
347 1457 545 1502 commouere
567 1460 725 1521 prosops
766 1462 877 1506 caroso
903 1461 941 1502 cs
965 1459 1115 1502 resson
1140 1445 1228 1518 Γριι.Ι

23 1561 24 1590 l
143 1545 277 1622 rupisti·-
313 1563 473 1622 uporuss
509 1543 637 1623 sarpa,
672 1565 760 1618 nous.
785 1565 965 1625 perosum,
993 1563 1030 1622 ps
1053 1565 1090 1620 μ
1114 1549 1226 1624 polipo

612 1669 750 1712 Ott't'ltu.

235 1823 392 1926 capu:
426 1820 546 1923 erod
574 1820 881 1924 respondentur
907 1822 1061 1900 nostris
1088 1821 1227 1928 prori-

23 1941 24 2014 ἒ
140 1942 324 2032 roribus,
359 1941 573 2046 quomodo
616 1941 898 2022 intelleximus
927 1941 1080 2034 verbo,
1119 1966 1225 2046 quse

141 2069 392 2172 sculpserunt
420 2063 460 2140 in
489 2063 550 2146 cis
578 2062 631 2142 de
670 2061 941 2143 mutabilitate
980 2089 1045 2144 co
1064 2062 1226 2145 mitis

141 2182 429 2286 Gregorii,
468 2183 590 2264 etde
618 2181 892 2287 petitionibus
929 2208 1031 2287 ques
1059 2185 1158 2265 iacit
1185 2185 1225 2262 in

141 2299 434 2410 prietudictmn
460 2305 596 2386 nostri
632 2305 836 2402 honoris,
874 2305 1073 2385 tnnsnndo
1102 2305 1225 2385 etism

141 2427 240 2507 bons
287 2425 760 2517 lsdrstinorum,
807 2451 912 2530 quoe
958 2425 1088 2504 verbe
1129 2427 1227 2506 daut
1304 2445 1307 2450 ·

23 2551 25 2642 ζ
141 2546 253 2625 nobis
281 2544 451 2624 (lisbium
467 2547 508 2624 in
524 2541 663 2634 rebus,
691 2559 792 2649 quas
810 2545 1080 2650 promitteret
1092 2545 1226 2633 nobis,

23 2657 25 2736 ἶ
141 2692 189 2746 ue
214 2663 416 2746 deiiceret
442 2666 510 2744 vel
537 2674 728 2744 servaret
753 2667 973 2762 promissa,
992 2666 1102 2770 quod
1132 2693 1225 2772 pos-

142 2796 201 2865 set
233 2785 496 2891 preiudicore
533 2785 753 2888 plurimum
800 2786 921 2867 iactis
956 2787 1126 2866 nostris.
1174 2785 1226 2864 Et

142 2910 228 3014 quis
266 2907 404 3013 pridie
445 2906 689 3009 scripsimus
730 2908 818 2994 cis,
860 2909 973 3010 quod
1014 2906 1227 2985 firmarent

23 3109 25 3144 ἶ
142 3029 327 3108 unionem
353 3051 511 3123 secum,
541 3027 734 3107 habendo
764 3029 1005 3108 Castrum
1032 3029 1225 3152 Nouum

23 3149 24 3228 ζ
144 3148 311 3229 etlilios
353 3173 429 3226 scu
458 3147 560 3226 elios
589 3147 725 3226 bonos
757 3149 955 3238 obsides,
992 3155 1035 3226 et
1070 3147 1105 3226 si
1141 3169 1224 3228 uon

23 3343 24 3360 ἦ
141 3278 306 3372 possent
355 3271 571 3372 complere
611 3295 690 3374 per
729 3271 899 3350 modum
948 3269 1223 3376 praedictum,

141 3415 216 3468 non
254 3391 513 3468 dimitterent
551 3395 782 3493 propterea
823 3391 920 3493 quin
951 3391 1225 3494 complerent,

142 3535 225 3592 cum
252 3512 376 3592 dictis
404 3509 701 3588 securitatibus
714 3515 780 3589 rel
798 3537 891 3589 cum
913 3523 1034 3614 porte
1063 3533 1225 3616 eorsum,

143 3634 335 3713 trahendo
365 3631 416 3710 nb
445 3631 506 3708 eis
537 3651 630 3710 cum
659 3655 781 3734 quem
809 3634 960 3710 melori
997 3633 1223 3710 securitate

142 3761 324 3858 possent,
353 3753 669 3832 considerantes
697 3779 827 3846 nlrnc,
855 3755 967 3857 qsrod
994 3777 1072 3854 pro
1100 3752 1237 3832 nobis¹

143 3873 257 3955 iscist
295 3897 374 3979 pro
417 3871 611 3951 firmitate
653 3875 918 3977 negotiorum
968 3882 1222 3964 nostrorum,

141 3995 170 4070 sl
195 3993 303 4075 dlcls
343 3993 443 4072 unio
481 3991 659 4072 ‘deberet
685 3993 802 4083 fleri,
842 3994 954 4096 quod
994 3993 1221 4071 habeamus
1285 4057 1289 4070 .

141 4111 253 4191 lolem
295 4114 595 4199 securitatem,
637 4114 749 4215 quod
790 4114 999 4216 possimus
1037 4114 1089 4191 de
1126 4113 1217 4216 ipso

143 4237 289 4314 comite
316 4233 525 4335 Gregorio
554 4255 648 4312 esse
664 4235 816 4322 securi,
846 4235 956 4338 qsroll
987 4238 1221 4314 attenderet
