3234 5116
325 457 371 524 68

331 661 677 743 S-trezimir'i
716 663 1198 766 etposteeBeisee,
1242 666 1421 746 duootos

330 785 443 862 mitte
470 787 513 862 in
540 809 651 865 enno
680 786 734 863 de
762 783 1003 862 introitibus
1034 784 1216 874 Seston,
1243 788 1352 867 siout
1379 786 1421 865 in

330 901 669 1010 compositione.
711 927 836 1006 quom
864 904 1041 985 fecimus
1084 931 1178 986 oum
1207 907 1321 988 dieto
1351 907 1422 986 do·

257 1075 260 1082 -
332 1027 446 1104 mino
476 1023 695 1124 Georgio,
735 1023 999 1117 continetur;
1040 1026 1093 1104 do
1128 1026 1278 1131 quibus
1306 1027 1422 1106 mille

332 1145 494 1225 ducatis
533 1145 691 1248 poterit
717 1143 944 1246 disponere
971 1146 1048 1222 vel·
1084 1169 1161 1246 pro
1190 1146 1421 1226 moritnndo

332 1267 438 1347 titios
465 1265 628 1356 Edisse,
655 1263 722 1342 vei
750 1263 874 1343 oiiter
926 1323 935 1341 .
989 1322 1000 1344 .
1053 1324 1062 1341 .
1117 1273 1159 1346 et
1187 1275 1267 1348 oet.

614 1397 721 1467 Soor.
745 1399 855 1468 Coos.
879 1407 1007 1491 Roget.
1034 1401 1106 1468 Lib·
1130 1400 1225 1468 vlu.
1248 1403 1306 1470 oh.
1328 1403 1380 1468 50.

426 1615 818 1724 ΟΟΟΧΧΧΙΙΙ.
857 1645 970 1722 1422.
994 1635 1061 1720 er.
1090 1643 1337 1784 Apeiros
1498 1563 1511 1572 ’

334 1837 539 1912 sspopynone
562 1833 709 1906 noronde
743 1850 781 1891 oe
803 1849 1043 1900 nocneunronu
1066 1831 1247 1912 euoenon
1278 1855 1425 1912 poedore

673 1921 835 1980 croesus.
872 1918 1087 2005 (Cnpuiono).
1195 2001 1198 2008 Ι

408 2081 616 2170 ''Petotur
653 2091 704 2168 ab
744 2045 1047 2170 onrhossiatore
1086 2091 1309 2169 domini
1350 2089 1426 2168 de·

182 2221 186 2226 '
337 2211 495 2316 spoti,
522 2219 567 2290 ut
594 2211 786 2294 ostendet
811 2211 1177 2310 syndioetum
1205 2214 1272 2290 vei
1302 2211 1422 2292 iiber·

337 2339 465 2411 tetem
494 2331 950 2435 concludendipeoem
978 2337 1048 2412 ete
1051 2389 1216 2414 .....
1243 2339 1425 2438 ceptum,

338 2453 453 2556 qnod
487 2478 586 2532 non.
668 2519 671 2526 ⁴

439 2591 543 2672 Cum
573 2594 724 2674 iterum
750 2591 910 2673 fuerint
930 2591 1116 2696 deputati
1150 2615 1258 2671 cumr
1275 2589 1429 2670 umbos-

338 2715 497 2794 sietore
532 2713 755 2793 domini
804 2713 1043 2816 despoti
1083 2711 1351 2802 Rassiee,
1387 2713 1428 2792 fl·

336 2837 485 2914 naliter
512 2835 628 2934 dixit,
659 2837 772 2938 quod
801 2841 1023 2938 postquam
1043 2833 1212 2914 videbat
1237 2833 1430 2913 intentio·

339 2981 431 3036 nem
460 2955 594 3035 nostri
621 2955 790 3034 dominii
818 2979 915 3032 esse
944 2956 998 3032 de
1025 2979 1110 3061 non
1141 2953 1280 3034 dendo
1309 2953 1429 3035 Sou-

338 3081 524 3154 terum
551 3074 723 3152 domino
752 3099 842 3162 sno,
871 3071 1221 3154 diotnsdominus
1250 3082 1430 3154 est-oon·

338 3203 476 3274 tentus
502 3219 587 3271 non
614 3201 765 3296 petere
792 3192 906 3285 iilud;
934 3193 1011 3272 sed
1039 3199 1178 3272 tumen
1206 3201 1429 3272 nonreste·

338 3312 398 3392 bit
426 3338 505 3415 pro
535 3319 730 3416 tempore
747 3313 903 3404 futuro,
929 3313 982 3392 do
1010 3311 1257 3416 suplicando
1284 3317 1428 3390 nostro

340 3434 525 3514 dominio
554 3444 605 3532 nt
632 3434 732 3514 iliud
759 3437 838 3516 sibi
867 3437 1035 3524 demus,
1063 3433 1138 3514 sed
1168 3441 1316 3516 eontra
1343 3433 1425 3514 dio·

339 3561 425 3632 tum
465 3553 608 3634 looum
636 3555 803 3638 Souteri
844 3581 1056 3658 nunquam
1098 3547 1280 3656 aliquem
1320 3550 1429 3633 novi-

340 3681 466 3756 tatem
497 3675 634 3768 faciet,
661 3679 736 3756 sad
764 3676 979 3756 subiunxit
1032 3729 1043 3751 .
1100 3731 1111 3754 .
1169 3731 1176 3748 .
1231 3673 1347 3776 quod
1375 3673 1429 3752 io·

345 3823 441 3876 oum
481 3798 750 3878 Drivesti
789 3823 997 3901 nunquam
1036 3804 1182 3903 posset
1209 3795 1430 3884 dimittere,

345 3919 443 4019 quie
480 3918 674 4024 promisit
700 3919 959 3999 ¹Drivustinio
1000 3920 1077 3996 snb
1120 3917 1317 3997 iidesuo
1358 3937 1430 3992 eos

345 4064 552 4141 nunquam
596 4042 865 4145 relinquere,
906 4065 987 4118 neo
1015 4039 1240 4128 restituere
1281 4041 1430 4116 nostro

347 4161 554 4252 domini03
596 4169 639 4240 et
666 4163 721 4239 ob
746 4161 838 4238 ‘hoo
867 4163 1110 4240 remanente
1152 4159 1431 4237 Drivasto

349 4287 391 4360 et
418 4287 503 4362 tote
532 4275 611 4360 elie
639 4287 830 4360 contrata
857 4279 1027 4359 domino
1056 4303 1148 4368 suo,
1176 4277 1281 4357 uitro
1309 4273 1432 4354 Sou-
