3192 5112
319 601 522 703 Georgia,
550 587 699 680 stando
740 601 933 682 reclusus
958 601 998 686 iu
1027 625 1105 686 uua
1148 623 1338 692 cautere.
1367 609 1410 690 et

318 747 396 820 oen¹
431 747 485 805 ex
527 718 772 800 custodibus
814 720 1079 820 dominorum
1120 721 1171 800 de
1211 729 1338 810 nocte
1366 731 1409 808 et

320 842 501 945 capitum
529 840 820 930 sextariorum,
848 840 898 918 ad
935 844 1115 930 mildam,
1143 849 1255 924 stare
1284 840 1409 924 conti·

318 991 400 1049 uue
428 961 610 1040 debeant
636 959 678 1040 in
712 983 891 1052 camera,
918 963 960 1040 in
989 986 1070 1064 qua
1098 963 1234 1042 dictus
1262 985 1408 1048 comes

318 1083 465 1178 stabit,
493 1087 535 1158 et
569 1078 695 1158 barca
736 1082 999 1160 dominorum
1042 1082 1094 1160 de
1134 1089 1287 1174 nocte,
1328 1087 1411 1163 stet

320 1203 517 1288 continue
558 1200 610 1280 de
651 1205 775 1280 nocte
817 1211 859 1284 et
899 1202 951 1284 de
991 1203 1059 1282 dic
1101 1205 1260 1285 circum
1300 1226 1409 1304 moy,

320 1323 599 1409 custodiendo
652 1323 760 1402 sicut
801 1324 881 1405 erit
920 1323 1161 1429 expediens.
1211 1324 1264 1408 Et
1302 1327 1410 1405 haec

320 1443 543 1524 comitatur
566 1442 745 1538 dominis
772 1446 825 1523 de
852 1452 979 1522 nocte
1020 1450 1063 1524 et
1085 1445 1289 1548 capitibus
1315 1470 1408 1526 seu·

319 1567 533 1656 tertarum,
560 1564 673 1666 quod
702 1563 895 1643 iaciendo
925 1564 975 1644 ad
1004 1565 1168 1650 mudum
1188 1568 1238 1644 ad
1266 1567 1411 1668 iurule-

319 1711 366 1767 re
380 1684 561 1768 debeant
573 1685 776 1788 predicta,
798 1688 853 1764 ita
869 1688 982 1788 quod
998 1683 1106 1766 bena
1134 1679 1408 1771 custodiatur.

679 1803 773 1870 Misti
796 1807 827 1868 d.
850 1805 976 1872 Senot.
1001 1805 1070 1870 Lib.
1095 1803 1214 1872 XXIV
1236 1807 1293 1870 ch.
1314 1805 1366 1872 63.

446 1992 698 2090 LXXIV·
729 2015 839 2089 1347.
872 2016 920 2088 ta
947 2011 1277 2093 Februarii.

317 2205 519 2264 &sumsero
532 2221 570 2274 aa
593 2221 698 2264 sacar·
712 2203 881 2280 l'prrropia
894 2207 1130 2280 roacambn,
1152 2204 1300 2276 unisona
1326 2206 1409 2266 oasa

452 2314 580 2388 Bonna,
601 2325 694 2376 uanae
719 2325 843 2373 canera
869 2309 994 2386 epynifl
1019 2327 1083 2370 ran
1112 2311 1276 2370 uuonan.

421 2477 565 2586 Capta:
594 2478 705 2582 quod
734 2479 899 2585 quidam
928 2503 1070 2592 comes
1106 2469 1410 2580 Gregorius

295 2597 728 2700 *Goyistavicb
768 2601 1037 2707 voyvoda
1079 2601 1298 2680 domini
1333 2604 1410 2680 ba·

319 2719 373 2796 ni
399 2719 645 2809 Bosnae,
686 2721 738 2800 de
780 2746 865 2824 quo
921 2721 1042 2800 nobis
1081 2721 1227 2803 scribit
1268 2703 1413 2824 comes,¹

321 2843 467 2918 noster
492 2841 699 2941 Tragurii,
727 2843 862 2946 possit
888 2841 1114 2922 extrahere
1141 2849 1202 2921 tot
1229 2867 1341 2920 arma
1358 2827 1413 2921 de*

320 2959 519 3050 venetiis,
547 2984 652 3063 quoe
679 2963 843 3040 valeant
876 2964 1052 3040 ducatos
1093 2959 1288 3062 Centum,
1330 2963 1410 3040 soi

320 3079 458 3172 vendo
487 3079 639 3157 datium
667 3081 801 3160 nostri
829 3081 1031 3170 comunis,

638 3201 733 3268 Misti
757 3203 788 3266 d.
814 3201 954 3266 Sennto
980 3201 1054 3266 Lib.
1077 3199 1211 3266 xxttll
1237 3201 1293 3296 cb.
1314 3201 1366 3266 63.

344 3387 570 3488 LXXV.
600 3411 709 3488 rara.
749 3407 1384 3512 indtotxvcnprtlts.

319 3599 546 3679 bonumeam
571 3617 813 3676 npenopyuuru
840 3603 934 3660 [Iano
969 3615 1159 3674 poterone,
1195 3598 1289 3660 flutio
1314 3618 1412 3659 naso-

320 3715 401 3776 syua
435 3718 694 3784 rauracorum
719 3720 738 3759 ι
762 3703 873 3761 nouos
907 3705 991 3762 tiana
1028 3707 1262 3776 socerorum,
1286 3721 1304 3760 u
1329 3720 1411 3780 opo·

717 3823 780 3902 spa
809 3807 1022 3882 neperpm.

424 3972 565 4078 Capta:
595 4000 690 4054 cum
718 3977 890 4054 multum
919 4001 1099 4058 comune
1140 3981 1331 4056 nostrum
1358 3978 1412 4056 sit

322 4090 546 4194 obligatum
573 4118 652 4199 pro
682 4097 882 4200 operibus
910 4096 1102 4176 fidelibus
1132 4102 1175 4174 et
1202 4095 1410 4174 laudabili·

322 4215 663 4309 bus,‚domiui
690 4217 924 4321 Hetyae,
953 4217 1248 4338 canonico
1283 4215 1410 4338 Tra*
