3234 5116
1231 427 1277 496 ⁷9

185 647 377 743 tempora
404 659 576 740 augere,
605 661 753 718 sumus
780 639 915 745 parali
940 639 1160 720 adbonam
1177 665 1274 722 con·

186 760 415 837 elusionem
445 764 487 836 et
513 765 664 863 pacem
694 783 789 837 cum
820 783 895 840 sua
927 759 1183 840 excellentia
1208 785 1275 837 ve·

63 951 66 955 .
184 878 276 956 nire
301 897 381 980 pur
407 878 504 958 illos
531 877 705 966 modos,
734 903 845 982 quos
877 903 955 956 suo
984 881 1276 960 ambassiatori

183 999 363 1079 diximus
390 1005 434 1077 et
460 999 790 1092 declaravimus3
819 1000 1024 1080 videlicet
1052 1000 1164 1104 quod
1193 997 1275 1080 dic·

86 1127 91 1138 “
183 1127 250 1198 tus
277 1119 471 1198 dominus
500 1125 642 1199 teneat
669 1121 763 1200 loca
801 1121 901 1198 llri
918 1147 944 1198 v
964 1113 1082 1200 usti
1107 1127 1150 1200 et
1183 1121 1275 1204 An·

184 1239 351 1320 libari
379 1265 474 1322 cum
491 1241 737 1322 ‘confinibus
765 1245 866 1336 suis,
896 1247 939 1320 et
962 1244 1101 1320 solvat
1127 1245 1276 1318 nostro

183 1361 373 1440 dominio
401 1363 578 1463 singulo*
595 1385 704 1440 anno
733 1361 914 1442 ducatos
943 1361 1068 1451 mille;
1096 1368 1139 1438 et
1161 1352 1276 1460 quod

182 1485 325 1558 nostra
371 1480 601 1560 dominatio
643 1488 785 1560 teneat
828 1488 870 1557 et
910 1479 1128 1584 possideat
1181 1479 1276 1556 loca

182 1599 464 1701 Dulcignl
506 1595 548 1698 et
588 1599 744 1678 Bude
784 1625 883 1680 cum
923 1597 1192 1705 pertinentiis
1234 1599 1275 1674 et
1351 1639 1355 1656 ι

184 1719 442 1799 districtibus
470 1721 568 1810 suis,
597 1729 640 1798 et
662 1721 874 1800 civitatem
905 1719 1150 1798 Scutari
1177 1739 1274 1796 cum
1329 1707 1331 1710 ’

183 1839 373 1918 districtu
402 1839 724 1943 etpertinentiis
751 1843 852 1948 suis,
881 1847 1016 1943 etper
1043 1839 1158 1916 illum
1186 1861 1271 1918 mo·

182 1962 294 2060 dum,
323 1983 406 2063 quo
434 1959 589 2039 dictam
619 1959 834 2040 civitatem
861 1961 1083 2039 habuimus
1105 1981 1273 2061 aquen·

183 2079 475 2161 damdomino
504 2081 769 2182 Georgio
812 2079 1192 2171 Strezimiri3
1232 2083 1275 2159 et

182 2198 350 2303 copiam
393 2203 741 2306 compositionis,
793 2225 916 2304 quam
959 2201 1136 2281 lecimus
1177 2223 1273 2279 cum

182 2319 297 2400 dicto
325 2321 513 2422 Geor-gio
582 2323 660 2401 tibi
687 2321 778 2398 dari
805 2321 984 2401 fecimus
1011 2343 1091 2426 pro
1117 2327 1189 2401 tua
1215 2319 1272 2397 in·

182 2442 449 2523 formatione.
475 2443 529 2522 lli
543 2442 594 2521 ad
611 2441 885 2522 obtinendum
911 2443 1170 2522 bocdebeas
1196 2445 1273 2520 sta·

181 2587 228 2640 rc
270 2560 414 2642 liumus
450 2575 493 2644 et
528 2567 755 2656 constans,
802 2563 962 2674 utendo
991 2561 1095 2642 villis
1135 2561 1274 2641 modis

181 2682 325 2762 verbis
349 2689 393 2760 et
407 2682 653 2771 rationibus,
681 2685 924 2785 quae-tuoe
940 2682 1172 2788 sapientiae
1198 2680 1272 2758 uti·

30 2895 34 2900 ,
184 2804 245 2880 les
272 2810 316 2882 et
343 2805 585 2884 necessarie
612 2803 877 2884 ridebuntur.
1024 2861 1026 2867 ,
1117 2835 1119 2840 ’

282 2923 336 3006 ut
356 2925 514 3005 silacia
541 2931 664 3031 parte
689 2931 761 3005 tua
780 2925 928 3004 omnia
956 2919 1152 3003 instantia
1178 2949 1273 3026 pos
1324 3005 1327 3010 ,

43 3063 51 3072 ·
181 3041 291 3121 sibili
319 3056 363 3125 et
402 3047 717 3150 perseverantia
758 3047 929 3146 debita,
970 3046 1011 3123 in
1040 3043 1271 3123 obtinendo

182 3167 511 3269 suprascriptam
539 3174 726 3247 nostram
755 3167 1042 3257 intentionem,
1067 3163 1178 3243 illam
1200 3163 1272 3241 ob·

183 3284 320 3363 tinere
346 3307 432 3364 non
458 3309 635 3389 posses,
674 3285 821 3364 damus
846 3285 922 3376 tibi
947 3284 1183 3366 libertatem
1209 3305 1273 3361 re·

182 3400 377 3484 trahendi
405 3413 446 3487 le
466 3405 784 3509 arsquisitione
812 3405 1035 3486 solutionis
1061 3403 1271 3484 dictorum

182 3527 432 3607 ducatorum
447 3527 576 3620 mille,
598 3553 677 3634 per
690 3529 849 3618 dictum
877 3524 1272 3607 dominumsolveu·
1329 3591 1332 3599 .

182 3643 332 3724 dorum
358 3656 505 3728 nostro
534 3651 753 3739 dominio,
780 3650 865 3730 sed
892 3647 1028 3726 solum
1056 3651 1274 3734 remaneat

180 3764 520 3848 Driva'stum
559 3777 601 3850 et
640 3767 995 3850 Antibarum
1037 3790 1132 3870 cum
1174 3791 1271 3848 con·

173 3889 330 3970 linibus
345 3891 446 3980 suis,
475 3891 632 3970 etnibil
659 3893 797 3971 solvat
821 3899 970 3970 nostro
998 3889 1201 3976 dominio,
1219 3897 1272 3970 et

180 4036 259 4091 nos
287 4018 502 4092 teneamus
538 4009 793 4091 Budvam
835 4011 1270 4122 et‘Dulcignum

181 4139 227 4212 et
252 4131 531 4214 Scotorum
561 4123 656 4212 oum
684 4132 953 4238 pertinentiis
974 4140 1018 4212 ct
1037 4125 1271 4214 confinibus

179 4251 278 4342 suis,
305 4253 535 4332 secundum
563 4252 677 4356 quod
706 4253 750 4332 in
777 4254 959 4359 capitulo
981 4255 1266 4335 continetur.»
