3226 5112
1239 461 1241 463 “
1293 461 1298 473 ἱ

206 610 250 680 at
277 600 414 680 eidem
443 609 642 705 quantum
657 599 750 702 plue
765 623 989 702 possumus
1003 601 1299 702 regratiamur,

206 727 248 799 et
276 722 453 802 dicimus
483 729 595 826 quod
623 722 898 822 singulariter
922 726 1013 799 eius
1026 722 1296 800 serenitatem

206 844 413 942 diligimur
442 856 485 924 et
512 868 781 947 summopere
798 853 1008 945 optamuS,
1034 853 1078 922 ut
1105 846 1145 920 iu
1162 867 1297 944 reguo

207 967 249 1040 et
276 965 465 1043 dominio
494 990 541 1044 se
571 975 810 1045 conservet.
839 963 892 1041 Et
919 989 972 1040 ex
1001 974 1298 1042 nunecouten·

204 1091 351 1170 tamur,
380 1086 493 1186 quud
522 1085 573 1162 de
602 1085 682 1162 hac
710 1089 855 1162 nostra
880 1083 1051 1166 ,civitate
1081 1083 1298 1162 libereex-

205 1205 376 1282 trahere
402 1203 537 1305 possit
565 1205 822 1282 munitiones
865 1203 903 1280 ei
933 1205 1222 1282 neccessarias
1257 1211 1300 1280 et·

170 1379 178 1402 .
204 1327 317 1428 ipsas
344 1327 384 1404 in
413 1347 591 1424 regnum
619 1349 738 1410 suum
769 1324 950 1402 conduci
980 1324 1139 1410 facere,
1164 1330 1209 1400 ut
1234 1348 1298 1398 va

207 1449 289 1525 leat
324 1469 499 1546 regnum
528 1455 571 1524 at
603 1445 833 1525 dominium
875 1469 993 1520 suum
1035 1445 1296 1544 praedictum

205 1569 442 1648 defensare.

501 1671 608 1736 Secr.
633 1687 733 1734 cous.
759 1679 876 1757 rogat.
901 1667 974 1733 Lib.
999 1669 1076 1734 XV.
1101 1670 1157 1732 eh.
1185 1669 1255 1734 113.

306 1873 638 1978 ccccxvi.
668 1897 780 1971 amr.
807 1899 871 1972 za.
901 1891 1206 1972 octobris.

204 2058 424 2116 iraenanaena
447 2073 482 2114 aa
507 2071 672 2116 naneraua
696 2073 714 2112 u
738 2071 838 2112 rueaa
863 2055 1118 2130 Crapapenonn,
1152 2072 1232 2114 uaso
1261 2073 1299 2124 ua

205 2181 244 2222 ee
269 2178 367 2233 nuspa
401 2177 510 2236 upeua
545 2177 645 2235 aneay
669 2161 836 2234 Crauany,
873 2175 935 2216 sou
961 2177 977 2215 e
1000 2176 1111 2217 uoueo
1137 2177 1299 2218 oeaoana-

233 2283 272 2324 ru
297 2267 403 2324 aaran
428 2284 446 2322 u
469 2281 621 2340 rpapoaa
646 2265 824 2340 Cpueuor‘a
848 2279 1016 2332 perunna..
1050 2259 1271 2349 (Capaheuo.)

308 2414 461 2496 Comiti
490 2422 532 2492 et
561 2416 784 2518 capitaneo
815 2413 926 2492 Seu
944 2422 958 2492 t
974 2439 995 2490 a
1012 2416 1070 2494 ri.
1198 2409 1199 2412 ‘

306 2532 522 2614 Sensimus
544 2558 567 2610 a
588 2521 745 2612 comite
760 2536 907 2612 nostro
938 2533 1078 2612 Cata
1096 2535 1157 2626 ri,
1186 2536 1297 2637 quod

205 2673 401 2732 cumea
431 2651 718 2730 Staienus
755 2652 968 2756 pretendit
997 2679 1211 2758 occupare
1241 2657 1298 2733 lo-

205 2797 253 2854 ca
282 2774 602 2863 Albaniae,
646 2796 754 2876 quae
796 2775 1012 2876 supposita
1051 2785 1172 2854 erant
1208 2779 1299 2854 do·

205 2897 355 2974 mino
385 2894 645 2998 desputo
674 2893 897 2980 Bassia,
926 2895 1091 2995 iamque
1117 2919 1300 2974 concors

205 3022 269 3092 est
284 3021 326 3091 at
341 3015 659 3113 intelligentiam
674 3016 804 3092 habet
833 3015 976 3092 cumi
988 3017 1300 3109 urasevich,

206 3147 248 3214 et
283 3137 498 3234 ingressus
538 3143 601 3213 est
628 3135 867 3214 Zeutam
894 3138 1299 3238 superiorem,

205 3257 1299 3360 etquodproptereaomniaioca,quaepraedietido·

206 3377 306 3456 miui
320 3377 488 3479 despoti
504 3383 633 3462 arant,
661 3377 701 3454 in
724 3400 870 3476 magua
887 3386 982 3454 sum
997 3377 1298 3481 trepidatione3

207 3522 314 3600 qnae
329 3497 495 3600 quidam
523 3499 646 3576 uobis
670 3499 838 3577 minime
854 3499 1033 3602 placent,
1061 3523 1154 3576 nam
1170 3499 1299 3575 nuile·

206 3643 296 3694 mus
307 3619 443 3721 ipsum
459 3620 661 3699 comitem
674 3620 890 3698 Statauum
906 3623 1052 3700 eadem
1066 3620 1160 3697 ioca
1174 3620 1298 3700 uane-

207 3765 265 3818 re.
286 3739 338 3817 ut
352 3741 446 3840 quia
462 3740 729 3818 iustissimam
746 3765 912 3820 eausam
926 3739 1131 3820 habemus
1147 3742 1196 3818 ad
1212 3744 1303 3818 hou

205 3859 425 3950 obviandi,
455 3887 550 3940 cum
578 3867 623 3938 ut
649 3862 760 3940 scire
789 3863 979 3947 debetis,
1007 3887 1085 3964 per
1115 3864 1298 3965 capitula

205 3981 334 4084 pacis,
362 4005 485 4084 quam
513 3981 769 4062 habebamus
797 4007 891 4062 eum
911 3987 1087 4062 c'ondam
1117 3985 1305 4084 desp0·.

208 4109 259 4179 to
289 4099 423 4178 Stes
434 4124 538 4179 ano
581 4108 625 4180 at
663 4105 907 4180 successiva
949 4125 1042 4182 cum
1083 4105 1307 4206 praesenti

208 4223 465 4336 despota
495 4223 772 4324 Georgia.
800 4231 1005 4313 tenemur,
1022 4226 1294 4334 quociescuu:
