3226 5112
357 436 435 503 ²274
485 529 489 544 Ι

364 641 582 720 morabilis
623 623 816 716 amicicie
857 644 899 712 et
942 637 997 713 ob
1037 642 1180 711 mutue
1218 632 1469 712 sinceritatis

239 851 242 859 1
366 761 634 838 affectionem
677 759 726 834 ad
764 759 898 860 ipsum
940 755 1208 854 magnificum
1251 757 1466 835 domiuum

366 881 623 964 Sandalium.
652 904 840 980 suosque
869 883 1071 981 posteros
1089 878 1326 966 universos,
1342 877 1466 956 tituto

221 1086 230 1100 ⁵
367 1023 474 1113 pure
497 991 623 1076 'mere
651 1010 693 1076 et
721 999 1014 1078 irrevocabilis
1042 1001 1282 1078 donationis
1318 999 1468 1076 iibera-

369 1119 463 1196 iiter
504 1118 910 1208 condonamus
952 1118 1177 1195 domum
1220 1116 1468 1197 unamin

367 1237 594 1326 haeurbe
635 1245 779 1315 nostra
818 1239 967 1328 sitam,
1009 1239 1047 1328 in
1092 1227 1283 1316 contrata
1324 1241 1468 1313 sancte

365 1357 600 1451 Trinitatis,
630 1385 713 1462 que
743 1357 820 1438 suit
846 1361 924 1466 viri
941 1357 1094 1464 nobilis
1116 1359 1274 1436 Nicolai
1306 1359 1469 1436 Mauro-

367 1505 476 1562 oeno
505 1481 717 1586 quondam
747 1504 817 1556 ser
853 1479 1096 1580 Gasparini‚
1124 1504 1237 1586 Meum
1275 1477 1468 1554 omnibus

365 1611 407 1680 et
447 1601 628 1705 singuiis!
661 1599 853 1700 ejusdem
889 1603 1039 1678 domus
1068 1599 1314 1680 adiacentiis
1341 1599 1469 1704 perti-

364 1723 515 1799 nentiis
556 1720 794 1801 confinibus
831 1720 999 1816 juribus
1029 1729 1070 1797 et
1100 1719 1472 1816 jurisdictionibus

213 1901 218 1908 .
366 1841 600 1944 universis,
642 1841 875 1917 anteidem
906 1845 987 1916 tam
1017 1838 1320 1940 intrrs‚,quam
1348 1846 1470 1915 extra

362 1961 656 2064 spectantibus
684 1959 837 2061 quovis
866 1960 1009 2036 modo.
1063 1957 1123 2034 Ea
1152 1955 1320 2059 quidem
1349 1965 1482 2058 pote·-

192 2125 201 2138 .
313 2079 320 2094 ‘
366 2087 473 2160 state
502 2081 662 2172 libera,
691 2081 870 2158 arbitrio
899 2091 942 2158 et
970 2077 1238 2169 auctoritate,
1267 2102 1350 2179 qua
1376 2079 1468 2178 ipse

186 2179 191 2194 ¹
247 2214 250 2221 '
302 2255 305 2258 -
366 2201 607 2298 magnificus
635 2191 1043 2298 dominusvayvoda
1073 2197 1317 2280 Sandalius,
1360 2197 1468 2294 ejus·

276 2425 280 2431 Ι
365 2348 447 2426 qne
475 2319 685 2421 magnifici
713 2317 782 2396 fittt
812 2329 854 2398 et
882 2320 1079 2410 heredes
1098 2319 1340 2422 prefatique
1358 2338 1467 2415 mag·

365 2441 478 2548 ”3⁶⁰5
507 2441 868 2522 ⁰⁰¹1¹fftesWooaz
897 2451 939 2520 et
968 2441 1207 2544 Stephanus
1223 2443 1314 2538 ejus
1345 2437 1467 2529 titius,

365 2586 604 2666 eorumque
631 2569 672 2639 et
694 2561 1022 2666 uniuscuiusque
1045 2557 1408 2666 eorum'ireredes
1424 2565 1469 2634 et

363 2704 640 2760 successores
663 2689 746 2759 tam
769 2689 989 2784 presentes
1011 2707 1135 2783 quam
1153 2680 1295 2766 tutori,
1317 2681 1357 2756 in
1374 2703 1466 2782 per·

363 2805 535 2904 potuum
551 2803 684 2903 ipsam
701 2801 874 2878 domum
893 2799 1074 2879 habeant
1092 2807 1262 2878 teneant
1276 2805 1319 2876 et
1334 2801 1467 2902 possi·

363 2919 499 3008 deant,
515 2921 723 3018 gaudeant
739 2929 781 2997 et
796 2919 1074 2998 usufruotrnt.
1089 2919 1142 2998 m
1156 2923 1288 3026 ipsam
1307 2919 1347 2996 in
1371 2927 1464 2998 toto

363 3049 406 3118 et
420 3048 540 3142 parte
555 3041 730 3144 possint,
747 3047 788 3116 et
804 3041 969 3118 valeant
985 3041 1120 3118 iibere
1131 3050 1298 3128 tenere,
1315 3048 1357 3120 et
1371 3065 1466 3142 pos·

361 3159 503 3248 sidere
519 3161 620 3237 dare
636 3161 799 3240 donare
815 3162 1001 3240 vendere
1014 3172 1254 3265 permutare
1270 3185 1467 3241 corneam·

322 3320 324 3326 ·
362 3276 479 3354 biare
497 3279 750 3383 cuicumque
767 3282 1082 3382 voluerint‚pro
1101 3283 1237 3358 anima
1253 3289 1294 3357 et
1310 3304 1465 3384 eorpo-

363 3421 409 3474 re
428 3397 640 3494 judicare,
664 3407 706 3477 et
728 3401 781 3477 de
799 3425 859 3488 ea,
875 3407 917 3478 et
934 3399 1119 3502 qualibet
1134 3401 1225 3500 ejus
1241 3407 1361 3503 parte
1379 3423 1464 3475 om·

360 3543 456 3594 nem
472 3525 588 3596 so'am
605 3519 863 3614 voluntatem
879 3519 1199 3622 dispositionem
1215 3519 1462 3623 etpiaeitum

359 3635 516 3726 iacere,
545 3639 657 3716 siout
684 3629 749 3715 de'
766 3663 913 3717 eorum
934 3639 1203 3739 processerit
1231 3639 1463 3728 voluntate,

361 3755 403 3832 et
431 3760 638 3858 tamquam
668 3759 721 3834 de
751 3781 797 3835 re
825 3785 896 3836 sua
924 3760 1121 3861 propria,
1162 3761 1323 3861 absque
1366 3784 1462 3837 oon-

360 3875 611 3954 tradictione
653 3877 828 3974 aiicujus
870 3881 1137 3958 comunitatis
1179 3879 1357 3975 dominij
1395 3878 1462 3955 rei

359 3994 531 4072 atterius
563 3996 747 4092 cujusvis
774 4021 960 4096 persone
989 3997 1042 4072 de
1070 3999 1248 4089 mundo,
1277 4003 1364 4076 tam
1391 4023 1462 4098 pu-

358 4111 467 4189 blica
497 4137 620 4215 quam
650 4115 841 4214 private,
883 4139 1154 4217 quocumque
1192 4117 1364 4192 nomine
1391 4117 1460 4192 de·

356 4239 556 4310 notentur
595 4233 664 4308 vel
705 4233 822 4309 tituto
852 4241 922 4311 aut
951 4235 1094 4314 officio
1126 4235 1352 4334 potiantur.
1407 4235 1461 4314 Et
