3220 5118
319 557 493 626 annum,
519 542 591 616 out
616 555 695 640 per
723 539 823 613 coto
853 557 1023 614 merser
1049 533 1268 624 ariminus,
1301 501 1415 610 vsicut

319 657 471 734 melius
498 657 640 736 fecere
667 661 892 759 poterunt3
934 652 1039 732 etsi
1067 653 1119 732 od
1147 653 1280 732 dictes
1307 659 1414 731 ‘treu-

320 797 422 876 guas
446 777 594 862 venire
624 781 831 878 poterrmt,
860 775 952 854 illos
980 771 1151 852 firmare
1178 774 1371 852 dobunt.-

599 941 704 1010 Secr.
729 943 844 1010 Cous.
871 943 1002 1031 Roget.
1026 939 1100 1010 Lib.
1124 937 1199 1010 ru.
1225 943 1278 1008 ch.
1303 943 1374 1008 120.

260 1136 296 1189 ’·
430 1073 1228 1232 'CGGV-rusonranuaru.
1342 1183 1344 1190 ⁴

323 1345 459 1404 tissone
483 1359 523 1404 co
553 1359 777 1420 ynpasureuo
802 1343 1046 1412 Curtrcrorrn,
1081 1360 1119 1414 pa
1141 1359 1281 1417 nosyrua
1303 1323 1418 1419 ycono-

418 1465 503 1524 pcru
528 1465 638 1507 carons
662 1465 698 1505 ca
723 1449 873 1522 :penisus
894 1445 1117 1549 Bocsucuruu.
1140 1448 1333 1524 Tsprson.

426 1614 530 1695 Cum
569 1613 776 1694 habeatur
820 1612 1096 1702 informatio,
1149 1615 1264 1718 quod
1315 1639 1418 1698 rex

322 1737 624 1844 Tverticus,
653 1760 747 1815 rex
772 1735 1052 1829 Bossinee,
1078 1738 1132 1815 sit
1157 1734 1294 1818 bonus
1322 1737 1417 1818 omi·

322 1885 397 1938 cus
425 1862 560 1939 nostri
593 1856 762 1934 dominii
791 1866 834 1936 ct
861 1856 1042 1936 libenter
1070 1859 1200 1939 veltet
1227 1885 1273 1937 so
1302 1861 1417 1940 intol-

322 1975 732 2078 liger-enoriscum„
760 1982 807 2056 et
827 1999 1084 2058 succurrere
1112 1985 1261 2062 nostro
1286 1983 1416 2062 domi·

321 2101 390 2178 nio
420 2121 443 2174 a
469 2103 590 2202 porte
632 2107 808 2191 terroe,
839 2099 876 2176 si
902 2103 1093 2178 nostrum
1136 2100 1367 2184 dominium
1394 2132 1417 2188 e

320 2223 441 2322 parte
468 2217 595 2296 maris
621 2219 849 2321 promittat,
877 2243 959 2298 uon
976 2219 1076 2296 dore
1106 2211 1324 2301 transitum
1351 2224 1417 2304 aii·

322 2335 390 2412 cui
419 2335 572 2416 volenti
587 2335 884 2444 ireoddomns
910 2363 997 2431 suo,
1024 2339 1136 2419 radit
1161 2365 1274 2443 pers:
1303 2341 1416 2444 quod

321 2455 530 2534 scribatur
557 2457 772 2562 provisori
805 2468 953 2539 nostro
995 2459 1261 2565 Spoleti,
1304 2463 1418 2565 quod

321 2577 551 2656 audivimus
579 2603 653 2668 ca,
694 2605 803 2684 quae
832 2581 1004 2686 scripsit
1031 2605 1160 2685 super
1188 2581 1301 2662 fecto
1343 2607 1416 2662 ro·

321 2702 409 2800 gis
436 2701 717 2792 Bossinoe,
745 2711 789 2778 et
814 2699 958 2780 damus
988 2701 1031 2781 ei
1056 2697 1295 2782 libertatem
1323 2729 1417 2808 pos·

320 2823 440 2902 sendi
477 2824 709 2902 convenire
739 2849 832 2901 cum
878 2823 994 2928 dicto
1023 2845 1126 2923 rege
1152 2823 1241 2904 sive
1268 2827 1419 2905 nuntiis

321 2943 419 3031 suis,
447 2945 560 3046 quod
589 2944 680 3048 ipse
710 2960 787 3021 rex
801 2946 1020 3046 promittet
1046 2962 1301 3024 succurrere
1329 2971 1418 3024 nos·

321 3074 389 3142 tro
419 3051 617 3150 dominio,
646 3062 734 3144 sive
763 3063 1001 3144 rectoribus
1030 3067 1189 3146 nostris
1227 3067 1417 3144 Daimo-

323 3183 542 3275 tioe,in
571 3210 672 3264 casu
700 3209 783 3288 quo
811 3209 889 3290 per
918 3185 1194 3265 comitem
1234 3185 1419 3266 rohsn-

324 3327 441 3382 nem
482 3306 553 3404 (de
584 3298 760 3406 Citines)
788 3302 875 3383 sive
913 3303 1218 3391 Poiizanos,
1246 3303 1313 3382 vel
1341 3329 1419 3408 per
1457 3401 1465 3420 ι

314 3429 423 3508 'oties
464 3433 612 3530 gentes
653 3427 981 3506 molestarentur
1021 3424 1213 3504 civitates
1247 3431 1291 3502 st
1325 3425 1419 3504 loco

322 3555 468 3626 nostre
484 3545 725 3634 Dalmatico,
752 3543 839 3622 sive
856 3565 1001 3622 eorum
1014 3543 1245 3636 districtus,
1260 3552 1303 3622 et
1318 3544 1418 3622 dore

324 3669 513 3746 favorem
541 3675 585 3744 st
611 3667 835 3755 auritium,
875 3667 990 3767 quod
1024 3670 1162 3743 costra
1204 3663 1362 3744 Cliss
1379 3663 1416 3742 ii

325 3797 368 3866 ct
394 3785 641 3866 Dnimisii
676 3794 720 3865 ct
745 3783 829 3863 duo
858 3786 936 3864 stis
965 3793 1103 3864 castra
1131 3783 1331 3883 contiguo
1360 3785 1417 3862 io·

326 3906 387 3987 cis
412 3906 583 3991 uostris,
612 3905 924 4010 pervenientad
951 3927 1097 3984 monus
1125 3903 1263 3984 nostri
1290 3903 1418 3982 domi·

228 4081 233 4088 ·
297 4027 397 4105 ¹nii.
440 4027 493 4105 ut
518 4027 651 4129 possit
677 4031 826 4105 nostro
867 4024 1178 4105 nomineutoto
1208 4024 1295 4126 regi
1322 4047 1418 4128 pro·

332 4148 524 4237 mittero,
565 4146 676 4250 quod
713 4153 906 4226 nostrum
941 4143 1170 4225 dominium
1199 4167 1277 4248 per
1303 4167 1418 4223 merc
