3226 5112
344 315 418 392 ’διὸ

354 540 541 612 nostram
583 531 634 610 ad
663 533 799 635 lpsum
826 529 1066 620 Teucrum,
1106 531 1263 610 erimus
1303 529 1453 611 libenti

355 653 494 734 animo
523 676 738 732 memores
765 651 1049 754 requisitionis
1077 674 1206 752 suae,
1236 676 1286 733 ac
1313 652 1454 756 ipsum

356 774 587 874 vayvodam
630 772 890 878 Stephanum
932 773 1080 852 stricte
1107 782 1173 852 ret
1216 773 1454 853 efficaciter

276 929 279 936 ·
356 891 753 974 recomendabimus
779 892 966 973 Teucro.

459 1015 522 1093 Ad
552 1020 745 1117 quartum
775 1015 1014 1118 capitulum,
1054 1038 1134 1119 per
1167 1015 1282 1119 quod
1312 1017 1455 1117 requi·

356 1144 463 1222 runt,
490 1142 536 1213 ut
564 1132 850 1214 concedamus
879 1135 1038 1212 salvum
1063 1135 1320 1213 conductum
1355 1159 1458 1210 nos·

356 1261 466 1334 trum
495 1252 804 1358 Stephano
833 1251 1458 1342 Maramonle,'veuiendi

358 1376 412 1456 ad
439 1385 576 1456 terras
604 1381 770 1463 nostras
798 1379 881 1454 etc.
921 1375 1123 1471 dicimus,
1161 1375 1275 1476 quod
1303 1371 1456 1452 habito

358 1503 554 1598 respectu
582 1498 633 1574 ad
662 1495 731 1572 illa
758 1517 866 1596 quae
908 1494 1017 1572 idem
1048 1493 1309 1596 Stephanus.
1350 1495 1458 1574 dum

358 1623 472 1698 esset
510 1618 552 1694 in
592 1615 657 1694 bis
706 1616 897 1718 paulibus
924 1613 1195 1693 bombardiae
1224 1615 1264 1690 in
1294 1617 1459 1694 noslris

358 1735 568 1823 serviliis,
611 1746 760 1815 contra
799 1733 921 1813 lidem
950 1743 993 1814 el
1019 1735 1324 1838 promissiones
1353 1760 1456 1812 sues

360 1860 510 1936 contra
539 1878 618 1932 nos
647 1855 877 1940 attentavit,
905 1877 990 1931 nou
1016 1853 1182 1933 videtur
1218 1856 1342 1946 nobis
1370 1853 1458 1932 sibi

360 1974 600 2056 concedere
628 1975 790 2052 salvum
821 1972 1076 2053 conductum
1104 1975 1381 2075 praedictum.

461 2095 600 2200 Super
616 2096 763 2176 ultimo
781 2095 980 2197 capitulo,
997 2117 1084 2197 ‚per
1098 2094 1210 2196 quod
1225 2103 1372 2198 petunt
1387 2121 1454 2176 re·

359 2219 497 2298 belles
534 2219 664 2322 ipsius
710 2217 1012 2318 vayvodae
1055 2215 1346 2320 Stephani
1400 2219 1455 2298 de

360 2340 485 2419 terris
513 2339 666 2416 nostris
694 2336 729 2412 Ι)
746 2362 768 2414 a
785 2337 851 2413 lm
868 2362 891 2415 a
906 2341 923 2412 l
937 2335 950 2412 i
966 2362 989 2415 a
1006 2361 1030 2413 e
1057 2335 1266 2416 licentiari
1288 2343 1371 2416 etc.
1398 2339 1458 2417 di·

362 2459 510 2557 cimus,
540 2454 653 2560 quod
680 2463 727 2532 ut
754 2455 1097 2560 complacemus
1124 2457 1239 2534 dicto
1267 2455 1456 2556 magnill-

361 2604 413 2659 co
440 2579 656 2687 vayflvodae
685 2575 919 2678 Stephano,
960 2577 1093 2678 parali
1120 2599 1262 2654 sumus
1292 2577 1454 2656 licenti·

363 2701 423 2778 ari
472 2701 614 2779 lacere
663 2699 850 2776 rebelles
893 2723 993 2776 suos
1038 2700 1091 2777 de
1131 2698 1257 2776 terris
1297 2697 1456 2776 nostris

362 2820 698 2900 Dalmatiae
727 2819 1114 2908 etAlbaniae;
1149 2821 1334 2921 ideoque
1363 2841 1455 2897 ora·

361 2949 479 3019 tores
514 2941 594 3044 ipsi
629 2937 753 3018 nobis
781 2939 821 3017 in
849 2939 1018 3044 scriptis
1047 2937 1148 3017 dare
1176 2947 1355 3043 possunt
1381 2965 1456 3017 no·

363 3063 471 3139 mina
485 3061 708 3141 rebellium
726 3060 1057 3163 praedictorum,
1080 3083 1207 3163 quum
1223 3057 1458 3138 scribemus

364 3191 407 3259 et
433 3163 719 3261 mandabimus
748 3179 989 3260 rectoribus
1012 3179 1456 3282 nostrisillarumpar·

364 3301 479 3388 tium,
505 3307 551 3379 ut
577 3299 786 3381 licentiori
813 3301 972 3381 iaciant
994 3301 1179 3380 rebelles
1193 3298 1455 3403 praedictos.

466 3423 624 3500 Verum
665 3445 719 3499 ex
761 3444 873 3501 niano
902 3425 1070 3524 captum
1096 3422 1164 3510 sit,
1191 3419 1305 3524 quod
1331 3419 1455 3500 dictis

365 3537 603 3619 oratoribus
651 3541 866 3643 vayvodae
908 3539 1111 3642 liepbani
1152 3541 1256 3619 lieri
1304 3539 1456 3617 debeat

358 3671 492 3743 'unum
518 3667 689 3751 donum,
717 3664 830 3767 quod
849 3662 1091 3764 equivaleal
1118 3661 1191 3751 illi.
1219 3655 1333 3764 quod
1362 3685 1456 3738 nos·

366 3791 433 3863 tro
462 3783 649 3862 dominio
677 3787 1011 3887 praesentarunt.

689 3949 798 4017 Secr.
822 3949 947 4017 consil.
972 3968 1052 4038 rog.
1077 3949 1153 4016 Lib.
1179 3947 1255 4016 XV.
1283 3949 1341 4018 eh.
1362 3951 1412 4016 ll.
