3220 5118
1202 414 1268 484 519

277 627 354 706 Ad
392 631 863 734 requisitionem
892 633 1031 706 autern
1060 651 1184 731 quom
1213 626 1265 706 io·

175 745 255 830 eit,
297 745 411 848 quod
439 749 648 828 mittamus
675 773 801 824 unum
830 754 1043 835 nostrum,
1071 755 1140 826 out
1167 747 1267 828 sori·

174 864 320 945 bamus
360 871 632 948 serenissimo
661 867 833 946 domino
863 871 954 967 regi
983 865 1267 948 Romanorum

175 995 217 1065 et
243 987 494 1086 Hungoriae,
524 991 636 1092 quod
667 991 719 1068 de
747 991 911 1090 guerris
941 997 982 1066 et
996 989 1266 1077 novitatibus,
1344 985 1346 992 '

174 1127 278 1210 moos
305 1107 525 1188 habuimus
546 1129 640 1187 oum
658 1111 774 1189 dioto
804 1108 974 1186 domino
989 1131 1104 1209 rego,
1131 1107 1267 1186 dietus

174 1231 370 1308 dominus
402 1255 501 1310 suus
531 1231 712 1311 Crouoia
741 1249 950 1332 nunquam
978 1257 1024 1307 se
1053 1229 1268 1330 impedivit

174 1354 314 1427 etoet.
341 1348 674 1454 Respondentur,
698 1351 812 1453 quod
840 1348 1124 1434 considerato,
1153 1347 1265 1449 quod

175 1469 313 1548 dictus
340 1472 536 1549 dominus
562 1495 661 1550 suus
689 1493 897 1571 nunquam
920 1493 965 1545 se
982 1467 1199 1572 impedivit
1224 1469 1266 1546 in

173 1587 284 1678 hoe,
311 1613 396 1669 non
425 1591 592 1672 videtur
619 1593 744 1672 nobis
772 1591 1019 1678 honestum,
1049 1589 1170 1667 talem
1199 1609 1266 1666 en·
1358 1683 1362 1686 ,

174 1711 435 1788 cusationem
463 1713 620 1802 iacere,
648 1713 743 1814 quia
771 1711 844 1790 ubi
871 1736 955 1790 nou
977 1709 1264 1790 esteomissus

172 1828 392 1922 deiectus,
418 1857 502 1910 non
532 1839 597 1912 est
623 1833 910 1911 necessarium
937 1831 1065 1908 ulium
1094 1849 1264 1909 excuso·

171 1955 329 2030 tionem
356 1950 512 2033 faeere.
1182 1983 1185 1988 ·

243 2191 338 2273 ·Ad
375 2193 416 2270 id
445 2199 584 2274 autem
621 2193 733 2297 quod
772 2193 974 2296 requirit,
1013 2199 1059 2269 ut
1085 2190 1264 2268 velimus

171 2309 341 2391 mittere
371 2321 440 2392 out
466 2315 655 2392 seribere
683 2313 1011 2414 magnifico
1049 2311 1272 2388 domino

172 2429 431 2523 sandalii,
469 2435 551 2536 qui'
570 2441 635 2512 est
663 2435 766 2515 civis
794 2442 952 2524 noster,
981 2431 1096 2538 quod
1123 2455 1171 2510 se
1197 2433 1265 2509 ub·

171 2552 324 2630 stineot
360 2577 382 2630 n
412 2556 570 2635 domnis
611 2564 654 2634 et
691 2554 972 2651 novitatibus,
1015 2550 1265 2631 inferrendis
1307 2629 1311 2640 ,

172 2671 288 2752 dioto
317 2673 487 2752 domino
515 2701 592 2754 suo
623 2669 818 2762 Crouoie,
847 2679 890 2754 et
918 2680 998 2756 cet.
1025 2671 1263 2780 Responde·

171 2803 292 2882 ntur,
334 2794 448 2897 quod
484 2793 681 2898 displicet
716 2801 864 2874 nostro
892 2794 1107 2882 dominio,
1148 2795 1263 2896 quod

169 2916 282 2994 inter
308 2913 520 2993 dominnm
548 2941 669 2996 suum
712 2915 992 2998 Creuoiom
1035 2923 1078 2993 et
1104 2903 1263 2994 dietum

170 3033 383 3116 dominum
421 3036 642 3118 Sondoli
678 3039 732 3117 sit
759 3038 895 3141 otique
923 3037 1166 3130 differentia,
1194 3035 1263 3136 qui

169 3159 289 3263 ipsos
332 3157 544 3260 diligimus
586 3167 777 3262 tanquam
822 3179 944 3240 coros
985 3159 1136 3236 iratres
1170 3181 1262 3236 nos·

171 3287 290 3364 tros.
319 3285 362 3358 ot
390 3279 553 3380 quinio
583 3277 701 3356 brevi
728 3303 869 3357 sumus
896 3279 1063 3359 missuri
1092 3276 1141 3355 ad
1170 3294 1259 3380 por·

171 3411 237 3480 tes
252 3397 481 3480 Delmatiae
504 3425 628 3478 ionum
644 3411 846 3490 nostrum,
861 3426 941 3505 pro
959 3401 1138 3479 essendo
1167 3411 1262 3474 oum

172 3519 286 3598 dioto
340 3517 513 3598 domino
554 3517 723 3600 Sandan
764 3529 808 3600 et
848 3521 1039 3621 rogando
1082 3517 1263 3596 eundem

173 3663 227 3718 ex
255 3649 376 3744 porte
417 3643 553 3719 nostri
581 3641 777 3730 dominii,
820 3649 866 3720 ut
892 3639 992 3718 velit
1028 3667 1075 3719 se
1102 3665 1125 3718 a
1153 3639 1263 3717 dem*

17 3785 18 3788 ‘
172 3763 236 3840 nis
265 3761 350 3838 suis
379 3764 619 3860 obstinere,
662 3769 705 3840 et
731 3765 886 3842 in'hoc
915 3761 1119 3842 iaciemus
1148 3759 1261 3863 quid·

173 3882 274 3984 quid
311 3885 567 3986 poterimus,
609 3907 704 3964 oum
733 3883 810 3999 iiio¹
828 3881 1051 3961 honestate
1081 3905 1160 3984 quo
1189 3907 1264 3980 po·

170 4004 356 4084 terimus.

522 4211 629 4278 Seor.
653 4209 764 4280 Coos.
792 4213 883 4304 nog.
908 4209 980 4279 Lib.
1002 4209 1043 4278 V.
1067 4209 1124 4280 ch.
1146 4211 1219 4282 163.
1327 4307 1331 4315 Ι
