3230 5104
435 565 488 645 Et
516 591 570 645 cx
598 589 709 644 nunc
747 573 914 668 captum
944 568 1021 656 sit,
1061 569 1173 670 quod
1216 567 1430 648 scribatur

337 687 482 766 comiti
510 697 553 764 et
580 686 801 786 capitaneo
831 687 943 766 Son
961 689 1078 767 tari
1105 698 1148 766 ct
1174 689 1264 767 aliis
1292 694 1434 766 recto·

337 807 454 886 ribus
494 808 651 886 nostris
691 808 725 886 A
743 809 755 884 1
771 806 875 886 ban
891 809 904 885 i
920 831 943 885 e
959 863 969 896 ‚
998 811 1068 910 qui
1096 809 1362 898 videbuntur,
1389 811 1432 888 in

338 929 418 1006 hac
445 927 598 1008 forma:

439 1047 618 1150 Scripsit
646 1049 768 1127 nobis
795 1049 1037 1154 nuperrime
1066 1051 1242 1129 illustris
1277 1052 1433 1130 domi·

337 1194 437 1247 nus
488 1169 819 1271 Stephanus
869 1170 978 1247 dux
1019 1174 1217 1250 sancti
1266 1173 1434 1268 Save,

336 1292 468 1369 trater
495 1299 643 1369 noster
660 1291 912 1381 carissimus,
935 1290 1200 1390 magnificum
1217 1293 1434 1374 domiuum

337 1410 817 1510 Scandcrbegum
846 1437 921 1488 sue
950 1413 1207 1492 excellentie
1242 1437 1288 1490 se
1316 1415 1435 1494 obtu-

338 1531 437 1608 lisse
465 1553 735 1609 accessurum
763 1533 813 1608 ad
853 1530 944 1608 eius
971 1531 1165 1620 favores,
1204 1533 1436 1614 dummodo

338 1651 557 1730 transitum
587 1675 665 1754 per
692 1651 952 1729 territorium
981 1660 1174 1730 nostrum
1192 1653 1351 1730 habere
1368 1679 1436 1730 ra-

340 1774 436 1860 leat;
463 1797 593 1874 quare
635 1795 731 1849 cum
773 1780 926 1850 nostro
967 1774 1144 1852 consilio
1186 1782 1437 1873 rogatorum

339 1892 459 1969 vobis
490 1893 747 1983 mandamus,
774 1897 981 1994 quatenus
1009 1895 1060 1970 ad
1088 1919 1255 1972 omnem
1296 1897 1440 1996 requi·

339 2014 535 2092 sitionam
564 2012 664 2090 dicti
692 2011 866 2090 illustris
896 2013 1053 2090 domini
1080 2015 1227 2100 ducis,
1263 2039 1439 2116 passum

338 2148 381 2213 ct
396 2133 613 2212 transitum
644 2157 722 2237 per
750 2135 1012 2212 territorium
1040 2139 1230 2214 nostrum
1247 2137 1348 2214 dare
1365 2139 1438 2214 dc·

339 2255 473 2334 beatis
510 2255 624 2332 dicto
667 2253 892 2355 magnifico
936 2256 1110 2333 domino
1150 2256 1439 2334 Scander-

337 2375 404 2453 be
423 2401 503 2476 go,
532 2379 656 2456 cundi
685 2401 780 2456 cum
808 2375 1003 2476 gentibus
1018 2377 1117 2466 suis,
1146 2378 1352 2458 ueletiam
1370 2405 1438 2456 su·

340 2499 377 2575 is
405 2497 600 2596 gentibus
629 2497 720 2574 sinc
748 2523 823 2584 eo,
851 2500 902 2576 ad
931 2498 1115 2577 subsidia
1155 2499 1339 2600 predicti
1367 2503 1439 2578 do·

339 2619 438 2700 mini
479 2617 620 2707 ducis;
659 2617 857 2695 habendo
888 2641 1059 2719 semper
1097 2623 1237 2696 tamen
1280 2617 1438 2699 bonam

341 2737 640 2815 advertentiam
683 2739 733 2814 ad
762 2737 1032 2816 securitatem
1073 2741 1206 2816 status
1247 2747 1290 2816 et
1318 2739 1440 2818 iuco-

329 2857 430 2936 'rum
459 2863 717 2935 nostrorum.

441 2979 511 3078 (ut
539 2981 651 3057 eirca
667 2979 887 3057 transitum
917 2977 1097 3060 dandum
1125 2977 1321 3078 gentibus
1344 3005 1439 3082 pre·

338 3103 461 3180 dictis
489 3125 566 3178 vos
595 3124 690 3176 cum
720 3102 876 3178 ceteris
904 3098 1149 3178 rectoribus
1175 3099 1330 3176 nostris
1360 3100 1438 3178 ΑΙ-

340 3223 365 3298 b
383 3222 535 3305 anie,
563 3241 639 3321 per
667 3241 847 3320 quorum
876 3219 1336 3304 territoriumtransire
1368 3220 1439 3298 ha·

340 3341 493 3416 herent
519 3339 756 3439 intelligere
785 3337 991 3432 debeatis.
1032 3363 1034 3367 ·

442 3459 494 3536 nt
544 3469 737 3561 preterea
786 3485 840 3539 ex
878 3483 1018 3547 nuuc,
1066 3460 1182 3562 quud
1224 3483 1304 3564 per
1354 3462 1437 3562 pri·

338 3606 447 3660 mam
475 3583 636 3681 galeam
664 3606 745 3683 quc
783 3583 1059 3684 expedietur,
1110 3583 1336 3682 collegium
1379 3585 1440 3660 Ιο-

339 3701 407 3798 qui
458 3700 586 3780 faciat·
626 3702 913 3780 communitati
966 3699 1227 3799 Ragusii,
1280 3701 1321 3778 in
1364 3701 1440 3779 ma

337 3819 476 3898 forma
504 3828 547 3900 et
585 3819 665 3898 illis
694 3819 862 3908 verbis,
905 3847 989 3924 que
1014 3823 1132 3910 dicto
1161 3821 1349 3920 collegio
1380 3823 1438 3898 vi·

335 3941 525 4020 deantur.

452 4061 562 4142 Nota
613 4063 725 4163 quod
791 4063 946 4144 additio
1001 4063 1109 4146 facta
1164 4062 1317 4142 litteris
1379 4061 1440 4138 di·

338 4183 508 4260 rectivis
565 4187 709 4262 comiti
751 4193 795 4264 et
849 4189 1070 4288 capitaneo
1128 4183 1324 4272 Scutarh
1379 4186 1439 4262 vi·
