3192 5112
1206 401 1250 480 n

361 601 506 702 laxi·
550 578 665 698 1846.
713 621 765 697 20
799 620 1047 718 Augusti

167 761 371 823 desummo
394 777 499 820 asnaa
521 763 605 835 tany
630 755 911 831 Boeaucsorrsga
925 773 1036 817 memo
1058 750 1251 818 uocsanus'c
1380 759 1384 773 '

17 877 18 884 ’
166 880 278 940 upum
302 867 809 940 yrapcnoun‚1upenopyna·rn
825 879 867 938 ny
883 863 1059 921 stravam
1083 877 1246 921 noeaouo.

259 983 401 1083 Capta:
430 985 525 1084 quia
552 983 826 1060 dominus
855 983 1037 1060 banus
1062 979 1247 1057 Bossi-

17 1191 19 1204 >
154 1127 247 1180 nae
274 1102 509 1205 perfectam
538 1101 806 1179 ditectionem
835 1111 877 1178 et
897 1125 1084 1178 umorem
1114 1109 1247 1179 osten·

154 1223 212 1302 dit
239 1225 290 1300 ad
318 1229 507 1300 nostrum
534 1221 791 1306 dominium,
820 1221 944 1298 Vadit
971 1245 1092 1323 pars,
1133 1221 1247 1324 quod

153 1365 231 1446 pro
258 1343 425 1422 bonore
453 1367 530 1420 suo
562 1351 604 1420 et
631 1347 778 1419 nostro
808 1341 1020 1420 scribatur
1047 1341 1147 1420 ciet
1175 1367 1246 1421 no·

17 1475 18 1482 '
152 1465 340 1545 tiflcetur
367 1465 418 1556 ci,
447 1463 665 1566 quomodo
708 1463 818 1540 sicut
858 1461 973 1540 novit
1013 1461 1246 1540 ambaxato·

152 1583 406 1662 resdomini
446 1582 980 1683 regisHungariue
1008 1582 1246 1659 tueruntad

152 1728 243 1800 nos,
276 1729 371 1782 cum
399 1702 549 1804 quibus
583 1726 668 1780 nou
709 1703 897 1779 valentes
938 1725 1030 1778 esse
1069 1709 1245 1779 concor·

152 1825 238 1912 des,
266 1827 434 1903 tandem
463 1825 514 1901 ad
541 1822 776 1902 instantiam
806 1831 847 1898 et
875 1825 1108 1900 suasionem
1136 1825 1245 1926 ipso·

152 1969 243 2022 rum
287 1943 628 2036 ambassatorem,
656 1951 844 2022 nostram
886 1943 1146 2020 ambaxatam
1174 1943 1243 2018 do·

154 2069 265 2144 mino
321 2066 409 2166 regi
464 2065 704 2164 Hungariae
745 2067 912 2143 mittere
966 2062 1242 2154 decrevimus,

153 2185 265 2287 quod
295 2187 333 2262 ei
360 2191 507 2264 notum
536 2209 628 2262 esse
669 2185 889 2290 volumus,
931 2192 1139 2285 tamquam
1173 2181 1245 2260 ho·

17 2323 19 2392 ξ
153 2305 330 2382 norabiii
360 2313 402 2382 et
429 2305 658 2407 praecipuo
689 2305 825 2383 amico
853 2313 1014 2395 nostro,
1048 2309 1245 2402 rogantes

17 2425 19 2514 ξ
152 2433 195 2504 ut
235 2425 346 2503 sacta
385 2431 530 2502 nostra
571 2427 871 2504 recomeudata
910 2421 1169 2510 habeat;‘et
1209 2423 1243 2498 si

17 2539 19 2554 ’
152 2552 349 2623 cerneret
386 2543 572 2635 videret,
627 2547 741 2646 quod
786 2569 865 2648 per
904 2568 982 2622 nos
1021 2542 1112 2620 fieri
1154 2557 1244 2644 pos·

17 2731 18 2774 ᾗ
151 2674 213 2744 set
240 2665 305 2741 vet
334 2663 510 2743 deberet
537 2665 716 2766 aliquid,
743 2665 1001 2743 ittud‘omni
1048 2673 1242 2765 temporo

17 2779 19 2812 '
153 2785 295 2864 libenti
336 2783 472 2862 animo
510 2785 722 2863 faciemus.
776 2785 829 2862 nt
867 2786 980 2862 circa
1008 2785 1085 2862 ista
1112 2787 1267 2861 verba.

149 2904 358 2985 scribatur
385 2907 508 2985 etiam
538 2907 720 2986 fratri
763 2905 1114 3006 Peregrino.

678 3027 783 3094 secr.
806 3028 898 3115 nog.
924 3025 997 3090 nis.
1022 3024 1047 3088 ι.
1070 3031 1123 3088 cn.
1147 3027 1198 3092 sa

174 3129 345 3225 LXII·
387 3151 499 3228 1346.
529 3147 636 3226 ind.
674 3147 763 3228 XV.
804 3155 827 3228 3
864 3145 1206 3250 Septembris.

151 3285 353 3344 διιιιοςοιιο
377 3303 638 3365 uporeoruparn
663 3305 818 3364 onerans
835 3277 1031 3349 coronaeus
1057 3303 1138 3346 nese
1161 3303 1240 3361 rsp-

149 3391 247 3464 Αηιή,
271 3405 343 3447 noro
367 3405 472 3450 aneas
497 3393 742 3452 Koucrauruun
767 3411 845 3464 suaa
870 3409 1046 3468 oporaouo
1074 3406 1239 3466 yrosopy.

252 3505 394 3610 Capta:
423 3509 536 3610 quod
564 3510 772 3590 scribatur
811 3511 1116 3612 Stephano
1145 3533 1240 3582 no·

148 3627 303 3704 tario
343 3635 505 3719 nostro,
533 3628 642 3708 istud
679 3629 791 3730 quod
819 3631 1022 3708 habemus
1050 3629 1101 3706 de
1130 3627 1240 3704 novi·

145 3754 229 3825 tate
257 3747 509 3848 quemfecit
557 3774 755 3828 comes
796 3748 1239 3840 Constantinus,

146 3865 185 3944 in
212 3866 526 3956 rebedificando
554 3869 653 3948 illud
686 3880 867 3952 castrum
897 3871 1235 3950 contraiormam

145 3998 378 4092 pactorum,
406 4015 515 4093 quae
540 3991 740 4070 babemus
770 4019 865 4072 oum
894 3993 986 4095 ipso
1015 3993 1235 4071 comite

145 4109 380 4213 Netip'tio
409 4117 561 4214 patruo
589 4137 677 4189 suo.
703 4113 755 4191 nt
782 4112 896 4214 quod
925 4121 1124 4217 procuret
1152 4119 1233 4191 tam

17 4241 18 4248 '
147 4232 254 4334 apud
298 4233 570 4312 comitem
611 4233 935 4314 «Iohannem
979 4233 1231 4314 tiliumcon·
