3230 5104
313 555 435 610 nam
462 531 601 608 olim
632 529 901 616 llossine,
929 531 1230 610 monasterium
1260 533 1416 610 Sanc·

313 651 349 728 ti
392 649 686 750 Stephani
730 673 866 751 prone
909 671 1055 726 muros
1085 649 1206 728 istius
1235 649 1416 730 civitatis

313 777 459 852 nostre
499 767 734 846 inhabitare
752 825 761 856 ,
791 769 1119 870 compluresque
1164 769 1238 846 lio
1255 791 1274 844 s
1289 795 1314 846 n
1330 791 1354 846 e
1371 793 1417 844 u·

273 889 277 898 '
311 909 405 964 ses
433 909 513 966 nec
542 911 626 964 nnn
654 875 963 985 ilungaros
1005 888 1250 966 visitationis
1283 887 1419 986 grstia

312 1005 361 1084 ad
391 1007 502 1084 iliam
530 1029 635 1108 sepe
662 1009 886 1097 accedere,
916 1029 999 1107 que
1032 1030 1104 1084 res
1133 1006 1254 1084 nobis
1283 1019 1324 1084 et
1350 1033 1418 1084 su·

312 1125 499 1228 spiciesa
540 1133 583 1202 et
630 1127 870 1228 periculosa
901 1127 1088 1205 ridetur.
1131 1125 1417 1226 Quamobrem

311 1246 433 1326 robis
462 1273 557 1325 cum
586 1259 732 1326 nostro
762 1258 1007 1348 rogatorum
1033 1249 1215 1328 consilio
1243 1271 1418 1349 respon·

311 1367 455 1445 dentes
483 1365 675 1455 dicimus,
704 1393 780 1446 nos
806 1369 999 1448 statuisse
1026 1369 1139 1446 illam
1169 1366 1265 1444 inde
1286 1365 1417 1444 omni·

252 1541 262 1556 .
312 1509 366 1562 na
395 1509 604 1566 amovere.
634 1491 794 1567 Verum
824 1497 868 1568 ut
895 1489 1035 1589 aliquo
1065 1487 1247 1566 honesto
1286 1489 1417 1564 moda

312 1606 395 1684 hoc
424 1605 564 1684 lacere
592 1608 1033 1698 rideamurvolumus,
1061 1613 1291 1708 utcaplalo
1315 1612 1417 1682 lem·

313 1748 419 1826 'aare
460 1732 502 1802 et
531 1733 687 1825 quanto
730 1727 863 1808 cicius
907 1727 1049 1804 iacere
1090 1725 1311 1828 poteritis,
1338 1749 1419 1806 sua

311 1865 405 1922 cum
433 1845 660 1925 serenitate
689 1867 785 1926 esse
812 1846 1029 1932 debeatis,
1067 1847 1213 1947 illique
1255 1846 1418 1932 dicere,

312 1992 391 2046 nas
417 1970 474 2048 ob
503 1967 726 2059 novitates,
754 1991 836 2069 que
865 1967 955 2046 istis
991 1969 1030 2046 in
1060 1965 1250 2070 partibus
1284 1967 1420 2054 luere,

312 2086 574 2166 intellexisse
601 2111 719 2164 suam
760 2085 1031 2166 serenitatem
1061 2109 1144 2166 non
1174 2086 1335 2166 babere
1370 2087 1418 2162 il·

314 2205 375 2286 las
404 2206 731 2286 commoditates
760 2215 814 2284 et·
830 2204 1010 2284 maxime
1038 2203 1199 2292 rietus,
1239 2228 1343 2306 qrras
1372 2204 1417 2282 il-

313 2323 394 2402 lam
421 2323 583 2404 babere
609 2325 829 2406 vellemus.
855 2325 907 2406 m
933 2324 973 2404 in
1003 2323 1096 2404 aliis
1119 2323 1359 2404 civitatibus
1374 2333 1420 2402 et

312 2445 419 2522 toris
447 2445 602 2522 nostris
630 2443 820 2524 liaberet.
853 2443 958 2524 Ideo
996 2467 1075 2548 pro
1094 2447 1419 2526 ¹commoditate

311 2589 385 2644 sua
413 2566 623 2653 statuisse,
652 2565 865 2668 qundaut
901 2563 1236 2646 Sibinieum
1274 2565 1418 2644 autin

312 2684 538 2787 quamlibet
566 2685 686 2762 aliam
703 2685 929 2766 insularum
946 2711 1019 2766 seu
1038 2686 1232 2764 locorum
1249 2693 1418 2766 nostro·

313 2829 403 2882 rum
431 2805 768 2892 maritimorum,
808 2805 879 2908 qui
916 2829 991 2884 sua
1029 2805 1247 2896 serenitati
1283 2807 1418 2904 magis

311 2925 522 3027 placuerit
550 2945 597 3000 se
626 2924 818 3026 recipiat.
848 2925 899 3004 tlt
928 2950 1021 3004 cum
1045 2927 1175 3006 biset
1203 2927 1295 3006 aliis
1324 2951 1417 3006 ver·

314 3042 389 3134 aa.
417 3068 499 3144 que
527 3051 671 3124 vestre
698 3044 921 3146 prudentie
961 3043 1216 3124 ridebuntur
1249 3046 1416 3124 curabi-

313 3165 376 3254 tis,
404 3167 518 3265 quod
548 3165 671 3242 istinc
699 3146 1101 3252 omnino'recedst,
1135 3163 1230 3265 quia
1257 3163 1321 3242 sic
1350 3171 1418 3242 est

309 3287 476 3387 penitus
504 3283 677 3362 intenlio
707 3291 865 3362 nostra.
898 3283 1031 3380 Quam
1065 3290 1252 3362 nostram
1282 3283 1417 3361 inten-

313 3405 470 3481 tionem
500 3404 614 3480 cmni
646 3411 784 3482 vestra
813 3404 1066 3482 dexteritate
1108 3413 1150 3482 et
1188 3404 1418 3504 prudentia

312 3527 464 3624 exequi
480 3521 698 3615 studeatis,
727 3549 779 3599 ae
800 3523 1018 3601 videamur
1046 3523 1181 3624 aliqua
1210 3524 1420 3626 suspicio·

312 3667 364 3724 ne
392 3645 466 3722 sed
508 3637 652 3746 potius
692 3669 766 3720 sua
804 3641 1106 3724 commoditate
1135 3643 1246 3721 illam
1276 3667 1330 3720 ex
1358 3641 1428 3724 eo'

313 3767 410 3842 loco
440 3787 652 3842 amovere.

414 3887 632 3984 Preterea,
663 3886 756 3988 quia
786 3885 955 3964 omnino
984 3885 1269 3982 intendimus,
1299 3887 1426 3984 quand

313 4008 461 4090 civitas
503 4009 580 4088 istu
619 4013 766 4084 trustra
805 4013 1027 4109 scarpetur
1062 4015 1105 4085 et
1141 4003 1427 4098 lortifieetur,

313 4129 665 4231 quemadmodum
697 4127 773 4204 ista
802 4127 1046 4208 fidelissima
1075 4124 1314 4206 comanitas
1341 4149 1430 4208 no·
