3220 5118
1139 443 1205 511 5³9

10 647 21 736 ‘.
112 653 153 734 ci
169 655 319 742 nostri,
349 661 498 732 contro
514 657 650 732 terras
673 657 715 726 et
730 649 826 727 ioca
852 655 997 728 nostro
1025 653 1205 753 portium

10 847 11 858 ,
112 771 382 857 Albaniae,
400 781 442 850 et
457 771 569 848 uuiio
584 768 638 848 cit
652 768 806 847 melior
819 771 1009 873 provisio
1026 774 1077 850 od
1095 773 1208 850 obvi-

113 893 265 974 undum
302 915 572 995 stroeprovne
615 887 851 976 intentioni,
870 915 994 992 quam
1024 913 1207 994 querere
1286 880 1290 888 ’

10 1075 11 1092 ,
113 1013 205 1094 eius
219 1022 402 1092 mortem
430 1033 690 1114 peromnem
706 1012 879 1088 modurn
896 1019 938 1089 et
953 1013 1061 1090 viam
1078 1014 1206 1115 possi·

113 1135 254 1222 bilem,
269 1133 381 1214 vadit
396 1157 504 1237 pars:
533 1131 647 1235 quod
674 1130 896 1210 mandetur
925 1134 1069 1212 comiti
1086 1143 1129 1213 et
1150 1161 1212 1214 cn

111 1255 283 1360 pitoneo
312 1263 459 1333 nostro
489 1251 670 1338 Scutari,
699 1251 765 1328 vel
794 1253 1034 1331 successori
1063 1279 1139 1330 siro
1169 1263 1211 1332 et

111 1377 328 1478 provisori
355 1379 503 1452 nostro
531 1373 708 1460 ibidem,
745 1374 858 1474 quod
886 1373 919 1451 si
947 1373 1026 1452 sibi
1053 1375 1210 1453 videbi·

112 1503 210 1584 tur,
245 1495 427 1576 debeant
456 1493 666 1574 reducere
708 1491 844 1569 stef
854 1515 875 1568 a
892 1517 915 1568 n
932 1519 958 1569 u
975 1517 1013 1570 m
1043 1491 1086 1570 Μ
1101 1519 1124 1570 a
1140 1518 1161 1571 r
1176 1516 1211 1570 a·

112 1625 334 1704 monte,
375 1618 619 1695 attinentem
647 1615 749 1694 dicti
788 1613 1014 1703 Baisae,
1057 1615 1207 1717 quod

10 1753 12 1832 ἢ
112 1739 205 1817 det
248 1737 447 1817 dictum
491 1735 697 1815 Boisom
733 1735 779 1814 in
809 1737 1049 1817 manibus
1078 1735 1213 1814 nostri

10 1869 12 1888 “
113 1859 455 1945 dominiiaut
482 1858 650 1938 iaciat
677 1857 849 1962 ipsum
878 1859 1026 1946 mori,
1043 1859 1210 1960 promit·

10 2015 12 2062 τ
113 1977 244 2056 tendo
273 1977 378 2066 sibi,
420 1980 535 2080 quod
564 1979 797 2058 dominatio
826 1987 968 2056 nostro
994 1976 1073 2054 sibi
1100 1976 1212 2054 dabit

112 2123 242 2179 omne
270 2099 492 2184 auxilium,
521 2109 566 2179 ut
593 2102 790 2203 aquirere
818 2101 955 2202 possit
982 2107 1024 2176 ct
1052 2097 1211 2175 habere

113 2219 346 2299 dominium
375 2219 670 2320 Duicigni,
713 2217 1211 2306 Antibarissudue

10 2387 12 2412 ι
115 2351 158 2421 ct
188 2341 367 2420 oliorum
396 2342 623 2438 iocorum,
667 2343 805 2443 quiin
835 2341 1045 2443 praesenti
1079 2342 1211 2443 possi·

115 2461 271 2542 dentur
297 2485 375 2564 per
410 2459 632 2544 Balsom,
662 2484 685 2537 a
712 2461 869 2539 Boiano
901 2465 1017 2550 citro,
1046 2467 1088 2540 et
1115 2461 1214 2540 uite·
1318 2503 1324 2524 ι

11 2631 14 2690 t
116 2579 394 2660 riusducatos
424 2586 605 2682 quotuor
631 2571 773 2660 miliia.
803 2577 848 2658 Si
865 2587 1003 2658 autem
1032 2579 1214 2684 proedic-

12 2695 15 2811 ⁵,
117 2705 172 2781 tis
199 2699 359 2780 nostris
386 2700 628 2780 rectoribus
650 2701 900 2806 perdicium
930 2704 1101 2780 modurn
1130 2727 1214 2778 non

14 2835 16 2908 ζ
117 2822 340 2901 videretur
366 2847 495 2927 posse
537 2823 736 2900 obtinere
765 2823 918 2902 dictam
947 2833 1130 2900 nostram
1159 2823 1213 2900 in·

15 2939 17 3000 ἲ
117 2942 379 3026 tentionem,
408 2939 588 3020 debeant
615 2941 715 3021 dicti
744 2952 937 3020 rectores
964 2942 1065 3020 dore
1093 2940 1215 3018 taie-

119 3087 201 3144 am
248 3061 605 3140 ducatorum
647 3061 1062 3140 octomiiiium
1104 3061 1216 3139 dicto

18 3223 21 3290 3
118 3183 352 3274 Boione,
396 3183 452 3260 ita
494 3185 608 3286 quod
637 3182 878 3285 quicunqne
920 3209 1016 3262 eum
1054 3183 1218 3262 dederit

121 3305 164 3381 in
180 3301 361 3382 forciam
377 3309 564 3382 nostrum
579 3301 732 3389 vivum,
750 3303 928 3381 anteum
945 3303 1219 3394 interfecerit,

123 3423 281 3502 h‘abeot
307 3423 436 3526 ipsam
477 3425 655 3511 ‘taleam
699 3431 741 3501 et
768 3423 949 3505 debeant
975 3427 1056 3529 ipsi
1084 3433 1220 3504 recto·

124 3569 196 3620 res
229 3543 271 3620 in
299 3543 407 3622 iocis
435 3545 666 3632 Albaniae,
708 3545 852 3624 facere
895 3545 1037 3647 ipsam·
1067 3545 1219 3624 taleam

126 3661 281 3741 oridnri
311 3671 353 3742 et
388 3663 682 3766 publicarint
711 3665 873 3743 cunctis
909 3665 1128 3744 manifesta
1156 3664 1222 3743 sit.

26 3873 27 3876 Ἴ
125 3785 308 3888 iusuper
336 3787 460 3862 detur
489 3784 660 3865 libertos
691 3787 900 3887 collegio,
937 3813 1068 3892 posse
1095 3787 1221 3892 prati·

128 3929 227 3984 cere
256 3928 351 3982 curn
380 3906 462 3985 iilis
476 3907 687 4012 personis,
716 3929 822 4008 quae
849 3907 926 3984 sibi
953 3908 1220 4001 videbuntur,

28 4041 30 4122 ξ
127 4033 171 4104 nt
206 4027 490 4130 suprascripta
543 4031 686 4104 nostro
740 4025 917 4109 intentio
972 4028 1126 4109 habeat
1166 4029 1220 4108 ei·

128 4145 297 4227 iccium.

231 4267 313 4349 Ser
354 4267 706 4348 ieronimus
749 4268 1220 4368 Conterenovuit:

33 4409 34 4418 ‘
130 4391 233 4493 Quia
249 4393 358 4470 sicut
372 4389 641 4471 manifestum
671 4399 736 4468 est
764 4391 957 4472 civitas
984 4391 1222 4470 Driresti

957 4513 1018 4584 34*
