3230 5104
1218 386 1285 452 459
1364 436 1367 442 .

189 591 322 670 nostri
349 589 524 688 majoris
539 587 703 668 consilii
720 588 961 693 recepimus
987 595 1114 692 utque
1131 590 1283 694 recipi·

185 719 296 802 mus,
317 718 358 788 et
386 711 439 788 de
468 715 614 786 nostro
643 709 795 807 majori
827 708 1010 786 consilio
1040 709 1275 788 fecimuset

189 827 377 920 iacimus,
406 840 531 934 atque
548 854 628 934 pro
645 831 787 909 nobile
815 839 856 910 et
882 833 935 909 dc
958 854 1135 910 numero
1164 830 1278 910 nobi·

188 949 287 1028 lium
303 953 437 1029 nostri
461 950 635 1048 majoris
653 949 819 1028 consilii
833 949 872 1028 in
887 949 1077 1029 Venetiis
1102 955 1281 1028 etenira

188 1069 360 1150 ubilibet
376 1095 469 1148 esse
485 1071 677 1148 volumus
693 1079 735 1148 et
761 1070 945 1158 tractari,
961 1069 1097 1176 ipsum
1108 1071 1279 1149 sincere

191 1191 477 1270 benivolentie
506 1190 692 1270 brachiis
718 1193 1018 1295 amplexantes,
1048 1191 1282 1269 etlirmiter

190 1317 437 1400 statuentes,
467 1313 580 1415 quod
609 1312 768 1391 eisdem
799 1313 1087 1401 libertatibus,
1131 1311 1281 1390 beneti-

194 1433 284 1524 ciis,
312 1431 546 1512 bonoribus
573 1439 615 1513 ct
642 1434 993 1521 immunitatibus,
1022 1435 1175 1537 quibus
1209 1433 1280 1514 alii

190 1555 305 1633 cives
348 1563 391 1632 et
432 1554 598 1633 nobiles
650 1558 786 1635 nostri
828 1555 879 1632 de
928 1565 1073 1633 nostro
1128 1553 1280 1653 majori

185 1675 362 1755 consilio
391 1676 575 1776 gaudent
604 1684 647 1752 et
662 1675 823 1781 perfrui
851 1676 1168 1776 dignoscuntur,
1185 1701 1279 1778 pre·

187 1797 294 1875 latus
330 1797 502 1876 illustris
543 1796 738 1875 dominus
768 1797 851 1875 dux
894 1795 1092 1874 Stefanus
1135 1821 1183 1874 ac
1213 1797 1279 1872 sui

187 1917 257 1996 lilii
287 1927 328 1996 ct
356 1918 540 1996 heredes
568 1917 759 2020 predicti,
787 1920 828 1995 in
853 1916 1060 2004 Veneliis,
1090 1921 1134 1994 el
1160 1921 1279 1992 extra

188 2042 346 2140 ubique
375 2041 569 2118 locorum
598 2037 841 2142 plenissime
881 2039 1090 2138 gaudeant
1131 2059 1277 2142 perpe-

191 2168 263 2238 tuo
293 2171 335 2238 et
375 2167 557 2250 utentum
584 2162 706 2238 nobis
749 2185 922 2263 quoque
956 2160 1068 2237 idem
1110 2159 1278 2238 illustris

184 2280 378 2359 dominus
421 2281 619 2358 Steianus
671 2304 750 2385 per
790 2277 1175 2380 magnificum
1229 2277 1278 2354 D.

183 2400 1093 2480 Vlatchumliliunrsuumac...
1138 2407 1277 2477 orato·

185 2547 253 2601 res
282 2533 324 2602 et
357 2527 523 2601 nuntios
564 2525 750 2621 ejusdem
786 2527 835 2603 ad
877 2503 1094 2621 evangelia
1135 2525 1280 2600 sancta

183 2643 252 2722 dei
278 2644 527 2723 solemniter
555 2643 764 2722 fidelitatis
792 2645 981 2722 debitum
1011 2643 1198 2744 prestitit
1214 2643 1278 2739 Ju-

184 2773 432 2850 ramentum,
461 2763 508 2842 ln
537 2789 717 2867 quorum
754 2761 1095 2851 omniumlidem,
1123 2771 1167 2841 et
1195 2749 1289 2840 evi?

183 2881 365 2960 dentiam
393 2883 632 2986 pleniorem
662 2905 838 2987 presens
878 2883 1143 2984 privilegium
1186 2882 1278 2958 lieri
1413 2905 1430 2978 J

176 3004 377 3100 J'ussimus
408 3012 450 3082 el
478 3005 590 3081 bulla
617 3011 761 3083 nostra
790 3026 914 3081 aurea
943 3003 1153 3108 pendente
1195 3026 1277 3078 mu-

185 3123 278 3202 niri.
316 3125 467 3202 Datum
510 3124 550 3200 iu
586 3131 733 3203 nostro
774 3123 910 3202 ducali
950 3123 1124 3226 palatio,
1166 3144 1275 3200 anno

188 3243 399 3324 dominice
455 3245 749 3324 incarnationis
796 3241 1070 3325 MCCCCLV.
1125 3241 1191 3318 dic
1218 3241 1278 3319 XI

168 3362 439 3444 ‘Novembris
467 3365 698 3446 indictione
734 3373 894 3467 quarta.

624 3577 826 3586 --m

289 3715 433 3799 Simile
461 3719 727 3825 privilegium
755 3721 910 3798 iactam
928 3719 1005 3799 iuit
1025 3717 1175 3796 illustri
1203 3713 1277 3794 do·

188 3842 322 3919 mino
362 3841 649 3921 Vladisavo
694 3841 868 3920 illustris
917 3839 1078 3918 domini
1117 3839 1279 3917 ducis

187 3943 420 4040 Stefanl
455 3959 649 4039 sancti
683 3959 823 4037 Save
853 3957 1005 4048 filio,
1034 3957 1101 4035 die
1128 3955 1280 4036 xxvl.

187 4081 407 4162 Februarii
438 4083 548 4162 aloa.

660 4234 979 4304 Commemoriale
1002 4233 1091 4302 xlv.
1115 4232 1236 4296 clnl72

1005 4337 1066 4401 12*
