3212 5116
1190 393 1257 458 17⁷

163 617 230 683 en,
257 593 468 695 qnondam
495 591 652 673 domini
680 591 884 678 Gabrieiie
899 603 940 675 et
956 593 1046 676 aliie
1064 595 1256 702 pinribue

163 713 353 792 testibus.
408 712 513 792 (inm
541 712 734 792 dominns
758 713 786 792 J
800 739 825 792 n
842 739 934 792 rae
960 717 1000 794 Y
1015 744 1035 794 e
1051 741 1075 794 e
1090 727 1147 796 te
1184 719 1256 798 flii·

165 861 211 912 ne
245 837 464 938 -qnnndam
493 833 617 914 Helie
663 835 716 912 de
744 833 884 924 naxia,
926 839 1176 917 castellanus
1215 839 1256 916 in

16 965 17 1004 ³
163 965 304 1036 cantro
330 955 555 1036 Scardone
583 981 662 1060 pro
690 959 942 1036 aerenieimo
979 959 1149 1038 domino
1179 961 1254 1038 do·

163 1079 277 1156 mino
307 1077 602 1181 Stephano
639 1079 1001 1180 imperatore
1029 1079 1255 1176 flexiae,

165 1197 360 1276 habuerit
382 1199 422 1276 in
453 1197 654 1276 mandatis
683 1223 705 1274 a
734 1198 847 1278 dieto
882 1199 1051 1278 domino
1080 1203 1256 1304 impera·

166 1327 261 1399 tore
292 1322 382 1417 ejus
411 1317 595 1409 domino,
624 1344 720 1397 enm
748 1317 826 1397 sibi
857 1322 1143 1399 committeret
1167 1347 1255 1400 nne·

16 1491 17 1512 ἦ
165 1440 322 1520 todiam
350 1441 450 1520 dieti
480 1443 607 1520 castri
635 1438 882 1527 scampno,
924 1443 1040 1545 qnod
1066 1442 1103 1519 ei
1132 1467 1253 1522 caena

164 1565 420 1640 occurreret
460 1559 574 1662 quod
616 1560 728 1662 ipene
770 1559 962 1638 dominus
1000 1559 1256 1638 dn'rasee

163 1706 247 1760 non
275 1688 423 1785 posset
450 1687 624 1770 tenere,
652 1703 823 1780 regere,
852 1687 895 1758 et
920 1681 1083 1760 salvare
1112 1706 1162 1760 ae
1189 1681 1256 1760 de·

163 1803 339 1880 tendere
373 1801 530 1890 dietum
585 1807 769 1880 castrum
822 1799 1043 1882 Scardone
1085 1803 1256 1882 nomine

164 1921 264 2002 dieti
291 1922 448 2000 domini
483 1921 773 2022 imperatoris,
803 1922 917 2022 qnod
946 1921 1037 2025 ipee
1078 1924 1258 2001 deberet

163 2041 320 2120 dictum
375 2047 557 2122 anstrum
590 2063 754 2144 ponere
783 2051 826 2118 et
853 2041 955 2120 dare
983 2041 1024 2119 in
1067 2040 1255 2120 manibus

16 2181 18 2192 ⁴
163 2161 459 2244 dominationis
488 2171 531 2242 et
557 2162 745 2240 comunis
770 2163 1174 2262 venetiarum,
1204 2164 1257 2241 de

16 2321 18 2374 ε
164 2309 244 2386 qua
271 2283 557 2362 dominatione
592 2283 877 2386 plenissimam
905 2283 1032 2362 iidem
1072 2285 1258 2364 habebat

16 2401 17 2420 ¹
163 2404 275 2482 idem
302 2402 498 2480 dominns
537 2405 783 2506 imperator,
810 2402 1035 2483 tenendum
1077 2403 1253 2482 custodi·

164 2523 319 2602 endum
348 2530 391 2602 et
430 2523 670 2601 salvandum
712 2547 791 2626 per
831 2525 963 2627 ipsam
1006 2522 1251 2602 dominatio·

16 2619 18 2732 Ϊ
164 2667 281 2733 nem,
309 2641 477 2722 nomine
505 2643 605 2722 dieti
633 2645 790 2722 domini
817 2643 1094 2746 imperatorie,
1122 2649 1166 2720 et
1192 2666 1255 2720 ca·

16 2777 18 2866 t
159 2773 232 2842 'sue
286 2764 602 2868 presentialiter
642 2767 768 2846 instet
795 2765 913 2849 tatis,
941 2763 1057 2867 quod
1099 2764 1253 2844 dietum

166 2887 347 2960 castrum
376 2883 466 2986 ipee
495 2885 747 2963 castellanus
774 2883 964 2961 dominus
991 2881 1173 2962 duraxes
1201 2891 1256 2963 te·

164 3027 268 3082 nere
309 2991 542 3084 defendere
570 3011 613 3082 et
638 3005 802 3083 salvare
838 3029 922 3082 nnn
950 3009 1094 3108 potest
1125 3006 1254 3084 nomi·

165 3149 218 3204 ne
245 3124 346 3204 dieti
374 3122 534 3202 domini
561 3123 844 3226 imperatoris,
872 3131 1051 3228 propter
1077 3123 1255 3228 potenti·

166 3271 228 3324 am
252 3245 481 3360 domini
521 3247 684 3343 regie
730 3245 1133 3345 Hnngarie,et
1159 3269 1254 3345 gen·

164 3367 215 3444 tis
243 3369 348 3466 eine,
376 3391 458 3468 qne
485 3366 616 3444 estin
643 3375 782 3446 nestro
812 3364 970 3443 Clise
986 3368 999 3444 i
1016 3391 1054 3453 e,
1078 3389 1254 3467 queren·
1283 3393 1284 3399 ¹

166 3489 216 3564 tie
244 3494 288 3566 et
314 3485 495 3564 volentia
524 3509 736 3590 occupare
751 3488 910 3567 dietum
928 3491 1110 3565 castrum
1137 3483 1257 3562 Scar-

164 3606 275 3685 done
304 3605 475 3684 nomine
503 3606 661 3686 domini
689 3607 805 3707 regie
832 3605 1059 3704 Hungarie,
1088 3611 1129 3682 et
1156 3604 1254 3682 ideo'

165 3729 359 3807 dominns
386 3727 568 3806 duraxes
596 3729 847 3808 castellanus
874 3724 1091 3830 predictus
1120 3725 1255 3804 eonsi-

16 3881 17 3884 ‘
164 3850 316 3926 derans
344 3854 387 3925 et
413 3847 558 3925 videns
587 3875 636 3929 ac
666 3871 931 3950 cognoscens
975 3846 1114 3936 clare,
1141 3846 1254 3946 quod

166 3995 249 4048 nnn
277 3977 485 4072 possetne
509 3977 552 4048 et
579 3973 736 4050 dietum
766 3975 947 4048 castrum
975 3967 1026 4044 ab
1055 3968 1255 4070 ipeagen·

16 4079 17 4158 ὲ
167 4097 206 4168 te
233 4090 333 4170 dieti
361 4091 517 4171 domini
544 4089 657 4190 regis
699 4087 914 4187 Hungarie
955 4085 1186 4165 defendere
1214 4091 1257 4160 et

16 4241 18 4332 p
167 4213 331 4290 salvare
358 4214 527 4292 nomine
555 4211 656 4292 dieti
692 4209 850 4290 domini
895 4207 1186 4307 imperatoris,
1215 4213 1258 4284 et

16 4351 18 4366 ,
993 4329 1054 4395 12*
