3224 5110
251 591 564 696 ODLXXV.
594 611 984 812 apsazzpuur,
1015 613 1124 693 rna.
1152 611 1241 694 xv.

660 758 724 812 eu
741 741 796 813 et
853 761 888 814 a.

200 929 318 1004 Maipa
344 945 408 1000 mm
431 930 586 988 Mauram
611 922 781 1006 uorap'bye
811 945 1027 1004 xpneoayam,
1051 943 1124 988 nora
1150 945 1167 986 a
1191 945 1293 1004 epau.

222 1033 336 1090 Ουτοι
366 1049 515 1108 papoaan
552 1033 844 1092 aaaereaaaataua
872 1035 1072 1108 Byaarnuuy,
1094 1034 1228 1110 Bapany
1253 1051 1271 1090 u

579 1137 679 1212 lOplo
705 1136 911 1226 Byuaahnua.

159 1371 163 1382 .
304 1299 587 1382 Confirmatio
605 1303 824 1402 cujusdam
849 1303 1060 1406 privilegii
1076 1304 1183 1383 iacta
1204 1305 1294 1380 Vu-

202 1421 365 1502 chasini
397 1428 441 1498 et
469 1423 629 1502 ceteris
656 1422 728 1501 hic
756 1425 932 1502 iuferius
959 1424 1179 1502 annotatis.

301 1541 640 1622 Francicus
680 1543 928 1622 Fuscari
957 1543 1022 1621 dei
1050 1545 1182 1639 gratia
1210 1543 1295 1622 dux

200 1666 472 1744 venetiarum
501 1673 569 1746 etc
597 1663 815 1755 universis,
843 1663 885 1746 et
906 1667 1078 1767 singulis
1108 1669 1158 1746 ad
1187 1691 1295 1768 quoa

152 1803 156 1810 ⁴
200 1795 426 1889 presentes
452 1791 726 1890 pervenerint
766 1789 1029 1876 denotamus,
1070 1789 1293 1891 quodpro

201 1911 319 2004 parte
346 1906 529 1985 fidelium
559 1916 803 1988 nostrorum
834 1911 871 1986 V
887 1935 912 1985 u
929 1908 1134 1986 chasia
1151 1907 1178 1999 i,
1206 1909 1241 1985 B
1257 1933 1295 1985 a·

202 2027 346 2118 rani,
385 2033 428 2104 et
467 2025 637 2107 Jurai
679 2027 1026 2121 Vueheichi‚
1055 2029 1177 2107 nobis
1220 2027 1297 2105 fuit

200 2151 487 2249 presentatum
529 2147 741 2249 quoddam
782 2149 1051 2251 privilegium
1092 2148 1294 2252 scriptum

201 2267 253 2344 in
284 2265 482 2366 lingna
511 2267 737 2366 setara,
768 2269 882 2369 quod
912 2265 1295 2346 eiseoncessuse·

199 2387 450 2465 renissimus
477 2387 669 2466 dominus
712 2389 750 2466 H
768 2391 971 2485 ostoja
1013 2389 1151 2466 olim
1195 2411 1296 2464 rex

200 2505 279 2585 no
295 2533 315 2584 s
331 2507 420 2585 siu
440 2535 477 2587 e.
503 2508 587 2588 Nos
615 2515 753 2586 autem
782 2509 869 2587 visa
897 2509 1153 2588 continentia
1194 2508 1306 2592 dieti¹
1332 2571 1333 2576 a

205 2629 437 2732 privilegii,
479 2633 591 2731 quod
640 2631 803 2710 traduci
844 2629 1022 2710 fecimus
1063 2632 1116 2709 de
1158 2631 1295 2730 lingua

202 2751 341 2829 solave
369 2751 409 2827 in
451 2751 629 2850 linguam
670 2751 875 2840 italicam
914 2753 1106 2829 volentes
1143 2751 1295 2856 suppli·

202 2869 438 2950 rationibus
473 2871 685 2950 dictorum
712 2880 959 2950 nostrorum
1000 2871 1187 2949 fidelium
1216 2873 1297 2950 eiu.

200 3000 367 3069 menter
394 3013 594 3084 annuere,
622 3017 717 3070 eum
734 2999 883 3070 nostro
913 2991 1108 3090 collegio·
1131 3015 1185 3070 ex
1200 3015 1295 3070 auc·

204 3114 373 3192 toritate
400 3112 479 3189 eibi
507 3113 708 3194 attributa
736 3137 760 3190 a
787 3121 936 3192 nour-0
968 3112 1149 3191 censitio
1179 3135 1297 3212 ruga·

203 3238 356 3322 torum,
396 3231 725 3336 approbavimus
764 3240 808 3312 et
834 3231 1174 3312 confirmavimus
1211 3232 1295 3309 wdic·

204 3362 289 3433 tum
317 3355 595 3458 privilegium,
624 3365 752 3459 prout
779 3353 850 3434 hie
891 3355 1066 3433 iuferius
1101 3357 1217 3452 jacet
1244 3355 1293 3430 ad

206 3476 379 3563 literam,
407 3476 617 3557 videlieet:
1035 3516 1038 3524 f

305 3597 354 3674 ln
395 3617 520 3674 nome
554 3597 621 3675 dei
662 3595 795 3700 padre
835 3604 878 3676 et
905 3595 973 3675 dei
1003 3594 1118 3695 figlio
1159 3601 1201 3671 et
1227 3594 1296 3672 del

204 3717 355 3820 spirito
383 3723 533 3796 saneto
561 3721 710 3800 Amen.
737 3715 815 3793 Nui
840 3717 988 3816 signor
1028 3715 1297 3813 Hostoya

206 3861 284 3939 per
324 3838 362 3914 la
402 3837 536 3937 gratia
576 3837 629 3917 de
669 3839 740 3916 dio
783 3861 843 3913 re
890 3839 958 3914 de
1012 3837 1296 3922 Bosna,de

207 3955 1227 4057 Chumsehazemgiimmaritimade
1257 3955 1296 4033 le

206 4078 690 4181 iuferiorparta,
726 4075 1176 4166 deUsora,.Soli,
1219 4075 1295 4153 ro·

207 4196 1296 4278 drinieeta.Etanahemadonareaina
