3206 5110
322 379 387 445 tat

323 584 533 662 dominice
568 588 634 660 28.
673 581 829 659 Martii.
883 579 1085 659 Dominus
1113 581 1319 680 Georgius
1354 605 1426 661 co·

322 729 412 782 mes
441 701 736 780 Berberiensis
772 700 1004 804 solepniter
1044 699 1184 792 inivit,
1212 701 1338 798 tecit,
1381 711 1428 780 et

322 823 498 902 firmavit
526 845 605 922 pro
634 843 681 896 se
709 821 814 922 ipso,
842 829 885 899 et
910 827 1034 921 geute
1063 845 1136 896 sua
1174 843 1224 898 uc
1250 820 1426 898 subditis

321 943 406 1019 suis
435 949 477 1020 et
503 941 671 1020 nornine
699 941 890 1020 comunis
923 947 966 1016 et
1000 940 1214 1018 hominurn
1242 941 1426 1020 Atmissii

322 1085 477 1141 meram
506 1086 680 1164 puram,
709 1067 752 1138 et
788 1059 947 1139 firmam
986 1063 1222 1162 treuguiarn
1250 1085 1423 1164 usquam

322 1181 372 1258 ad
387 1183 537 1260 decem
566 1205 697 1259 annos
728 1183 964 1274 continuos,
994 1189 1037 1259 et
1064 1184 1422 1284 compietos‚cum

322 1299 510 1399 egregio.
530 1299 621 1378 viru
659 1299 831 1377 domino
860 1299 1047 1400 lingerio
1077 1301 1337 1380 Mauroceno
1364 1302 1423 1379 ia·

321 1419 463 1496 drensi
492 1417 659 1504 cernite,
676 1419 899 1522 recipienti
929 1426 972 1496 ct
996 1419 1210 1521 stipulanti
1240 1421 1424 1509 nornine,

322 1549 364 1619 ct
390 1539 484 1617 vice
513 1538 687 1615 illustris
716 1538 872 1616 domini
900 1539 1018 1618 dircis
1048 1539 1339 1632 venetiarum,
1354 1565 1424 1618 ec·

275 1689 278 1694 ·
321 1659 455 1739 munis
482 1665 524 1736 et
552 1657 767 1734 hominum
796 1659 973 1738 civitatis
1002 1661 1204 1756 ejusdem,
1230 1685 1311 1738 nec
1339 1683 1422 1738 non

320 1780 603 1858 habitatorum
632 1777 818 1857 fldetiurn
848 1778 1162 1874 subiectorum,
1191 1787 1235 1858 et
1261 1780 1422 1858 distric-

320 1898 488 1977 tuatium
523 1923 720 1986 suorum,
762 1900 1014 2000 promittens
1052 1902 1267 2002 predictus
1294 1901 1424 1977 domi-

319 2043 396 2096 nue
423 2041 569 2098 comes
598 2019 805 2119 Georgius
833 2021 1029 2120 predicto
1050 2021 1424 2122 dominoitogerio

316 2139 566 2217 'Mauroceni
594 2137 781 2215 iodrensi
810 2137 973 2224 comiti,
1015 2141 1240 2242 recipienti
1287 2149 1329 2218 et
1356 2141 1423 2218 sti·

321 2257 480 2358 putanti
507 2257 679 2336 nomine
706 2257 890 2358 predicti
918 2257 1073 2335 domini
1102 2258 1248 2344 ducis,
1285 2283 1424 2336 cornu·

320 2379 397 2467 nis,
425 2384 466 2454 et
493 2370 707 2452 hominum
724 2379 1007 2468 venetiarum,
1035 2388 1080 2456 ut
1096 2379 1330 2480 predictum
1348 2383 1422 2460 est.

320 2499 433 2599 quod
474 2498 565 2599 ipse
607 2520 695 2598 per·
725 2521 774 2572 se
801 2503 846 2572 et
872 2521 997 2580 auce,
1036 2519 1087 2575 ac
1120 2523 1200 2597 per
1227 2499 1423 2575 homines

320 2616 478 2698 ntmtstt
516 2639 600 2691 non
630 2614 843 2702 offendet,
872 2639 950 2692 nec
979 2615 1135 2693 offendi
1166 2616 1314 2704 faciet,
1355 2616 1421 2692 vei

320 2737 549 2841 permittet,
578 2735 616 2812 in
659 2735 850 2835 personis
877 2735 942 2810 vei
971 2735 1127 2827 rebus,
1156 2759 1340 2814 comune
1380 2745 1424 2812 ct·

320 2851 518 2936 homines
546 2857 846 2940 venetiarum,
887 2855 1150 2934 habitatores
1188 2857 1335 2934 tidetes
1363 2856 1422 2934 di·

320 2977 558 3055 strictuaics
587 3001 662 3052 scu
689 2975 879 3052 subditos
922 2975 1021 3052 dicti
1050 2974 1208 3052 domini
1235 2977 1357 3052 ducis
1379 2983 1423 3051 et

321 3096 514 3175 comunis
542 3097 841 3189 Venestorum,
870 3104 951 3172 tam
990 3099 1029 3171 in
1059 3097 1187 3186 rnari,
1227 3121 1351 3196 quam
1380 3096 1421 3172 in

319 3220 541 3305 terrave!
582 3219 721 3318 atique
759 3225 871 3294 terra
899 3241 973 3292 seu
1003 3217 1143 3293 iocum
1171 3215 1423 3294 existentem

320 3341 398 3432 sub
427 3337 611 3416 dominio
640 3337 797 3414 domini
825 3336 942 3412 ducis
979 3334 1185 3438 predicti,
1226 3319 1302 3412 sed
1346 3361 1425 3411 ros

321 3482 480 3545 omnes,
520 3467 562 3534 et
588 3457 775 3556 singulos
804 3481 954 3534 eorum
983 3456 1156 3534 habebit
1184 3456 1354 3542 seiros,
1382 3463 1426 3532 ct

320 3601 499 3655 securos
528 3577 695 3676 ubique.

422 3698 528 3776 item
556 3696 705 3773 eodem
734 3692 861 3770 modo
891 3679 1098 3795 promisit,
1126 3693 1239 3794 quod
1268 3695 1302 3770 si
1331 3695 1425 3796 ipse

320 3828 402 3896 tam
432 3840 596 3920 perse,
624 3823 666 3890 et
693 3837 947 3913 suos‚quarn
978 3837 1055 3911 per
1075 3811 1271 3890 homiues
1300 3813 1425 3890 Aimi-

194 4019 200 4024 ,
319 3937 380 4022 sii,
396 3939 688 4050 attemptasset
717 3933 884 4036 aliquod
912 3943 1058 4012 contra
1084 3935 1294 4012 bonorem
1323 3936 1429 4014 dicti

319 4055 473 4132 domini
502 4055 633 4141 ducis,
663 4063 705 4132 et
733 4053 926 4133 comunis
954 4054 1228 4134 Venetiarurn
1261 4057 1316 4140 de
1345 4063 1429 4132 ter·

320 4199 366 4252 ra
394 4175 514 4264 aare·
531 4183 573 4252 ct
602 4175 752 4266 Bucco,
781 4175 848 4252 vei
875 4174 928 4250 de
955 4174 1093 4274 atique
1121 4174 1200 4250 atie
1228 4181 1343 4251 terra
1359 4174 1428 4252 vet
