3224 5110
1177 394 1244 464 1111

303 577 561 682 cunxll.
603 606 713 680 rano.
750 608 809 681 11.
838 600 1100 705 Aprilis„
1230 649 1235 659 .

154 795 329 868 Ouranopn
356 811 590 865 noraaaaumaa
616 809 715 850 nueaa
747 794 899 850 Crenaee
935 791 1082 864 coinage
1119 785 1244 868 flocus,

495 917 531 954 ua
569 897 686 954 aniona
722 915 913 954 aaxreaana.

253 1065 373 1167 Quod
404 1065 644 1144 oratoribus
675 1063 888 1144 comitis
918 1063 1127 1152 Stoloni
1154 1063 1247 1150 vai·

161 1185 277 1264 rodi
307 1183 582 1283 Bossiuae,
622 1185 670 1262 ad
701 1208 886 1286 eaquae
926 1191 1047 1286 parte
1090 1185 1245 1273 domiui

160 1307 220 1384 sui
267 1305 453 1384 dominio
511 1297 657 1383 nostro
699 1305 960 1396 retulerunt,
1001 1305 1113 1384 sicut
1152 1303 1252 1388 huic

162 1425 340 1504 consilio
379 1449 458 1525 per
485 1424 799 1504 serenissimum
843 1423 1054 1506 domiuum
1097 1423 1247 1510 ducam

158 1545 331 1622 relatum
362 1552 438 1634 est,
469 1545 789 1646 respondeatur:

256 1664 516 1742 Generaliter
543 1666 595 1742 ad
623 1663 850 1762 generalia.
889 1663 950 1742 Ad
979 1663 1136 1748 lactum
1164 1673 1248 1752 tan·

156 1784 587 1884 gensresdomini
616 1786 858 1886 despoti
889 1783 1251 1888 Bassie,quod

156 1929 326 2007 semper
353 1905 624 2002 singulariter
651 1903 870 1982 dileximus
888 1904 1024 2008 ipsum
1042 1905 1252 1990 domiuum

157 2025 378 2126 despotum
408 2033 449 2100 et
479 2025 615 2100 omnia
646 2026 869 2101 commoda
898 2033 1029 2108 slatus
1053 2035 1253 2112 etrerum

157 2169 339 2232 suarum,
380 2153 586 2244 tamqnam
616 2145 791 2247 propria
833 2143 1143 2248 reputavimus,
1185 2173 1252 2222 ne-

158 2290 240 2365 qne
270 2291 449 2366 unquam
479 2266 603 2344 alieni
632 2268 1124 2368 repperiamurarebus
1149 2291 1255 2368 quae

157 2386 338 2464 honeste
367 2393 409 2462 et
438 2387 740 2462 convenientes
768 2386 863 2474 sint,
890 2409 968 2490 pro
987 2387 1257 2489 complacco·

160 2507 214 2585 do
244 2513 284 2584 et
313 2506 611 2586 satisfaciendo
655 2504 998 2608 requisitionibus
1033 2507 1144 2586 illius
1182 2509 1253 2588 do»

159 2623 271 2702 mini.
839 2623 841 2630 ⁴

146 2727 151 2737 ’
263 2744 575 2823 Adiectum
617 2745 894 2822 Polizecl
935 2745 1167 2828 Almisii
1202 2745 1258 2829 111.

162 2863 319 2962 cimus,
365 2865 474 2942 sicut
502 2865 839 2962 magnificentiae
879 2889 980 2942 suae
1008 2869 1152 2946 notum
1177 2872 1256 2956 ost,

163 2996 386 3086 postquam
431 2986 525 3064 loca
568 2984 755 3086 predicta
800 2985 842 3062 in
885 2993 1071 3062 nostram
1107 3009 1255 3066 eorum

161 3117 313 3208 sponte
354 3103 551 3182 ditionem
594 3103 883 3195 devenerunt,
916 3129 995 3184 uos
1033 3129 1126 3194 cum
1168 3128 1260 3206 pro·

161 3225 247 3302 fato
278 3223 432 3302 comite
461 3223 635 3302 Stefano
666 3207 989 3302 devenimus'ad
1033 3249 1181 3324 pacem
1219 3231 1265 3307 ct.

24 3385 39 3402 =
163 3347 314 3422 bonam
358 3346 661 3431 concordiam,
703 3369 827 3446 quam
868 3344 907 3418 in
936 3349 1069 3426 totum
1112 3353 1154 3422 et
1184 3369 1260 3446 por

162 3476 295 3544 totum
338 3466 568 3544 observare
605 3475 646 3544 et
688 3475 958 3546 manutenere
1000 3467 1260 3570 disponimus

161 3597 206 3664 et
235 3587 338 3664 1111111
383 3587 568 3692 capitulo
610 3587 676 3662 vel
717 3595 844 3688 pacto
887 3593 1034 3667 nostro
1076 3609 1153 3688 per
1208 3585 1260 3674 ali

166 3731 292 3810 quem
336 3709 505 3786 modum
536 3707 847 3786 contravenire.

269 3826 589 3904 Adiectum
633 3827 983 3930 domusquam
1027 3827 1264 3910 iuxlacon·

168 3947 380 4024 tinentiam
411 3949 690 4050 capitulorum
721 3948 836 4048 pacis
864 3946 1078 4048 predictae
1119 3951 1266 4048 petunt

79 4147 82 4153 ,
162 4065 207 4140 111
237 4064 314 4142 hac
352 4067 518 4142 ciuitate
559 4065 700 4141 nostra
755 4066 1042 4150 Venellorum,
1071 4065 1265 4142 dicimus:

163 4189 283 4288 quod
312 4189 468 4291 promti
511 4195 553 4266 et
588 4187 889 4289 paratisumus
929 4185 1263 4285 magnificentiae

1006 4323 1066 4389 la*
