3206 5110
191 598 500 690 toomtrabeote
527 607 741 678 rectorem
769 621 850 698 pro
878 597 993 678 dieto
1022 597 1193 691 domino
1222 596 1292 673 do·

191 743 241 796 ee
270 719 309 799 in
340 717 465 799 terris
492 719 593 809 suis,
620 719 688 796 vet
715 715 1027 817 sibisubjeetis‚
1058 716 1294 797 removebit

190 863 236 914 se
265 839 318 916 de
346 839 590 935 hujusmodi
619 845 992 940 attemptamenttn
1021 843 1065 914 et
1104 837 1157 912 de
1185 843 1295 916 oete·

190 981 239 1036 ro
271 963 421 1036 eontra
449 958 660 1039 honorem
688 961 780 1056 etus
809 983 892 1037 non
921 957 1186 1061 attemptabit
1212 983 1294 1036 am-

190 1076 300 1178 ptius
329 1077 382 1154 de
410 1080 525 1172 teris,
553 1087 596 1160 et
624 1081 728 1160 iocis
759 1079 974 1182 predictis.

292 1199 398 1278 ltem
440 1201 553 1301 quod
595 1201 776 1306 predioti
815 1187 1091 1286 homines'de
1119 1197 1293 1278 Atmtsto

191 1339 267 1394 seu
295 1341 374 1418 per
399 1321 511 1400 ulios
540 1322 798 1410 eorumve!
826 1321 1003 1418 aiicujus
1031 1341 1193 1406 eorum,
1219 1341 1294 1394 seu

191 1459 269 1538 per
296 1435 490 1518 homines
518 1439 588 1539 qui
617 1425 664 1515 se
708 1445 979 1541 reeeptareot
1005 1453 1082 1533 per
1109 1435 1195 1526 eis,
1230 1433 1294 1511 rel

192 1563 334 1634 essent
372 1555 450 1635 sub
493 1580 641 1633 eorum
672 1557 872 1648 dominio,
908 1581 990 1638 noo
1019 1554 1297 1647 aeeostabuot

192 1699 240 1755 se
268 1699 364 1752 oum
393 1698 542 1754 eorum
573 1677 708 1776 tigno,
734 1678 801 1754 vet
832 1677 950 1774 tignis
977 1675 1104 1754 atioui
1132 1675 1199 1751 vet
1227 1674 1295 1752 ati·

193 1795 343 1893 quibus
373 1793 486 1895 ligno
526 1795 593 1872 ret
632 1797 755 1895 tignis
796 1797 1098 1884 venetiarum,
1130 1795 1195 1871 ’νθΙ
1229 1792 1295 1870 tra·

195 1912 419 1994 bitatorum
461 1914 733 1994 Venetiorum
775 1915 956 1995 fidetium
1008 1916 1075 1994 ret
1116 1913 1297 1993 subdito·

194 2055 285 2108 rum
315 2055 365 2114 eo
393 2035 889 2114 districtuatiumdomioi
909 2035 1040 2122 ducis,
1069 2059 1148 2114 neo
1177 2035 1296 2112 inier-
1407 2125 1418 2142 Α

195 2156 287 2229 rent
314 2151 380 2228 vei
416 2153 574 2234 facient
601 2157 661 2232 eis
690 2157 755 2233 vel
791 2156 912 2238 alicui
942 2179 1093 2233 eorum
1121 2179 1201 2233 neo
1229 2151 1297 2230 atii

193 2272 262 2352 vel
289 2271 380 2358 aliis
416 2274 487 2374 qui
527 2273 664 2361 foret,
691 2275 757 2352 rei
788 2276 941 2353 ioreot·
970 2275 1010 2351 io
1040 2273 1156 2354 dioto
1185 2273 1296 2372 tigno

194 2392 259 2468 ret
276 2389 395 2490 tignis
411 2392 619 2490 iujuriam,
642 2377 890 2484 molestiam,
903 2399 1143 2498 dampnum,
1173 2395 1296 2472 otian-

193 2510 377 2604 sionem,
417 2514 484 2590 vet
522 2539 750 2614 gravamen
787 2517 827 2593 io
857 2516 1143 2618 personisve!
1172 2513 1298 2592 rebus

195 2629 472 2711 existentibus
501 2634 539 2710 in
569 2633 686 2713 dioto
718 2636 829 2734 tigno
858 2637 924 2712 vet
961 2635 1093 2734 tignis.
1146 2635 1199 2712 let
1227 2636 1299 2711 oti-

165 2775 261 2830 am
290 2750 709 2851 predictosvenetos
740 2756 998 2833 habitatores
1025 2755 1297 2834 venetiarum

197 2869 341 2953 tideles
368 2869 583 2960 subditos,
623 2883 666 2952 et
700 2876 985 2955 districtuaios
1014 2876 1113 2954 dieti
1142 2876 1300 2954 domini
1436 2939 1442 2950 .

196 2989 315 3075 ducis
330 2991 560 3073 existentes
575 2992 614 3068 in
632 2994 742 3093 tigno
756 2995 823 3072 rei
841 2995 962 3095 tignis
988 2995 1298 3072 forinsecorum

198 3137 294 3192 cum
309 3111 515 3214 personis,
527 3121 570 3190 et
591 3113 719 3192 rebus
734 3139 815 3191 non
832 3115 1058 3198 offendent,
1074 3136 1153 3191 nee
1169 3111 1230 3188 eis
1245 3113 1299 3188 io·

198 3223 454 3316 terreotoec
470 3233 625 3312 facient
639 3234 850 3332 injuriam,
879 3235 1134 3322 molestiam,
1162 3231 1299 3333 damp·

197 3377 319 3440 num,
349 3353 653 3441 offensionem,
687 3355 754 3432 rei
784 3378 1010 3454 gravamen
1038 3356 1078 3432 in
1107 3353 1300 3456 personis

197 3473 263 3551 vet
294 3474 421 3554 rebus
450 3499 616 3565 eorum,
643 3477 716 3554 sed
746 3501 824 3554 eos
851 3499 1017 3562 omnes,
1045 3481 1088 3552 et
1114 3473 1302 3572 singulos
1355 3461 1358 3466 ’

198 3577 348 3676 eorum
378 3617 473 3672 cum
502 3593 721 3695 personis,
763 3601 804 3671 et
845 3592 969 3672 bonis
1005 3593 1222 3683 omnibus,
1258 3597 1302 3666 et

198 3715 326 3798 rebus
355 3722 615 3804 assumtam
643 3713 684 3791 io
712 3715 810 3804 suis,
839 3737 963 3816 quam
992 3713 1031 3790 in
1072 3712 1300 3792 forinseco·

199 3859 291 3916 rrrrn
321 3835 463 3934 tigno,
503 3839 569 3914 ret
606 3835 728 3934 tignis
757 3835 975 3914 habebunt
1002 3835 1143 3912 salvos
1172 3843 1213 3910 et
1240 3857 1301 3908 so·

199 3977 341 4033 euros.
396 3954 481 4031 Nee
509 3958 678 4035 venient
704 3958 760 4035 ab
798 3955 974 4034 ancona
1017 3955 1123 4032 ultra
1153 3975 1302 4028 vorsus

198 4074 436 4163 Venetiam,
452 4099 570 4154 neca
595 4077 654 4154 ria
671 4077 778 4154 uitra
806 4097 953 4152 versus
982 4073 1195 4154 Venetiae,
1224 4070 1301 4146 nisi

200 4203 316 4275 esset
343 4201 522 4299 proptor
563 4196 770 4278 torturam
807 4223 859 4276 ac
886 4194 1174 4275 austeritatem
1205 4201 1301 4270 tem·
