3220 5118
337 361 412 436 ω
624 395 631 408 .
820 375 836 414 κ

345 569 550 668 geneum,
578 591 687 672 qnae
704 567 787 648 orit
804 577 1054 673 opportuna,
1083 573 1314 650 secundum
1330 572 1439 674 quod

347 686 489 770 dicius·
512 711 573 770 vo
588 689 602 766 i
618 707 686 768 v‘o
704 691 769 770 do
797 713 844 768 se
873 687 1027 770 oblnlil
1055 690 1209 771 locere.

448 860 512 938 Ad
542 865 785 962 quartum
814 867 857 938 et
883 859 1122 962 quintum
1167 836 1436 968 copit'nlum

348 979 673 1084 respondemus,
704 981 817 1084 quod
847 1007 988 1060 sumus
1018 984 1205 1062 contenti
1233 981 1335 1060 'dore
1362 983 1438 1061 sibi

347 1101 555 1204 galeas
593 1103 634 1180 in
664 1103 735 1181 illo
764 1128 968 1194 numero,
1009 1105 1080 1205 qui
1118 1103 1198 1182 erit
1239 1105 1371 1184 iustus
1399 1117 1440 1184 et

345 1222 638 1312 rationabilis3
664 1225 739 1302 sed
769 1223 865 1325 qnia
891 1225 932 1302 in
961 1231 1111 1327 quarto
1141 1221 1326 1326 capitulo
1356 1248 1439 1306 non

347 1343 609 1434 declaratur,
637 1353 784 1424 oonlro
814 1370 921 1448 quos
948 1345 1037 1422 vult
1064 1346 1153 1431 ire,
1194 1371 1274 1423 nec
1302 1344 1439 1425 decla·

348 1469 464 1541 retur
517 1471 621 1566 quot
662 1463 917 1543 ballistarioo
958 1473 1001 1544 el
1039 1475 1143 1569 quot
1183 1463 1439 1547 bombardae

345 1585 444 1668 vult,
474 1593 515 1662 et
529 1607 609 1687 pro
639 1595 794 1688 quanto
824 1593 1018 1689 tempore
1047 1585 1133 1664 vult
1161 1587 1301 1663 dictos
1331 1583 1440 1664 belli·

346 1703 498 1781 olarios
540 1713 582 1782 el
617 1705 781 1804 galeas,
825 1707 1018 1784 volumus
1061 1707 1172 1807 quod
1214 1705 1442 1808 superinde

345 1821 468 1904 vobis
503 1825 664 1905 faciatis
704 1825 910 1906 declarari
952 1824 1263 1930 particulariter
1293 1836 1334 1904 et
1362 1825 1441 1905 dis·

349 1949 494 2026 tincte:
524 1957 672 2026 contra
702 1971 809 2048 quoe
834 1947 923 2026 vult
951 1949 1025 2037 ire,
1055 1953 1159 2050 quot
1191 1945 1443 2026 bombardae

347 2074 390 2144 et
418 2075 524 2170 quot
552 2065 805 2148 ballistarios
832 2071 941 2158 vuli,
978 2077 1020 2146 el
1047 2093 1126 2171 pro
1156 2076 1313 2169 quanto
1332 2055 1443 2147 'tenr-

346 2213 453 2292 pore
490 2189 576 2266 vult
604 2187 738 2270 dictos
774 2191 914 2290 galeas
942 2199 986 2267 el
1015 2190 1290 2276 ballistarios3
1337 2197 1379 2267 et
1407 2190 1443 2266 si

347 2315 413 2386 eet
441 2317 666 2388 contentus
693 2308 746 2386 de
766 2308 848 2387 illis
877 2309 1082 2414 capitulla,
1109 2307 1217 2387 siout
1245 2307 1442 2412 superine

346 2429 537 2518 dicimus;
567 2439 610 2508 et
638 2430 838 2534 quidquid
867 2429 918 2508 ob
948 2431 1040 2534 ipso
1069 2425 1288 2522 habebitis,
1316 2427 1439 2506 debe·

346 2553 424 2630 olie
453 2555 641 2628 nostrum
670 2551 900 2630 dominium
933 2551 1188 2637 informare,
1230 2559 1275 2626 ul
1301 2547 1443 2626 habita

294 2773 296 2782 Ι
347 2681 484 2750 vestro
511 2673 811 2752 informatione
839 2671 1069 2776 providere
1092 2669 1317 2772 possimus,
1345 2693 1440 2770 pro·

347 2801 390 2870 ut
417 2794 659 2895 noverimus
688 2817 795 2896 opus
824 2817 934 2870 esse.
1010 2783 1014 2794 “

635 2968 741 3034 Secr.
766 2967 879 3034 Cone.
902 2969 1033 3052 Rogat.
1058 2967 1128 3034 Lib.
1158 2959 1223 3032 Vll
1246 2965 1303 3031 eh.
1329 2967 1398 3030 102

518 3281 742 3362 (llponynnlc
766 3289 833 3363 ee.)
873 3315 913 3326 -
949 3273 1269 3360 (Continuabilur).
