3226 5112
173 621 269 676 eum
296 597 390 700 ipso
417 593 595 676 Tureho
624 595 827 678 habemus
868 603 910 674 et
938 597 1180 678 conditione
1210 599 1265 676 lo·

173 741 320 798 eorum
349 723 393 797 et
421 719 548 796 etiam
577 717 691 820 quod
718 727 814 796 sunt
840 716 891 794 ad
914 719 1129 808 marinam,
1155 720 1268 796 nulia

171 841 295 918 nobis
323 839 516 918 occurrit
544 836 759 918 dubitatio.

271 958 337 1038 Ad
364 965 563 1062 partem
603 960 1010 1050 munitionum,
1039 963 1266 1062 respoude-

171 1085 275 1165 atnn,
304 1081 418 1180 quod
446 1079 498 1156 de
528 1077 861 1182 quibuscumque
882 1077 1183 1158 munitionibus
1200 1103 1266 1154 ve·

171 1207 270 1296 lent,
298 1205 488 1284 contenti
515 1227 658 1282 sumus
685 1211 730 1280 ut
744 1203 812 1282 hio
829 1227 875 1280 se
892 1203 1065 1281 fulciant
1080 1202 1131 1280 ad
1146 1225 1264 1280 suum

171 1325 496 1428 beneplacitum,
525 1331 568 1402 et
596 1323 710 1426 quod
738 1325 791 1402 de
820 1325 901 1403 hac
928 1328 1073 1402 nostia
1095 1322 1265 1401 civitate

172 1447 507 1538 consentiemus,
541 1441 660 1546 quod
691 1445 742 1520 de
777 1444 859 1522 iiiis
892 1444 1115 1522 extrahant
1140 1450 1267 1546 prout
1410 1460 1414 1470 '

169 1565 332 1654 voieut3
353 1564 428 1642 sed
444 1565 498 1642 de
515 1564 641 1644 terris
656 1562 1057 1654 nostrieDaImatiae
1072 1587 1156 1640 nou
1171 1587 1264 1666 pos·

171 1709 310 1764 semus
325 1684 405 1762 sibi
421 1683 706 1785 complacere,
722 1707 817 1763 eum
832 1683 871 1760 in
888 1682 968 1760 iliis
987 1683 1092 1760 loeis
1108 1684 1263 1760 nostris

170 1807 404 1886 civitatibus
431 1804 676 1893 Dalmatiae,
702 1805 841 1882 nullae
872 1803 977 1882 aliae
1008 1804 1263 1884 munitiones

169 1926 451 2030 reperiuntur,
481 1949 602 2027 quam
625 1925 723 2004 illae
746 1950 855 2028 quae
883 1914 978 2002 sun't
1005 1947 1085 2026 pro
1117 1949 1195 2000 usu
1224 1929 1266 2000 et

169 2047 361 2128 custodia
402 2045 675 2125 castellorum
709 2051 752 2122 et
787 2046 998 2124 civitatum
1036 2043 1264 2148 praedicta·

168 2193 278 2261 rum,
317 2171 369 2246 de
404 2165 555 2268 quibus
591 2166 743 2244 similia
779 2190 863 2244 uon
901 2171 1075 2269 possent
1102 2166 1265 2244 extrahi

168 2291 420 2388 sinemagno
440 2287 712 2390 incommodo
730 2287 1265 2388 iocorumpraediotorum.
1386 2347 1393 2365 .

270 2413 348 2504 Ad·
382 2417 611 2513 partem
644 2409 834 2507 mittendi
861 2410 902 2486 iu
931 2432 1104 2508 regnum
1145 2436 1265 2488 suum

168 2533 351 2635 aliquem
379 2537 571 2608 nostrum
586 2529 785 2622 nobilem,
812 2530 1133 2632 respondeatur,
1149 2531 1264 2631 quod

167 2677 250 2730 non
278 2649 445 2730 videtui·
472 2653 596 2730 nobis
625 2654 739 2755 quod
770 2652 831 2730 sit,
847 2677 954 2756 opus
981 2653 1264 2732 mitteneiiiue

168 2773 348 2873 aliquem
376 2779 567 2850 nostrum
592 2768 637 2850 'et
666 2771 780 2874 quod
810 2771 849 2846 in
878 2771 961 2851 hoe
990 2771 1143 2851 habeat
1183 2799 1262 2852 nos

168 2898 408 2974 exeusatos.

578 2991 655 3070 Die
685 2992 852 3071 eodem:

274 3115 379 3194 Cum
420 3115 555 3222 pridie
597 3121 764 3220 captum
806 3115 933 3192 inerit
979 3117 1263 3219 respondendi

169 3231 540 3316 ambassiatoribus
569 3235 882 3339 magnifici
917 3237 1140 3316 domini
1181 3263 1261 3316 eo·

170 3356 332 3434 mitis
359 3357 617 3451 sessani,
659 3361 819 3438 uonuiii
847 3359 994 3436 volunt
1021 3341 1066 3435 ut
1093 3381 1263 3462 respou-

168 3481 232 3556 sio
260 3463 479 3556 differatur
508 3533 517 3554 .
546 3533 556 3554 .
584 3537 592 3554 .
622 3539 628 3552 .
658 3481 732 3558 sed
762 3487 928 3584 captum
956 3485 1000 3558 ut
1029 3482 1257 3584 respoude-

167 3603 264 3678 otui·
290 3603 417 3701 prout
442 3599 502 3678 ibi
532 3607 609 3678 est.

315 3765 623 3870 CCCCXX.
653 3795 767 3870 ima.
799 3799 861 3871 m.
890 3793 1113 3897 Aptius.

167 3933 349 4007 Oai-osopo
373 3945 610 4000 nocaanununa
635 3949 734 3990 suasa
759 3933 923 4002 Ouenasa,
948 3951 1010 3992 soa
1035 3933 1166 4005 otiosus
1181 3933 1258 3994 060-

199 4025 266 4075 iaio
300 4017 542 4086 Mnemeion,
564 4034 601 4088 aa
636 4019 676 4076 ie
711 4035 879 4093 opaeum
914 4037 976 4094 yso
1002 4039 1078 4092 usn,
1103 4039 1162 4080 aso
1187 4039 1226 4080 ee

354 4119 459 4162 uuest·
484 4103 644 4162 cissam,
667 4120 786 4180 aapauu
811 4123 856 4164 cs
876 4107 1070 4178 Maeunnua.

269 4220 389 4320 Quod
417 4220 715 4301 oratoribus
740 4223 906 4303 comitis
930 4223 1140 4313 Stefani,
1162 4249 1258 4327 quo-

1011 4343 1056 4409 [μ
