3236 5108
1 625 2 635 ‘
151 611 386 710 insigniam,
414 609 466 690 ad
480 611 600 690 istam
629 615 791 716 purtem
821 611 992 690 tractari
1021 621 1063 691 et
1090 637 1243 718 praem

1 825 2 828 Ν
153 733 239 811 rari
267 735 420 812 debeat
450 731 711 836 perdicium
749 732 1003 831 collegium,
1040 759 1135 814 eum
1165 736 1246 814 illis

152 850 293 930 verbis
333 877 442 955 quae
484 852 757 941 videbuntur,
798 851 992 954 quodda
1021 853 1097 932 ista
1124 859 1246 958 partu

151 997 200 1050 se
228 981 497 1058 removeant.
538 971 634 1072 quia
672 972 753 1050 erit
780 971 916 1052 maior
956 971 1097 1052 honor
1137 999 1247 1064 suus,

154 1093 298 1174 levare
340 1093 557 1194 insigniam
586 1115 703 1171 suum
732 1116 854 1194 quam
883 1095 1024 1182 uliam.
1067 1101 1109 1170 et
1136 1095 1245 1174 istud
1326 1167 1327 1174 Ν

1 1272 2 1284 a
151 1215 244 1318 ipse
273 1213 467 1294 dominus
508 1214 689 1293 deberet
730 1213 838 1292 velle
866 1239 945 1318 pru
978 1215 1245 1295 beonredo:
1303 1312 1307 1322 Ἰ

1 1411 2 1424 Ν
151 1359 244 1412 mus
271 1359 385 1414 suae.
431 1335 605 1430 Quando
634 1343 771 1412 autem
801 1334 908 1412 laetu
939 1334 1053 1412 omni
1081 1337 1245 1439 exueris

1 1457 2 1550 l
153 1457 279 1543 entia,
308 1456 387 1560 ipsi
418 1456 742 1536 ambassiatores
770 1465 929 1534 sterent
960 1457 1009 1534 ad
1035 1458 1122 1536 boe
1152 1481 1246 1535 eom

150 1581 323 1671 sunus,
352 1578 508 1657 debeat
536 1576 821 1658 condescendi
849 1578 900 1655 ad
922 1579 1043 1656 istam
1070 1586 1247 1681 partem,
1344 1675 1349 1687 x

1 1692 17 1772 ‘.
150 1698 267 1798 quud
293 1699 428 1802 possit
457 1700 612 1778 lavaro.
628 1705 816 1803 numnam
844 1697 1062 1797 insigniam
1082 1700 1125 1776 in
1141 1697 1248 1775 locis

150 1821 254 1906 suis,
281 1821 391 1898 sicut
417 1823 609 1924 requirit.

257 2013 595 2094 Adtertium
638 2013 968 2118 capitulum
1011 2013 1245 2106 continens,

1 2167 2 2234 3
153 2134 268 2240 quod
299 2133 447 2238 aliquis
489 2133 643 2218 bomo.
673 2135 742 2236 qui
782 2133 913 2210 vellet
953 2135 1163 2212 recedere
1194 2132 1245 2210 de

1 2243 2 2314 l
152 2259 356 2346 contrata,
384 2281 507 2358 quam
534 2279 614 2360 pro
644 2279 698 2331 eo
730 2255 915 2332 retinere
937 2255 1037 2342 vult,
1066 2245 1244 2332 nonde·

1 2435 2 2488 ι
149 2377 252 2454 beat
280 2377 493 2483 acceptari
520 2400 601 2455 nec
628 2373 763 2478 recipi
791 2375 831 2452 in
862 2371 988 2452 terris
1016 2398 1097 2455 nec
1126 2373 1245 2469 locis,

1 2501 2 2516 ³
151 2523 263 2600 quae
291 2495 413 2575 nohis
442 2499 523 2582 dat,
553 2497 627 2577 sed
657 2496 792 2576 eidem
821 2495 1002 2576 debeant
1030 2488 1255 2597 assignari:

1 2693 2 2718 ζ
150 2615 217 2695 Ad
246 2617 354 2696 istud
384 2618 468 2696 dici
496 2618 652 2695 debeat
680 2617 806 2694 etita
833 2639 909 2720 per
936 2609 1093 2695 dictum
1124 2615 1245 2695 colle·

1 2759 2 2844 ᾗ
150 2737 265 2836 glum
294 2738 448 2819 debeat
475 2739 712 2842 procurari,
742 2739 856 2838 quod
879 2763 958 2816 nos
972 2763 1115 2815 surmus
1146 2764 1244 2818 con·

1 2943 2 2948 ,
151 2859 270 2950 tenti,
299 2861 339 2938 ei
378 2841 543 2938 restitui
584 2866 627 2936 et
666 2857 867 2960 assignari
909 2859 1053 2938 facere
1096 2883 1243 2964 omncs
1400 2963 1402 2969 Α

148 2977 368 3069 homines,
407 2981 477 3082 qui
520 2979 768 3078 aufugerent
796 2981 848 3058 de
877 2981 985 3058 loeis
1012 2978 1097 3058 suis
1126 3003 1244 3082 prae·

75 3091 82 3100 ’
148 3099 292 3196 dictis,
317 3099 565 3180 adillaloca
593 3126 702 3204 quae
730 3099 852 3179 nobis
880 3103 963 3188 dat,
992 3103 1241 3205 quacunque

147 3217 233 3298 alia
262 3245 401 3311 causa,
429 3229 608 3325 excepto
636 3221 672 3300 si
701 3221 949 3323 aufugerent
975 3246 1055 3326 pro
1084 3222 1241 3301 delicto

149 3340 386 3434 criminali,
425 3368 504 3448 per
532 3345 645 3445 quod
674 3343 923 3448 perumendi
965 3343 1244 3446 probabiliter

149 3469 323 3552 essent,
351 3463 446 3566 quia
473 3463 578 3542 tales
606 3463 836 3544 dominatio
866 3471 1008 3564 nostra
1036 3485 1245 3565 nunquam

147 3579 257 3660 dare
282 3581 417 3660 voluit
443 3605 583 3686 neque
614 3583 681 3663 dat
717 3584 758 3662 in
787 3577 912 3665 terris
940 3589 983 3660 et
1010 3582 1116 3660 loeis
1146 3580 1244 3681 suis,
1276 3612 1279 3622 ¹

145 3725 249 3802 ymo
278 3701 382 3780 tales
411 3727 505 3783 cum
536 3727 584 3782 se
611 3704 870 3783 transferunt
898 3705 950 3782 de
979 3704 1079 3780 loco
1109 3703 1160 3807 ad
1190 3701 1245 3777 lo·

148 3845 264 3910 cum,
291 3830 387 3900 sunt
413 3824 515 3902 salvi
546 3829 590 3903 et
613 3827 770 3922 securi;
799 3823 992 3904 faciendo
1022 3830 1064 3901 et
1081 3843 1247 3930 servan·

147 3941 208 4020 do
237 3941 432 4020 similiter
458 3967 604 4020 versus
631 3967 709 4034 nos
731 3941 875 4034 debis,
903 3941 973 4043 qui
1002 3941 1246 4042 aufugerent
1307 3970 1312 3982 ·

147 4059 334 4166 deipsis
362 4061 469 4142 locis
494 4064 655 4144 nostris
686 4064 736 4141 ad
766 4063 862 4142 loca
889 4086 975 4172 qua.
1185 4073 1188 4077 ’

259 4217 646 4324 Adpartemvcro
676 4220 835 4298 tertii
857 4219 1121 4322 ‚capituli
1149 4241 1244 4298 con·

150 4343 383 4444 tinentem:
412 4341 524 4444 quod
552 4344 588 4420 si
615 4340 765 4446 aliquis
782 4341 922 4420 uellet
948 4339 1165 4526 effindere
1194 4337 1244 4416 ud
