3228 5108
1192 345 1253 472 trel

29 563 31 574 ’
162 585 268 661 beas
294 601 528 686 exponere.
563 579 684 677 Q'uod
713 577 816 654 deus
845 578 976 664 novit,
1005 577 1188 656 libenter
1214 587 1257 658 et

163 701 360 780 debono
391 704 528 779 animo
573 699 819 776 vidissemus
859 697 1122 795 magnificam
1163 723 1256 802 per·

29 915 30 920 Ν
164 844 313 900 sonam
344 822 474 924 ipsius
488 821 648 909 Babae,
676 823 884 920 tamquam
913 820 1098 897 nobilem
1120 821 1255 900 civem

29 949 31 1038 ξ
164 954 356 1021 nostrum
398 943 467 1020 bic
494 940 715 1023 Veneriis,
757 947 802 1015 ut
838 941 1111 1038 cognovisset
1152 941 1257 1046 opti-

29 1099 31 1126 ι
164 1086 275 1140 mam
319 1063 596 1140 intentionem
638 1061 824 1140 bostram
860 1067 903 1137 et
936 1059 1124 1141 radicem
1165 1063 1257 1141 veri

29 1169 30 1240 ἕ
166 1185 341 1272 amoris,
370 1204 492 1286 quam
521 1183 835 1260 firmaveramus
863 1183 902 1260 in
932 1193 1072 1261 mente
1099 1191 1257 1271 nostra.

168 1317 210 1383 et
237 1306 412 1382 ulterius
441 1305 616 1402 gratiam
645 1325 767 1404 quam
797 1303 1043 1400 fecissemus
1070 1306 1175 1404 sibi,
1223 1305 1257 1382 si

29 1485 30 1506 ι
166 1430 349 1506 venisset
389 1434 434 1502 ut
472 1426 749 1528 promiserat,
792 1423 847 1504 ita
895 1425 1008 1525 quod
1049 1427 1258 1514 dolemus,

129 1549 280 1652 ¹quod
310 1547 539 1628 crediderit
565 1547 671 1626 illis.
714 1546 783 1646 qui
813 1571 898 1624 non
927 1546 1035 1624 bene
1065 1547 1257 1626 consulu·

29 1757 30 1776 Ν
168 1674 292 1748 erunt
318 1669 413 1756 sibi,
431 1675 571 1746 etnon
599 1667 684 1743 suis
701 1665 1034 1765 magnificentiis.
1063 1665 1147 1745 Sed
1175 1693 1257 1746 non

29 1785 30 1800 '
167 1787 363 1872 obstante
379 1785 491 1885 quod
510 1784 774 1864 nonvenerit
802 1785 852 1862 ad
880 1787 1136 1889 presentiam
1164 1813 1257 1866 nos·

29 1995 30 2000 a
165 1915 293 1993 tram,
335 1909 432 2009 quia
460 1932 483 1984 a
510 1914 655 1984 natura
695 1913 841 1984 nostra
870 1913 915 1983 et*
939 1911 1259 2008 progenitorum

29 2041 30 2060 ¹
167 2034 409 2108 nostrorum
437 2051 610 2132 semper
635 2027 715 2106 fuit
744 2034 787 2103 et
814 2035 891 2115 est,
918 2029 976 2104 uti
1005 2029 1260 2128 benignitate

29 2161 30 2172 '
167 2161 208 2228 et
238 2151 476 2242 clementia,
500 2159 640 2230 tamen
669 2149 817 2248 adbuc,
847 2149 1007 2252 iptuytu
1037 2159 1272 2252 ctrespec‘

29 2299 30 2372 j
166 2277 208 2350 tu
238 2261 433 2378 ipsorum
458 2270 1072 2376 dominidespotietdominac
1099 2271 1260 2366 Maras,
1340 2345 1342 2352 .

165 2417 308 2470 sumus
339 2393 526 2472 contenti
555 2392 669 2492 quod
700 2395 935 2492 cognoscat
961 2390 1260 2488 benignitatem

29 2511 31 2524 ’
167 2494 208 2587 c't
235 2511 411 2610 gratiam
432 2517 641 2600 nostram,
669 2511 776 2610 quae
806 2511 1040 2616 est,Jquod
1067 2535 1150 2612 pax
1180 2510 1261 2588 fac-

29 2687 31 2734 p
167 2640 206 2713 ta
234 2657 315 2736 per
342 2635 518 2710 nostros
546 2629 818 2732 provisores⁹
859 2638 902 2706 et
928 2627 1262 2730 magnificentias

29 2789 30 2824 l
166 2777 262 2828 suas
318 2748 551 2854 approbata
592 2758 635 2836 et
659 2751 859 2840 laudata,
900 2749 1026 2828 etiam
1066 2774 1144 2852 per
1184 2775 1282 2860 nos·

29 2869 30 2910 ³
168 2867 447 2948 confirmetur
487 2875 529 2948 et
570 2867 801 2948 notificetur
827 2875 977 2976 etcet·
1032 2867 1137 2948 Cum
1179 2871 1259 2950 illis

166 2987 307 3066 verbis
336 2989 548 3070 contentis
579 2989 619 3066 in
648 2991 931 3092 responsione
960 2992 1053 3068 data
1082 2989 1261 3069 ambaxi·

29 3177 30 3214 ἢ
166 3107 357 3190 atoribus
385 3109 493 3198 suis,
534 3109 964 3213 ouius-responsionis
995 3112 1158 3214 copiam
1189 3112 1261 3192 tibi

29 3233 30 3244 '
167 3229 369 3312 mittimus
396 3229 573 3334 pro'tua
616 3227 937 3318 informatione,
982 3239 1023 3325 ct
1051 3232 1262 3322 cumaliis

166 3349 368 3428 similibus
412 3348 579 3458 uerbis,
621 3375 727 3452 quae
769 3359 866 3430 tuae
894 3351 1122 3456 sapientiae
1152 3350 1260 3430 vidc-

168 3471 338 3570 buntnr,
367 3473 549 3568 tenendo
580 3459 764 3581 modum,
793 3474 909 3576 quod
938 3474 988 3550 ad
1004 3471 1262 3574 presentiam

167 3590 357 3698 ipsorum
386 3593 652 3672 dominorum
682 3601 724 3672 ei
738 3595 875 3674 saltim
903 3593 1060 3673 domini
1076 3592 1263 3697 despoii.

169 3713 446 3792 confirmetur
474 3739 568 3792 cum
585 3715 826 3818 integritate
855 3739 936 3817 pax
959 3714 1263 3816 suprascripta,

167 3833 277 3914 lacta
305 3859 383 3938 per
409 3841 578 3934 nostros
606 3838 870 3942 provisores,
900 3840 941 3914 et
968 3837 1020 3924 de
1048 3835 1134 3922 hoc
1160 3833 1264 3915 fiant

166 3953 440 4034 instrumenta
476 3983 551 4034 seu
590 3959 755 4038 litterae
796 3963 986 4059 patentes
1028 3959 1264 4056 seeundum

167 4076 282 4178 quod
324 4077 405 4152 crit
445 4099 577 4178 opus;
621 4101 670 4155 ac
698 4077 896 4164 ulterius,
938 4078 1052 4178 quod
1079 4077 1287 4178 predicti.

167 4195 326 4275 domini
371 4191 1282 4300 despotusetdominaMaraquae
1378 4196 1406 4290 ’,

29 4361 30 4364 ¹
167 4317 342 4396 luerunt
363 4315 503 4418 pierii,
530 4341 578 4395 se
607 4317 866 4398 constituant
890 4317 1052 4423 plezios
1080 4326 1123 4398 et
1141 4327 1256 4396 sccu-
