3236 5108
410 578 724 682 onxxxv.
754 509 1102 678 noanon.
1129 599 1161 677 1.
1184 599 1447 678 nsunt.

383 808 559 884 Opronopr.
582 827 767 884 noesaunny
791 809 1093 894 roanosAsropone
1105 825 1143 866 na
1154 824 1234 868 nera
1246 825 1475 888 uper-tonans.

486 989 641 1095 Capta:
683 990 802 1091 Quod
842 991 1158 1096 respondeatur
1186 989 1235 1070 ad
1277 989 1476 1071 ambasia-

381 1115 463 1188 lam
493 1109 613 1189 nobis
643 1109 889 1227 iaetsmpro
918 1120 1038 1215 parte
1067 1111 1326 1189 dominae
1354 1109 1475 1188 Ava-

381 1233 567 1322 l·onae‚
596 1233 874 1336 etprimo:

482 1403 546 1482 Ad
589 1408 830 1510 primam
870 1415 1047 1509 partem:
1076 1405 1118 1482 in
1147 1429 1228 1508 qus
1254 1406 1345 1508 ipse
1374 1403 1475 1483 facit

380 1526 664 1617 mentionem,
704 1527 814 1628 quod
857 1528 1026 1606 domina
1052 1523 1126 1605 sua
1167 1523 1379 1628 praedicta
1408 1533 1473 1604 est

381 1645 593 1749 disposita,
621 1647 851 1727 observare
879 1657 923 1728 et
949 1650 1052 1726 dore
1078 1648 1203 1726 nobis
1239 1671 1315 1725 seu
1343 1669 1471 1749 pone·

373 1789 426 1844 re
455 1789 585 1870 super
609 1770 760 1846 nostris
788 1768 916 1868 galeis
946 1765 1116 1870 Culphi,
1158 1766 1252 1844 illos
1277 1765 1473 1846 hominos

381 1914 488 1990 quos
542 1888 643 1966 dare
684 1889 806 1968 nobis
848 1889 1041 1992 promisit
1082 1891 1198 1967 omni
1240 1911 1347 1965 anno
1388 1912 1470 1990 pro

378 2006 1305 2112 TurridelPregoetproSasno,
1347 2005 1473 2086 exibi·
1518 2003 1528 2009 ’

380 2127 431 2220 tis
456 2126 536 2206 sibi
568 2151 647 2231 per
673 2153 752 2216 nos
781 2135 823 2208 et
853 2136 934 2210 oet.
975 2127 1095 2227 Quod
1124 2125 1340 2230 dispositio
1368 2149 1472 2206 strae

379 2247 574 2328 dominae
611 2252 855 2352 supradicta
883 2260 947 2331 est
968 2256 1080 2350 justa
1119 2258 1161 2328 et
1200 2246 1471 2338 rationabilis,

379 2369 476 2471 quia
505 2369 690 2448 debitum
719 2379 783 2450 est
809 2396 984 2450 servare
1012 2373 1244 2476 promissa,
1272 2379 1316 2448 et
1342 2373 1468 2454 maxi·

378 2514 444 2568 me
473 2487 772 2593 recipientibus
799 2492 1010 2595 personis,
1038 2499 1081 2580 et
1103 2489 1350 2571 habentibus
1380 2514 1472 2572 calt-

376 2615 667 2714 sarapropter
695 2635 832 2714 quam,
861 2615 971 2692 siout
1001 2616 1089 2716 ipsa
1117 2614 1257 2704 babet,
1285 2612 1382 2714 quia
1402 2613 1471 2690 be·

376 2756 427 2809 ne
469 2733 608 2821 novit,
662 2742 818 2836 quanto
860 2734 1114 2836 placibiliter
1156 2743 1198 2814 et
1241 2731 1473 2812 liberaliter

376 2856 710 2958 eomplaouimus
745 2855 824 2934 sibi
851 2859 905 2936 de
934 2857 1042 2936 dieta
1071 2855 1190 2940 turri,
1212 2861 1262 2934 et
1287 2881 1372 2934 non
1402 2854 1471 2958 du3

375 2972 568 3073 bitenius
613 2977 727 3080 quod
754 2987 799 3056 ul
825 2977 1035 3080 promittit
1062 2985 1105 3056 et
1133 2985 1315 3071 tenetur,
1342 2979 1471 3058 invio·

376 3095 558 3178 labiliter
586 3097 849 3192 observabit·
863 3105 952 3179 tom
969 3123 1047 3200 pro
1075 3097 1373 3178 satisfaciendo
1402 3097 1471 3174 de·

374 3216 461 3294 bito
490 3243 583 3308 suo,
621 3242 743 3321 quam
773 3229 816 3300 ut
857 3221 1083 3300 habeamus
1125 3243 1317 3306 eausam,
1344 3218 1470 3300 ¹siout

373 3337 551 3418 intentio
580 3351 724 3420 nostra
752 3349 828 3432 est,
856 3345 1139 3422 conservandi
1167 3365 1312 3421 secum
1341 3340 1468 3420 bene·

371 3459 598 3538 volentiam
628 3471 669 3540 et
697 3484 900 3542 amorem.

473 3613 537 3695 Ad
565 3616 803 3697 alteram
832 3629 995 3723 partem
1026 3620 1322 3707 continentem,
1349 3617 1465 3720 quod

371 3733 460 3837 ipsa
502 3733 671 3814 domina
713 3747 778 3816 est
819 3739 1018 3843 disposita
1060 3743 1161 3818 dare
1202 3739 1325 3816 nobis
1354 3761 1465 3816 eas·

372 3861 518 3932 trum
547 3880 694 3934 strum
722 3860 1042 3947 Avalonae,
1070 3859 1109 3936 in
1139 3881 1337 3960 castique
1366 3857 1466 3934 veli·

370 3999 462 4052 mus
491 3975 635 4055 iacere
664 4001 810 4056 versus
840 4005 931 4058 eam
960 3981 1012 4057 de
1041 3983 1170 4059 rebus
1206 3975 1464 4058 rationabili·

369 4093 447 4171 bns
476 4105 519 4174 et
545 4095 733 4177 honestis
764 4109 807 4180 et
836 4109 916 4182 oet.
958 4103 1269 4204 respondeatur
1310 4097 1464 4186 eidem,

370 4216 483 4317 quod
512 4225 621 4296 teste
650 4218 730 4298 deo
760 4247 839 4299 nos
875 4242 1017 4300 sumus
1045 4221 1142 4300 satis
1184 4219 1317 4308 avidi,
1345 4218 1462 4320 quod

374 4333 686 4442 quicunquae
716 4341 960 4444 specialiter
1001 4342 1124 4420 aorici
1168 4338 1328 4448 nostri,
1369 4359 1463 4438 qua·
