3230 5104
452 547 595 626 ltom
623 603 634 625 .
661 603 671 624 .
698 548 804 650 petit
831 571 953 628 unam
981 545 1104 626 aliam
1144 549 1367 626 domum
1394 547 1437 625 iu

353 667 521 748 civitate
547 666 677 744 dodra
704 721 715 743 .
747 722 757 743 .
788 721 800 744 .

451 785 596 866 Item
624 786 730 889 petit
759 842 770 864 .
800 845 811 866 .
840 845 849 865 .
879 842 889 866 .
917 786 1133 890 provideri
1162 786 1443 890 perillustris.

350 905 498 986 almum
514 906 743 985 dominium
771 907 831 988 de
864 906 1202 986 ballistariis
1230 917 1280 986 et
1306 907 1443 985 solo·

349 1027 613 1129 poterlie
642 1087 648 1101 .
677 1083 689 1106 .
719 1086 728 1104 .
757 1035 801 1104 ut
827 1051 922 1108 oum
950 1029 1011 1106 ele
1038 1027 1196 1132 oppida
1225 1033 1269 1104 et
1293 1027 1445 1105 lorlili·

353 1149 419 1228 aia
445 1173 519 1226 sua
546 1149 697 1226 munirl
724 1150 859 1252 possit
898 1155 941 1226 el
981 1171 1029 1224 aa
1058 1157 1100 1225 et
1140 1154 1290 1226 statum
1318 1171 1443 1226 suum

353 1289 610 1348 conservare
647 1275 795 1348 eontra
835 1265 1068 1371 potentiam
1106 1273 1149 1343 et
1184 1265 1443 1344 iuvasionem

353 1388 513 1468 Teuori
539 1443 550 1465 .
579 1441 630 1466 ..

456 1510 599 1587 ltem
640 1510 951 1612 petina...
994 1506 1107 1610 quod
1148 1507 1191 1585 in
1231 1531 1328 1586 oasu
1358 1533 1446 1608 quo

354 1631 444 1710 eius
490 1630 685 1709 maiestas
726 1655 749 1706 a
789 1629 1027 1708 Teucro
1079 1627 1448 1730 opprimere·

356 1760 449 1852 tur
476 1757 519 1828 et
544 1749 700 1828 viribus
729 1772 830 1827 suae
857 1750 1097 1830 serenitatis
1122 1757 1166 1828 et
1178 1749 1449 1828 illustrissimi

354 1873 512 1952 domini
540 1870 745 1975 sepedicti
758 1896 809 1950 ao
824 1870 1001 1949 aliorum
1028 1873 1231 1950 resistere
1250 1893 1449 1971 nonpos-

355 2000 435 2082 sel,
465 1995 521 2072 ita
550 1992 664 2094 quod
693 2014 867 2092 reguum
895 2015 1031 2076 suum,
1060 1992 1173 2092 quod
1202 1991 1305 2070 dous
1330 2014 1451 2070 aver-

356 2122 425 2204 tat,
452 2115 689 2202 amitteret,
722 2110 1046 2201 illustrissimum
1089 2111 1318 2191 dominium
1354 2136 1450 2215 pre·

355 2236 512 2316 dietum
541 2237 594 2312 do
621 2257 704 2312 uno
733 2258 785 2311 ex
819 2234 970 2313 eastris
997 2234 1084 2310 suis
1123 2235 1351 2338 providere
1379 2259 1449 2312 vo·

355 2358 402 2436 lit
427 2379 529 2434 suae
557 2354 766 2433 maiestati
781 2377 831 2430 ao
845 2355 1093 2457 provisione
1120 2356 1364 2456 pecuniaria
1380 2411 1391 2434 .
1410 2407 1448 2432 ..

353 2498 433 2577 pro
463 2499 510 2552 se
538 2478 581 2552 et
609 2475 725 2554 ouria
753 2499 843 2562 sua,
870 2497 1004 2574 usque
1033 2497 1116 2574 quo
1145 2473 1311 2550 iuvante
1339 2474 1451 2552 allie-

354 2596 461 2674 simo
503 2603 546 2674 et
584 2594 731 2674 validis
787 2593 990 2698 operibus
1031 2592 1356 2672 christianorum
1398 2597 1452 2674 ad

355 2716 447 2795 elus
476 2741 652 2816 regnum
680 2725 724 2796 et
750 2721 903 2794 statum
937 2715 1252 2812 restitueretur.

455 2836 601 2914 Item
643 2836 749 2939 petil
783 2819 1002 2938 predictus
1029 2833 1321 2914 serenissimus
1364 2834 1449 2913 do·

355 2958 539 3036 miuus
568 2981 691 3048 rex,
718 2955 829 3034 siout
854 2956 1150 3061 superioribus
1176 2957 1450 3055 temporibus

352 3077 518 3154 vivente
546 3075 684 3155 felicis
712 3075 1021 3156 recordatiouis
1048 3075 1321 3156 serenissimo
1358 3079 1448 3156 do·

355 3200 507 3277 mino
536 3219 679 3296 rege
707 3196 924 3274 Thomu
952 3197 1042 3278 eius
1069 3205 1204 3302 patre,
1229 3221 1309 3300 por
1336 3197 1451 3274 illus·

353 3318 577 3398 triesimum
605 3315 834 3398 dominium
876 3318 958 3396 iam
986 3320 1146 3397 dictum
1188 3342 1447 3398 conoessum

354 3447 397 3517 at
423 3437 677 3542 promissum
704 3435 793 3526 furit,
820 3439 935 3540 quod
964 3463 1063 3520 casu
1106 3462 1190 3540 quo
1218 3463 1294 3516 sua
1333 3463 1448 3518 sere·

352 3560 457 3638 uitas
485 3557 741 3638 deliberaret
776 3557 818 3635 in
847 3561 1001 3639 bauatu
1044 3558 1228 3640 Croaoie
1269 3583 1448 3661 reoupe·

353 3705 450 3760 rare
478 3687 521 3758 et
548 3677 740 3758 obtinere
768 3679 940 3782 aliquod
982 3689 1165 3760 castrum
1195 3681 1262 3759 vel
1300 3682 1444 3762 lorum

354 3801 477 3882 bani
503 3799 696 3888 Pauli,
725 3801 838 3901 quod
866 3801 908 3878 id
935 3799 1014 3878 eibi
1042 3803 1167 3900 plene
1196 3801 1334 3891 lioeat,
1360 3859 1369 3879 .
1399 3860 1443 3878 ..

351 3947 431 4002 nao
459 3919 627 4022 aliquod
654 3918 881 3998 subsidium
912 3921 984 3999 det
1020 3921 1345 4002 illustrissimum
1370 3923 1443 4004 do·

352 4040 522 4120 minium
550 4038 659 4118 bano
691 4040 824 4119 Paulo
829 4097 988 4120 .....

454 4159 597 4238 Item
626 4160 767 4262 petit.
795 4219 803 4239 .
831 4220 840 4240 .
874 4164 987 4264 quod
1015 4160 1340 4248 illustrissimum
1367 4165 1440 4244 do·

1582 4136 1592 4253 l
