3234 5116
313 534 315 542 ⁴
407 563 741 665 occxnrn.
772 585 883 696 1421,
926 590 974 660 ιο
1000 581 1404 716 sept-emtus„

400 777 581 850 Opronopu
607 775 832 834 Mserannonn
857 793 1048 852 nocnauuny
1075 793 1159 848 ross
1183 779 1402 850 Bncnncnorn

559 895 669 970 upum,
694 880 813 954 tonany
837 879 1001 954 beopiyiro.
1028 877 1238 964 (Cnpnteno.)
1596 827 1598 924 i

283 1127 286 1140 ,
356 1091 360 1099 Δ
456 1047 578 1145 Quod
619 1046 927 1149 respondeatur
964 1047 1092 1126 nobiti
1121 1051 1212 1128 viro
1242 1049 1322 1126 Ser
1360 1049 1445 1124 Jo-

353 1171 534 1250 bnnni
562 1168 857 1268 Georgio‚
894 1169 1187 1249 ambassiatori
1216 1179 1363 1248 nostro
1392 1169 1446 1249 ad

354 1288 569 1366 dominnm
599 1313 790 1388 regem
822 1290 1013 1368 bossin
1029 1315 1098 1376 ape,
1128 1291 1168 1366 iu
1197 1292 1277 1369 hac
1292 1291 1445 1368 torma:

456 1409 707 1512 Recepimus
746 1411 907 1488 litteras
928 1411 1105 1488 :vestras
1129 1410 1248 1488 datas
1289 1411 1328 1488 V
1343 1412 1354 1485 i
1371 1435 1447 1486 so·

355 1529 452 1607 chi
481 1530 549 1608 die
581 1534 628 1606 17
657 1529 814 1606 mensis
842 1529 1018 1629 Augusti
1047 1531 1195 1632 elapsi,
1236 1553 1313 1632 per
1341 1553 1447 1632 quas

354 1649 549 1728 distincte
581 1657 624 1728 et
643 1647 845 1728 'ordinate
884 1649 1113 1751 scripsistis
1141 1657 1284 1728 nostro
1314 1651 1445 1728 domi·

353 1773 453 1857 nio,
496 1771 635 1850 omnia
671 1795 750 1874 per
786 1797 862 1848 vos
890 1772 1093 1875 pretiosis
1121 1795 1256 1876 usque
1285 1772 1468 1868 dictum,

258 1900 262 1908 ’
354 1891 478 1980 diem,
508 1917 602 1968 cum
617 1891 891 1970 serenissimo
920 1893 1131 1968 dom-ino
1165 1915 1297 1991 rege
1324 1891 1445 1966 Bos·

352 2011 517 2104 sinae,
547 2021 589 2091 et
617 2013 728 2113 quod
758 2036 887 2113 super
903 2013 1113 2089 omnibns
1137 2035 1213 2113 per
1239 2035 1318 2089 vos
1336 2035 1446 2090 snae

333 2133 572 2210 serenitati
626 2133 839 2234 expositis
868 2142 1092 2234 acceperet
1131 2131 1366 2209 terminum·
1394 2133 1447 2210 ad

353 2255 723 2356 respondendum,
765 2254 861 2353 quin
902 2252 1069 2332 volebat
1098 2277 1191 2330 esse
1233 2275 1328 2331 cum
1357 2256 1445 2331 suis

354 2374 583 2452 baronibus
612 2375 654 2450 in
685 2372 863 2449 consitio
898 2375 1229 2472 congregando,
1266 2375 1446 2452 sicut-in

358 2494 479 2571 dictis
506 2497 658 2570 restris
688 2494 838 2569 litteris
866 2493 1107 2570 continetur
1135 2499 1217 2573 etc.
1246 2495 1311 2572 Ad
1340 2519 1446 2597 quas

353 2614 514 2691 litteras
560 2620 720 2691 rostras
751 2612 1056 2712 respondentes
1088 2672 1097 2692 .
1126 2671 1136 2690 .
1167 2668 1177 2687 .
1205 2615 1447 2700 scribimus,

351 2735 602 2834 ....quia
642 2735 683 2810 in
713 2731 967 2812 comissione
1010 2737 1146 2808 restra
1189 2734 1445 2833 continetur,

352 2851 464 2952 quod
507 2852 680 2954 possitis
717 2851 967 2952 promittere
997 2853 1111 2928 dicto
1142 2851 1312 2930 domino
1355 2857 1448 2953 regi

354 2977 499 3049 contre
528 2973 807 3048 comitem
848 2969 1177 3052 Johnn'nem
1215 2972 1279 3050 de
1310 2971 1445 3051 Citi·

352 3117 454 3168 nes
495 3091 749 3194 ballistarios
779 3099 852 3168 100
879 3115 1014 3193 usque
1044 3097 1138 3178 150,
1179 3149 1189 3170 .
1228 3153 1235 3166 .
1273 3101 1364 3198 ,Act
1391 3097 1446 3172 de

352 3212 529 3291 subditis
558 3219 764 3292 terrarum
784 3217 1034 3305 nostrarum
1064 3215 1116 3290 de
1144 3213 1252 3304 inde3
1281 3201 1324 3292 et
1349 3217 1447 3316 quia

353 3359 436 3412 non
464 3334 949 3436 specificaturnumerus
978 3335 1182 3412 dictarum
1207 3343 1446 3412 nostrarum

354 3457 616 3555 gentium..
646 3514 653 3530 .
683 3453 803 3532 robis
834 3439 1116 3551 declaramuS,
1160 3457 1272 3563 quod
1300 3461 1446 3534 sumus'

355 3578 571 3669 contenti,
614 3581 729 3678 quod
767 3577 1022 3678 specificetis
1060 3578 1183 3654 istum
1210 3603 1445 3664 numerum,

304 3695 307 3706 '
354 3700 461 3777 ultre
499 3697 754 3778 ballistarios
782 3701 833 3778 ad
861 3721 1080 3775 numerum
1109 3701 1446 3801 quingentorum

358 3829 400 3898 et
427 3819 462 3896 si
488 3821 632 3923 piures
662 3820 769 3898 mitti
795 3826 1020 3924 poterunt,
1047 3823 1191 3924 piures
1218 3823 1444 3901 mittemus.

355 3940 824 4017 ..........οἱ
853 3963 957 4016 vero
1002 3949 1304 4020 occureret..
1332 3944 1446 4043 quod

359 4055 494 4134 dictus
524 4081 601 4134 rex
632 4064 798 4160 peteret
824 4061 912 4137 sive
941 4059 1027 4160 peti
1053 4057 1214 4137 iaceret
1239 4058 1444 4136 subventi-

358 4199 482 4252 onem
513 4177 798 4280 denariorum,
825 4181 920 4281 quia
948 4179 1087 4282 potius
1114 4179 1240 4256 veliet
1268 4178 1443 4257 subren-
