3230 5104
352 341 417 410 458

366 546 762 646 cnnxxvnl.
807 571 918 765 ipss.
960 575 1021 646 n.
1065 567 1430 658 Novembris,

768 689 822 766 in
870 689 967 769 iot.
996 693 1032 766 d.

372 880 581 956 llpnsnaerin
603 898 749 955 xepuera
775 883 931 940 Crecaua
955 898 1104 940 coerorn
1130 883 1255 952 Conse,
1281 899 1319 940 ua
1343 901 1419 940 uae-

714 1001 814 1044 uanno
840 1001 1078 1043 onacrearroo.

454 1152 726 1252 Privilegium
754 1151 1022 1231 illustrissimi
1063 1153 1219 1230 domini
1261 1153 1441 1234 Stela·

310 1283 315 1300 ’
351 1277 404 1352 ni
432 1274 602 1352 ducis
631 1301 664 1350 s.
695 1275 841 1351 Save
870 1277 952 1350 etc.
982 1274 1052 1374 qui
1080 1276 1134 1352 de
1160 1297 1341 1354 numero
1367 1300 1441 1352 no·

351 1395 491 1471 bilium
520 1398 689 1494 majoris
718 1393 882 1474 consilii
909 1399 974 1470 est
1002 1403 1190 1482 creatus,
1220 1419 1313 1473 cum
1344 1393 1442 1474 liliis

349 1525 392 1593 et
417 1515 646 1596 heredibus
675 1511 780 1595 suisJ
1109 1616 1112 1626 Ι

452 1637 812 1717 Franciscus
841 1637 1086 1716 Fo'scari
1116 1638 1443 1736 deigratiadux

350 1759 621 1838 venetiarum
664 1760 766 1837 etc'
794 1756 1009 1837 Universis
1058 1765 1101 1834 et
1142 1759 1313 1859 singulis
1354 1768 1442 1837 tarn

349 1878 494 1958 amicis
537 1905 659 1983 quam
703 1878 919 1967 fidelibus,
961 1887 1113 1958 ettam
1150 1879 1442 1983 presentibus,

349 2021 470 2099 quam
500 1999 648 2077 tuturis
677 2021 850 2099 presens
885 1999 1150 2102 privilegium
1185 1999 1465 2102 inspecturis·

351 2118 527 2196 salutem
557 2129 599 2196 et
627 2105 794 2196 sincere
822 2118 1064 2198 dilectionis
1107 2117 1318 2197 allectum.
1360 2120 1444 2196 Dir-

179 2226 191 2247 “
237 2311 239 2320 ,
348 2239 450 2319 calis
477 2239 713 2317 excelentia
743 2240 783 2314 in
801 2237 1065 2319 liberalitatis
1084 2238 1284 2341 operibus
1315 2240 1441 2319 solita

347 2359 626 2439 celeberrime
656 2359 915 2446 conversari,
943 2366 1056 2438 tanto
1086 2361 1263 2463 amplius
1291 2385 1440 2462 perso·

349 2505 422 2558 nos
450 2477 703 2579 magnificas,
733 2489 774 2558 et
810 2480 1022 2580 dignitatis
1062 2479 1232 2558 honore
1275 2483 1441 2583 conspi-

349 2625 449 2680 cuas
476 2603 700 2706 prevenire
729 2602 869 2680 studet
895 2601 1131 2682 bonoribus
1160 2611 1204 2678 et
1226 2601 1443 2681 dotalibus

348 2723 549 2827 ampliare
590 2721 827 2810 favoribus,
871 2731 1023 2824 quanto
1075 2723 1244 2800 ducatui
1287 2731 1440 2802 nostro

348 2843 654 2922 amicabiliores
695 2841 894 2945 operibus
935 2867 982 2918 se
1024 2844 1266 2920 ostendunt.
1322 2839 1440 2920 Unde

347 2988 443 3041 cum
470 2962 640 3040 illustris
661 2963 850 3040 dominus
881 2963 1133 3042 Stefanns
1162 2962 1266 3038 dux
1294 2986 1438 3040 sanc·

345 3082 588 3169 tonare,
618 3109 667 3160 ac
709 3082 1153 3182 regniBossine
1198 3105 1439 3190 magnus

346 3204 595 3282 vair-oda
624 3209 706 3280 elo.
748 3227 918 3305 semper
946 3201 1074 3280 fuerit
1102 3209 1143 3278 el
1172 3205 1225 3279 sit
1252 3201 1437 3282 dilectis·

347 3327 474 3402 simus
515 3331 558 3399 et
584 3321 919 3426 perfectissimus
949 3323 1106 3401 amicus
1135 3323 1268 3400 nostri
1306 3323 1441 3402 domi·

348 3445 418 3534 nii,
444 3446 553 3523 siout
578 3469 654 3546 per
684 3441 911 3522 laudabiles
940 3454 981 3522 el
1001 3441 1216 3521 notabiles
1259 3443 1439 3522 effectus

350 3567 557 3653 ostendit,
601 3571 744 3642 uotum
799 3563 888 3642 lieri
939 3565 1129 3642 volumus
1190 3561 1439 3666 unicuique,

350 3687 461 3789 quod
478 3686 593 3766 omni
606 3685 708 3762 iuris
725 3685 1011 3772 consiliorum,
1041 3685 1438 3762 ordinamentorum

347 3814 590 3886 nostrorum
619 3805 856 3886 necessaria
875 3807 1124 3886 solennitate
1151 3815 1315 3884 serrata
1343 3830 1439 3910 pre·

346 3930 474 4006 latiam
503 3927 709 4006 illustrem
738 3925 953 4003 dominum
991 3927 1295 4006 Stelanum
1337 3951 1438 4005 cnm

345 4051 435 4146 ejus
464 4047 559 4126 tiliis
587 4057 628 4126 et
655 4045 884 4124 heredibus
914 4045 1096 4146 legitime
1125 4043 1175 4122 ab
1192 4048 1440 4124 eodescen·

345 4168 550 4269 dentibus,
581 4167 631 4246 ad
660 4157 938 4245 numerumct
963 4168 1203 4246 denumero
1232 4162 1442 4244 nobilium
1479 4189 1493 4213 ·
