3186 5112
218 617 438 698 vaivodam
482 619 608 698 etiam
636 643 715 696 suo
756 611 982 722 privilegio
1025 617 1309 714 confirmatae,

219 744 261 816 et
283 766 365 838 que
381 745 519 818 tamen
546 747 741 820 tenentur
770 747 909 818 cestro
938 739 1122 819 debitum
1139 743 1307 828 redere.

218 861 451 938 secundum
482 858 827 938 consuetudinem
856 859 1061 946 nobilium
1091 862 1214 940 castri
1238 862 1308 940 vil·

221 983 350 1058 tuum
372 985 415 1059 et
430 981 621 1060 locorum
650 982 955 1082 predictorum,
982 992 1025 1058 et
1054 1005 1149 1059 cum
1178 982 1306 1060 omni·

219 1100 293 1178 bus
321 1100 422 1192 eliis,
449 1124 533 1203 que
564 1105 660 1200 Jure
688 1100 787 1177 dicti
817 1101 944 1180 castri
972 1101 1080 1179 infra
1107 1105 1198 1200 ejus
1226 1127 1306 1178 me-

219 1227 279 1298 tas
306 1218 448 1319 babet,
479 1225 607 1308 tenet,
637 1226 679 1300 et
705 1221 906 1324 possidet,
935 1220 1153 1308 babuerit,
1194 1229 1306 1300 tenu·

218 1341 323 1433 erit,
364 1349 406 1420 et
433 1339 699 1444 possederit,
739 1365 818 1444 per
844 1349 1037 1446 tempora
1066 1341 1308 1442 longissima

222 1468 459 1553 retroacta,
499 1471 541 1542 ct
568 1486 701 1568 usque
731 1464 771 1540 in
800 1473 1043 1565 presentem
1089 1463 1225 1552 diem,
1265 1473 1307 1542 et

218 1582 300 1660 boc
328 1583 476 1684 precio
492 1591 535 1662 et
548 1585 716 1662 nominc
744 1581 882 1686 precii
911 1582 1162 1663 ducatomm
1192 1583 1305 1684 quin·

219 1729 301 1804 que
329 1703 500 1782 millium
538 1705 628 1782 auri
670 1704 797 1798 boni,
843 1707 885 1778 et
905 1702 1009 1802 j'usti
1036 1701 1236 1804 ponderis
1263 1709 1306 1780 et

219 1822 342 1902 cunei
370 1823 655 1920 Venetiarum,
686 1821 800 1926 quod
825 1823 1015 1923 precium
1044 1820 1182 1900 dictus
1210 1845 1304 1924 pro·

219 1953 401 2031 curator,
430 1949 473 2020 et
493 1943 691 2022 venditor
719 1943 956 2021 antedictus
983 1941 1058 2020 luit
1086 1942 1304 2021 confessor

218 2071 260 2141 et
290 2071 512 2143 contentus
538 2065 748 2156 habuisse,
776 2073 818 2144 et
845 2065 1078 2168 recepisse,
1109 2071 1152 2140 et
1164 2064 1227 2142 sic
1257 2087 1303 2142 re

217 2207 316 2262 vcra
344 2183 499 2276 habuit,
524 2185 821 2288 eteospretati
849 2193 1079 2288 emptores,
1107 2185 1303 2289 prelibati

216 2308 374 2388 ducalis
415 2309 592 2386 dominii·
627 2309 904 2387 venetiarum
941 2307 1077 2384 eidem
1105 2327 1302 2412 procura-

218 2427 325 2512 tori,
365 2425 486 2536 dictis
526 2428 769 2506 nominibus
808 2429 848 2508 in
877 2427 1091 2530 presentia
1133 2427 1302 2504 testium

216 2547 606 2652 infrascriptum,
647 2557 689 2628 et
724 2552 807 2628 mci
848 2548 1003 2630 notarii
1031 2546 1303 2650 infrascripti,
1450 2635 1453 2646 ,

215 2668 424 2748 dederunt
463 2669 724 2749 tradiderunt
753 2680 795 2750 et
823 2679 1152 2750 numeraverunt
1178 2692 1301 2772 quen·

215 2790 373 2868 titatem
402 2791 531 2893 ipsam
560 2802 602 2871 et
629 2793 783 2872 dictum
813 2795 1026 2898 precium,
1055 2792 1302 2897 exceptioni

214 2908 294 2990 sibi
322 2911 442 2990 dictis
468 2912 706 2992 nominibus
734 2937 816 2991 non
845 2915 929 2994 dati
957 2939 1039 2992 non
1067 2912 1219 2997 soluti,
1260 2919 1303 2992 et

215 3055 299 3109 nou
325 3035 533 3112 numerati
561 3035 715 3138 precii,
745 3037 944 3137 omnique
972 3033 1041 3112 alii
1070 3035 1210 3133 legum
1233 3055 1301 3110 au·

218 3150 320 3231 xilio
349 3155 519 3234 omnino
536 3159 799 3245 renuncians,
826 3157 1078 3258 promittens
1096 3154 1301 3233 dictlsno·

217 3273 393 3352 minibus
419 3300 498 3375 per
522 3303 599 3356 eos
627 3283 714 3379 ejus
743 3280 1047 3358 constituentes
1064 3273 1302 3354 etheredea

218 3397 260 3470 et
274 3417 548 3476 successores
564 3398 666 3501 ipsis
696 3399 957 3503 emptoribus
990 3399 1105 3475 dicto
1133 3392 1300 3470 nornine

217 3513 513 3618 stipulantibus
541 3525 583 3595 et
610 3519 936 3625 recipientibus,
963 3519 1078 3596 litem
1105 3515 1173 3594 vel
1203 3537 1298 3593 con·

215 3634 465 3712 troversiam
507 3637 567 3716 cis
609 3638 726 3719 dicto
773 3640 943 3720 nomine
983 3637 1067 3716 ullo
1109 3643 1300 3735 tempore

217 3777 299 3834 non
328 3755 498 3845 inferre,
528 3783 608 3839 nec
637 3761 857 3840 inferrenti
885 3759 1139 3858 consentire,
1154 3756 1227 3834 sed
1241 3755 1299 3858 ip·

217 3901 308 3953 sum
338 3885 519 3957 castrum
550 3889 633 3960 tam
659 3884 699 3960 in
720 3883 981 3986 proprietate
1011 3899 1133 3982 quam
1149 3879 1189 3956 in
1206 3900 1300 3982 pos·

218 3997 421 4086 sessione,
449 3997 501 4080 ab
530 4003 641 4080 omni
668 4002 852 4090 homine,
881 4004 1063 4095 comuni,
1080 4005 1122 4079 et
1143 3997 1299 4078 univer·

216 4118 338 4198 sitate
367 4121 551 4221 legitime
578 4124 819 4212 defendere,
848 4122 1147 4222 etdisbrigare,
1176 4125 1299 4224 atque

217 4241 554 4330 excalumniare,
596 4247 638 4318 et
665 4241 895 4344 predictam
933 4241 1214 4322 venditionem
1255 4246 1300 4318 et

219 4362 358 4439 omnia
387 4365 429 4438 et
456 4363 616 4462 singula
645 4365 941 4466 suprascripta,
969 4371 1010 4442 et
1037 4359 1299 4463 infrascripta
