3212 5116
1199 402 1262 470 1oe

167 617 219 692 nd
251 613 383 693 dietas
436 617 605 716 portes,
633 614 675 688 et
703 608 968 690 conversatio
1022 617 1261 688 nostrorum

166 733 322 812 ibidem
361 732 483 808 vaide
523 732 657 834 possit
698 755 790 808 esse
833 731 943 808 utitis
975 743 1020 808 et
1046 730 1261 808 Iruotuosu

165 882 246 960 pro
278 858 393 933 bono
419 860 463 930 et
490 855 644 932 dextro
685 861 931 932 nostrorum
960 857 1261 940 mercatorum,

73 1060 76 1065 ,
165 973 279 1052 vadit
305 996 417 1078 pers,
445 973 560 1074 quod
600 976 822 1074 postquam
852 972 989 1050 dietus
1018 971 1260 1064 embaxator

14 1151 15 1196 p
165 1101 232 1173 est
259 1101 483 1174 contentus
510 1093 652 1172 redire
681 1093 731 1170 od
760 1094 914 1170 dictum
958 1094 1171 1171 dominum
1198 1115 1260 1171 su·

164 1239 246 1312 um,
263 1215 375 1292 nuIIa
389 1213 531 1292 habite
556 1216 838 1317 responsione
854 1237 987 1316 super
1002 1213 1113 1291 fecto
1142 1233 1259 1310 guer-

14 1323 15 1368 ³
163 1360 224 1434 re,
268 1361 391 1438 quam
427 1339 624 1439 petebat,
667 1343 710 1413 et
738 1336 854 1414 serre
896 1359 1042 1414 seeum
1071 1339 1113 1410 et
1141 1357 1257 1434 prae·
1381 1351 1384 1362 ·

14 1539 15 1542 t
165 1439 334 1536 sentnre
364 1457 534 1536 domino
562 1483 639 1535 suo
667 1457 904 1560 praedicto,
935 1458 1102 1560 copiam
1139 1453 1257 1534 Iiber-

165 1583 294 1655 tutum
323 1584 364 1654 et
391 1576 728 1662 franchisiarum.
756 1601 859 1680 quas
881 1575 1040 1655 habere
1067 1576 1258 1654 volumus

14 1697 15 1700 ’
164 1700 204 1776 in
233 1697 356 1777 dictis
383 1697 587 1802 partibus.
640 1698 868 1796 Dominus,
900 1697 1123 1786 consilarii,
1153 1697 1258 1799 oapi·

164 1829 204 1896 tn
233 1825 277 1896 et
303 1817 513 1920 sapientes
546 1818 768 1911 ordinum,
809 1817 992 1897 habeant
1020 1819 1256 1896 libertatem

161 1963 244 2041 per
268 1941 474 2036 majorem
501 1947 689 2041 partem,
721 1939 823 2016 dere
852 1940 966 2018 dioto
998 1937 1257 2018 ambaxatori

161 2060 231 2136 itta
258 2059 460 2161 capitula,
489 2083 597 2162 quae
626 2059 706 2138 sibi
734 2059 846 2138 utitia
886 2061 1166 2146 videbuntur,
1194 2081 1256 2136 su·

162 2203 241 2282 per
267 2179 378 2258 iacto
420 2181 626 2260 dictorum
668 2181 990 2260 franchisiarum
1020 2187 1063 2258 et
1096 2179 1256 2260 Iiberta-

14 2313 15 2348 ?
162 2311 260 2380 tum.
300 2300 353 2380 IIt
378 2301 519 2380 habita
560 2304 844 2405 responsione
885 2303 1113 2404 superinde
1141 2302 1254 2380 veni·

161 2429 281 2498 entes
309 2424 457 2522 postea
484 2421 578 2507 huc,
608 2428 651 2500 et
677 2421 751 2500 flet
778 2425 885 2500 sicut
911 2419 1133 2501 videbitur.
1175 2422 1254 2498 Ve-

160 2565 252 2619 rum
287 2541 449 2620 dicatur
475 2541 589 2621 dioto
632 2540 915 2635 amoeniori,
976 2542 1086 2643 quod
1114 2544 1253 2646 prImo

14 2647 15 2656 Ν
159 2667 203 2739 et
230 2671 326 2741 ante
354 2663 493 2740 omnia
532 2669 706 2742 nostrae
734 2662 1025 2766 dispositionis
1054 2671 1101 2742 et'
1122 2663 1251 2741 inten-

160 2785 287 2863 tionis
318 2791 404 2870 est.
426 2784 556 2887 -quod
608 2783 782 2863 satisfiat
807 2805 886 2888 per
912 2784 1068 2863 dictum
1122 2785 1251 2862 domi·

158 2931 259 2983 num
286 2903 434 2982 duram
462 2905 618 2985 nostris
643 2905 830 2990 Venetis,
859 2929 967 3007 quae
995 2904 1154 2983 habere
1182 2907 1251 2984 de·

158 3030 261 3105 bent
288 3027 339 3102 ab
367 3027 459 3131 ipso
487 3025 539 3103 de
567 3025 720 3104 debitis
748 3033 792 3104 et
820 3027 979 3104 damnis
996 3027 1092 3114 suis,
1120 3035 1166 3106 ut
1188 3029 1251 3126 ju·

158 3155 268 3224 stum
298 3153 372 3226 est.
1221 3175 1223 3180 ’

519 3241 614 3316 Missi
639 3249 698 3316 del
720 3251 860 3316 Senatu
886 3247 1047 3316 XXXIII.
1073 3251 1130 3316 ch.
1152 3248 1208 3314 45.
1329 3349 1335 3358 ι

250 3403 521 3505 cxxvii.
575 3421 1070 3506 1369.1ndict.vlll.
1099 3429 1156 3500 18.

517 3543 903 3649 Septembris.

158 3691 208 3746 fla
245 3686 356 3761 noroy
396 3702 586 3744 norrenses
622 3706 706 3762 napa
753 3691 953 3762 cpoonorn,
986 3703 1024 3760 na
1055 3700 1249 3760 ueponyore

121 3797 125 3810 '
159 3791 342 3850 strennum
379 3805 531 3848 oenonru
569 3805 700 3864 napenn
726 3793 1099 3867 1·pspniioropn‚uon
1125 3791 1247 3865 edys-

157 3912 314 3954 ronnm
341 3911 472 3968 napeen
498 3897 636 3970 hypate
661 3899 832 3954 Beamntn
858 3897 980 3965 odceo,
1004 3911 1201 3954 assumens
1227 3913 1245 3953 e

161 4017 310 4060 noounru
337 4015 541 4081 doersum,
563 4017 600 4072 ne
625 4016 799 4074 uocpepye
836 4001 960 4074 κενεὴ]
998 4001 1111 4074 hypio
1135 4017 1154 4057 u
1178 4003 1246 4058 tio-

251 4121 391 4180 ropese,
414 4123 450 4176 pa
476 4121 515 4162 oe
541 4119 649 4180 osope
674 4124 691 4162 u
715 4121 752 4176 ua
778 4119 948 4180 npeorauy
972 4121 1152 4178 perorans.

265 4237 410 4342 Capta:
440 4207 544 4319 Cum
572 4238 766 4318 dominus
793 4240 1104 4344 imperator
1130 4243 1242 4340 Ras-

978 4359 1038 4422 13s
