3224 5110
194 629 196 636 ,
231 577 234 585 ·
322 563 507 644 tionibus
547 585 647 640 sure
689 557 966 638 excellentiae
1008 561 1301 662 providebitur
1330 561 1417 667 ¹per

244 677 247 684 Δ
321 684 506 772 modum,
534 681 647 785 quod
676 678 969 760 serenissimus
989 681 1302 760 demiuuo'rex
1330 685 1417 764 ro·

321 807 518 885 toniue
547 813 599 882 et
626 801 974 900 Hungeriee,
1002 803 1088 882 hoo
1112 807 1322 907 praesenti
1351 833 1418 885 ve-

322 954 381 1018 re,
409 951 489 1006 uon
517 951 611 1004 oum
642 925 734 1028 ipso
764 922 976 998 ilustri
1017 926 1255 1003 domino
1294 929 1417 1006 des·

300 1059 390 1152 'po
406 1058 420 1124 t
436 1071 476 1130 o,
504 1049 598 1124 eum
627 1041 922 1147 potentissimo
956 1045 1150 1125 exercitu
1176 1069 1223 1122 se
1252 1045 1417 1126 conier-

323 1177 389 1247 ret
429 1176 576 1246 contre
618 1164 803 1269 perfidos
839 1165 1142 1249 Terrorem
1179 1175 1223 1244 ut
1259 1168 1313 1244 de
1340 1167 1420 1245 iilis

322 1288 513 1392 pertibus
550 1285 707 1364 Christi
744 1284 926 1363 fidetium
955 1287 1246 1390 expoliuntur.
1286 1295 1418 1389 utque

321 1407 432 1486 idem
474 1405 671 1484 dominus
719 1405 1014 1508 despotus
1054 1406 1336 1504 reintegretur
1375 1415 1419 1483 et

322 1528 376 1606 sit
403 1526 512 1604 bene
552 1549 728 1604 neurus
757 1527 797 1602 in
826 1532 933 1602 stetu
962 1547 1066 1612 suo;
1102 1525 1152 1603 ad
1179 1549 1303 1627 quum
1334 1527 1420 1626 qui·

323 1653 420 1728 dem
450 1666 538 1724 rem
576 1673 656 1725 nos
692 1671 863 1750 semper
891 1647 1043 1724 fuimus
1071 1654 1114 1723 et
1141 1671 1309 1735 sumus,
1336 1671 1420 1750 pro

312 1775 524 1870 ¹‹puttntum
554 1767 604 1847 ed
632 1791 710 1844 nos
737 1768 898 1853 attinet.
930 1767 1086 1870 optime
1115 1775 1254 1847 mente
1283 1767 1422 1871 dispo·

323 1888 440 1968 sitos.
470 1887 524 1966 ut
549 1888 584 1964 si
611 1887 720 1964 idem
746 1889 1038 1968 serenissimus
1053 1910 1130 1964 rex
1158 1895 1201 1964 et
1227 1887 1424 1964 dominus

325 2008 350 2120 ti
366 2035 390 2086 e
406 2037 425 2086 s
440 2035 466 2112 p
484 2013 541 2085 ot
557 2033 582 2084 u
598 2033 617 2084 s
645 2031 740 2086 cum
771 1999 935 2112 potenti
950 2008 1140 2085 exercitu
1167 2005 1298 2095 ibunt,
1311 2005 1422 2084 siout

324 2127 552 2234 perfertur,
582 2152 658 2206 nos
687 2128 920 2205 infoiiunter
948 2126 1160 2206 mittemus
1188 2127 1331 2226 gotero
1350 2149 1423 2203 no

324 2253 595 2350 strns,quue
635 2248 807 2326 nomine
848 2247 1049 2324 summi
1091 2243 1424 2349 pontificis

323 2367 392 2446 hic
421 2376 647 2460 armentur,
673 2369 715 2446 iu
744 2369 935 2447 strictum
964 2365 1254 2470 (iuiipotis
1282 2363 1421 2443 odim·

324 2489 589 2591 puniendum.
609 2490 828 2569 transitum
863 2489 917 2566 de
944 2487 1070 2566 Asia
1098 2485 1137 2564 io
1164 2485 1423 2590 Europam

325 2617 367 2687 et
394 2614 606 2690 eontra
640 2609 898 2689 'l'eueris
932 2608 1173 2698 antedictis,
1201 2617 1244 2686 ut
1273 2631 1423 2708 sequo-

276 2743 278 2753 '
326 2743 394 2806 tur
419 2731 492 2808 iiie
532 2729 709 2810 effoetus
736 2731 776 2806 iu
804 2730 889 2809 hoc
916 2733 1064 2808 sonnio
1108 2750 1266 2830 opere,
1295 2749 1424 2828 quom

325 2853 412 2928 toto
440 2862 582 2928 mento
610 2850 925 2938 desiderumuo3
951 2849 1069 2926 dubis
1100 2873 1270 2952 quoque
1298 2847 1426 2926 infor·

325 2969 552 3050 motionem
581 2971 659 3072 ipsi
686 2972 860 3052 domino
890 2972 915 3049 d
935 2997 992 3048 es
1009 2996 1035 3072 p
1052 2995 1078 3046 o
1095 2976 1111 3046 t
1127 2997 1176 3054 o,
1206 2969 1259 3046 de
1286 2965 1443 3070 provi-A

326 3088 518 3170 sionibus
544 3091 613 3170 hio
642 3091 778 3187 foetis,
808 3101 889 3192 pr'o
918 3097 1181 3170 armamento
1208 3090 1424 3188 gotnorum

327 3211 651 3314 praedictorum,
679 3211 787 3292 siout
811 3212 1053 3304 continetur
1079 3211 1121 3288 in
1152 3208 1425 3315 eupituioex·

325 3331 548 3436 positionis
575 3359 655 3438 per
683 3343 721 3412 to
751 3335 890 3414 fiendo
918 3332 1192 3412 serenissimo
1221 3332 1324 3432 regi.

676 3471 781 3536 Seor.
804 3487 906 3536 cons.
930 3485 1007 3555 rog.
1033 3469 1108 3533 Lib.
1130 3465 1222 3533 xvl.
1248 3467 1301 3531 eit.
1324 3467 1378 3534 Ἃ

324 3617 561 3738 Cum.
592 3660 705 3738 unu
733 3665 795 3738 zo.
826 3658 1055 3748 uarum,
1094 3657 1301 3738 inuret.
1331 3627 1424 3736 vu.

697 3779 750 3856 in
787 3779 1049 3856 Seniani.

326 3937 491 4012 Urosopn
514 3954 714 3998 rosumere.
746 3937 867 4016 rueby
890 3939 1069 4000 morsui·
1094 3935 1290 4008 rnatum·
1322 3953 1422 3996 ιιοιι

678 4045 833 4102 Crenaee
857 4044 1072 4120 sspuoeurir.

428 4173 563 4279 Copia
600 4175 881 4280 ospituiorum
908 4199 986 4256 eeu
1002 4171 1310 4258 enarrationis
1337 4172 1421 4251 uni·
