3224 5110
1224 405 1288 471 433
1329 467 1331 472 .

198 629 275 710 pen
303 606 593 706 screnisimum
635 607 848 686 dominum
886 609 1038 688 ducem
1084 635 1286 714 exposue-

200 734 307 818 runt,
334 727 573 830 praefatum
590 753 725 804 seren.
742 730 954 806 dominum
979 754 1120 830 regem
1138 731 1289 811 haben·

198 857 282 926 tem
328 848 663 950 acceptissimam
706 851 1050 938 nominationem,
1081 853 1283 952 quamde

198 993 251 1046 co
283 967 461 1045 fecimus
490 969 529 1046 in
570 970 864 1069 (conclusione
906 973 1042 1073 pacis)
1072 974 1122 1051 ad
1165 999 1287 1074 quam

198 1086 440 1165 devenimus
485 1113 579 1166 cum
620 1088 890 1166 serenissimo
932 1091 1105 1188 domino
1148 1115 1289 1191 nego

202 1207 232 1286 A
249 1233 304 1285 ra
320 1231 346 1307 g
361 1235 386 1284 ο
403 1235 427 1283 n
445 1235 470 1284 u
488 1233 538 1297 m,
567 1211 680 1286 ittam
710 1211 954 1298 ratificasse,
970 1220 1010 1288 et
1026 1214 1290 1313 assignarunt

200 1331 343 1406 literas
372 1354 466 1405 suas
492 1337 684 1432 patentes
714 1333 753 1409 in
783 1358 831 1410 aa
863 1333 1047 1421 materian
1077 1339 1117 1408 et
1145 1331 1290 1408 stibec-

200 1449 520 1550 quentecquod
563 1458 818 1527 castrum
862 1451 1183 1530 Ostrovizc
1224 1452 1290 1528 de·

198 1569 358 1646 fecerat
386 1593 408 1644 a
438 1572 645 1650 comite
677 1572 910 1661 Piccho,
939 1580 983 1650 et
1010 1572 1196 1674 siipsum
1221 1595 1289 1646 vo·

205 1688 396 1766 lebamus
425 1699 515 1767 erat
542 1693 579 1769 ei
610 1693 884 1791 gratissimum
903 1704 944 1768 ut
959 1694 1057 1770 ittud
1076 1692 1290 1792 accipere·

201 1835 304 1896 mus,
334 1811 500 1912 quando
529 1812 859 1914 vecouomquia
888 1817 1036 1914 precio
1069 1813 1167 1890 ittud
1204 1837 1292 1913 spe-

202 1939 264 2010 rat
291 1930 463 2021 habene,
493 1933 726 2010 contentari
765 1935 970 2022 velimus,
1011 1933 1123 2034 quod
1154 1935 1287 2035 ipsum
1388 2004 1391 2021 ,

199 2054 391 2154 accipiat.
444 2052 494 2130 Et
535 2054 722 2132 tentio
754 2054 870 2156 qnod
898 2055 938 2131 in
981 2054 1188 2131 divisione
1229 2057 1292 2130 est

202 2198 295 2251 cum
325 2174 577 2274 despoto
608 2171 827 2266 Bassia
856 2183 897 2252 et
926 2199 1021 2252 cum
1051 2199 1103 2250 eo
1136 2174 1291 2249 betium

198 2294 433 2380 habiturus,
464 2301 504 2370 et
541 2297 771 2396 propterea
810 2292 1088 2372 amicabiliter
1129 2301 1291 2382 exorat,
1325 2311 1329 2316 ·

201 2416 313 2511 quod
341 2414 421 2515 ipsi
449 2413 629 2514 desputo
659 2415 801 2492 favone
831 2416 1025 2492 nolimus.
1055 2413 1106 2492 m
1135 2437 1291 2515 quac·

200 2543 256 2610 to
288 2540 437 2611 exorat
465 2540 508 2608 ut
536 2535 586 2610 ad
614 2535 652 2611 Τ
667 2559 690 2610 e
706 2561 731 2612 u
749 2560 773 2611 c
790 2561 849 2612 nu
866 2561 904 2612 m
933 2533 1289 2612 mittenevetimus

202 2654 493 2732 ambassiatam
521 2663 707 2734 nostram
738 2669 780 2735 et
806 2658 1076 2736 intercedere
1118 2661 1161 2732 ct
1189 2680 1285 2733 exo·

200 2800 308 2874 nane,
339 2777 453 2878 quod
492 2778 669 2878 pacifice
711 2803 856 2858 secum
899 2779 1041 2856 vivere
1082 2777 1208 2863 vetit,
1250 2785 1292 2851 ct

200 2899 427 2976 novitatem
471 2899 561 2976 eius
601 2899 816 2979 serenitati
845 2923 927 2975 non
967 2901 1124 2975 facere.
1171 2897 1225 2974 Et
1252 2898 1291 2972 in

200 3021 285 3097 hoc
327 3021 438 3098 hetto
482 3020 593 3122 quod
637 3045 732 3097 cum
774 3020 1027 3121 despoto
1070 3017 1291 3095 habiturus

202 3141 431 3226 est,neut1·i
460 3140 639 3241 partium
670 3141 821 3216 favere.
851 3141 1065 3236 Quinto
1095 3144 1137 3212 et
1165 3135 1292 3213 utti-

202 3285 242 3336 m
260 3286 285 3337 o
316 3259 427 3362 quud
458 3260 553 3361 quia
581 3261 711 3339 habet
739 3261 791 3338 de
818 3269 1014 3362 tempore
1044 3261 1083 3335 in
1127 3267 1291 3360 tempus

203 3405 333 3482 agere
361 3382 401 3460 in
431 3383 509 3462 hac
539 3383 720 3470 civitate,
763 3390 807 3460 et
835 3384 961 3485 cupit,
991 3383 1075 3458 imo
1114 3402 1292 3458 necesse

206 3505 244 3579 ei
274 3503 328 3578 sit
354 3501 518 3581 habene
546 3527 671 3579 tinum
714 3503 803 3580 eius
846 3503 1112 3602 negotiorum
1155 3508 1290 3598 gesto·

204 3649 308 3715 nem,
335 3623 626 3726 deliberetque
656 3623 705 3699 ad
734 3625 818 3699 hoc
845 3647 970 3718 umtm
1001 3631 1190 3698 nostrum
1219 3645 1290 3695 no·

204 3745 332 3824 bitem
361 3746 535 3835 habere,
578 3745 616 3821 ei
643 3745 868 3822 consulere
911 3743 1087 3821 uelimus
1125 3743 1178 3819 de
1207 3767 1290 3817 uno

203 3891 326 3968 quem
352 3866 403 3944 ad
420 3867 503 3945 hoc
518 3866 716 3942 idoneum
745 3889 837 3942 esse
864 3865 1093 3950 videamus;
1121 3885 1290 3963 cespon-

160 4015 166 4030 ·
204 3987 362 4063 doattm:
393 3987 506 4087 quod
536 3982 589 4058 ob
619 3986 870 4082 singularem
900 3981 1123 4062 amicitiam
1152 3991 1195 4057 et
1223 3982 1291 4056 be·

205 4107 472 4186 nivolentiam
502 4131 625 4207 quam
654 4105 855 4184 habemus
884 4107 935 4184 ad
965 4105 1054 4181 eius
1093 4105 1291 4179 serenita-

207 4237 304 4316 tem,
332 4227 441 4306 iltam
471 4227 789 4313 nominavimus,
818 4225 914 4327 quia
932 4247 1080 4302 revera
1109 4223 1292 4301 eiuss'ta·
