3192 5112
1211 425 1275 492 110

178 636 323 703 torem
350 627 469 704 hane.
492 633 678 704 nostram
719 626 994 708 intentionem
1025 639 1066 710 et
1092 629 1272 708 volunta·

179 755 265 823 tem
294 745 452 824 habere
480 753 522 823 et
551 744 759 824 obtinere.

284 865 426 968 Capta:
452 867 609 942 Verum
639 889 734 945 oum
778 879 1055 948 comes‘et
1093 896 1272 950 cornu·

178 1009 240 1062 ne
269 983 515 1086 flagusii‚
546 985 760 1064 intendant
787 989 956 1066 mittere
985 1012 1088 1066 suos
1116 991 1272 1068 ambas·

178 1111 341 1183 satores
368 1105 488 1182 simul
519 1131 616 1183 cum
644 1115 792 1187 nostro
811 1121 854 1186 et
880 1133 1054 1187 munera
1081 1111 1161 1214 ipsi
1187 1109 1272 1186 lm·

177 1254 203 1331 p
221 1234 390 1304 erato
407 1228 454 1302 ri
472 1287 482 1319 ‚
510 1228 618 1305 sicut
660 1251 807 1305 eorum
837 1228 1129 1308 ambax'atores
1165 1227 1272 1306 affir-

178 1353 304 1434 mant,
332 1347 467 1426 dictus
510 1349 773 1428 ambassator
800 1358 947 1428 noster
989 1353 1127 1428 eundo
1156 1352 1273 1454 prius

177 1469 298 1546 vadat
325 1467 393 1544 aa
409 1491 471 1567 gu
486 1495 505 1546 s
520 1469 532 1544 i
548 1497 573 1546 u
590 1495 644 1564 m,
672 1471 742 1548 ubi
769 1481 991 1578 postquam
1020 1471 1081 1548 eis
1110 1471 1273 1550 dederit

175 1590 366 1668 notitiam
394 1591 596 1671 materiae
631 1587 757 1678 su'ae,
786 1594 925 1672 audiat
953 1594 1173 1696 quaerelas
1203 1619 1271 1672 eo·

176 1733 271 1786 rum
300 1717 343 1788 et
384 1713 570 1814 dampna,
608 1739 715 1816 quae
741 1711 853 1818 passi
893 1721 989 1790 sunt
1023 1713 1064 1789 in
1091 1711 1270 1816 imperio

173 1830 413 1934 praedicto,
429 1828 469 1906 in
486 1831 638 1933 quibus
655 1831 735 1934 ipsi
749 1839 899 1935 petunt
926 1831 1269 1918 satisfactionem,

173 1949 440 2028 informando
480 1975 527 2028 se
555 1951 607 2028 de
646 1951 727 2030 hiis
767 1977 874 2054 quae
914 1951 1152 2031 necessaria
1191 1973 1270 2055 pro

174 2073 267 2168 ejus
309 2067 524 2148 ambaxata
566 2071 739 2161 fuerint,
765 2077 810 2148 ut
836 2073 943 2151 sciat
983 2071 1080 2173 quid
1120 2071 1273 2149 habeat

174 2187 319 2265 faeere
347 2187 547 2292 quodque
574 2197 707 2292 petat,
736 2197 778 2269 et
805 2196 954 2293 postea
992 2196 1271 2294 prosequatur

174 2307 378 2387 celeriter
405 2310 487 2387 iter
515 2335 647 2386 suum.
674 2310 730 2387 Et
758 2312 794 2390 si
822 2308 889 2388 do
905 2312 1086 2388 minus
1113 2311 1270 2414 Impe-

175 2437 345 2510 rator
384 2433 626 2535 praedictus
669 2433 927 2512 satisfecerit
966 2431 1166 2535 Raguseie
1203 2439 1272 2509 aut

172 2552 407 2630 concordia
434 2553 733 2646 intervenerit,
762 2557 815 2632 de
845 2580 923 2656 qua
964 2553 1145 2654 Ragusei
1174 2575 1270 2631 con·

172 2679 412 2782 tententur,
452 2677 654 2754 Venetias
696 2683 955 2764 revertatur,
984 2677 1020 2754 si
1048 2679 1184 2751 autem
1218 2671 1271 2748 in·

172 2795 405 2876 tentionem
440 2803 627 2874 nostram
657 2805 699 2876 et
725 2798 912 2900 ipsorem
952 2796 1270 2896 Ragusinorum,

173 2941 275 3018 quas
303 2919 639 3020 supradiximus,
682 2918 915 2996 abeodem
958 2917 1128 2996 domino
1170 2935 1272 3012 rege

171 3037 337 3115 habere
364 3063 450 3116 non
493 3040 651 3141 poterit
690 3037 757 3114 vel
802 3037 1033 3140 complere,
1064 3045 1106 3114 et
1134 3043 1273 3112 essent

174 3157 341 3260 aliquae
371 3159 631 3238 differentiae
654 3159 767 3236 inter
795 3159 930 3264 ipsum
955 3157 1169 3236 dominum
1196 3153 1271 3231 lm·

174 3286 419 3384 peratorem
450 3285 491 3356 et
517 3281 611 3357 illos
642 3278 694 3356 de
723 3277 941 3379 Raguxio,
970 3276 1127 3358 scribat
1161 3277 1273 3376 ipsas

173 3400 296 3478 nobis
326 3408 368 3478 et
396 3401 599 3506 quidquid
626 3399 777 3477 fecerit
812 3398 1090 3489 ethabuerit,
1144 3403 1186 3472 et
1212 3417 1272 3470 su-

171 3544 251 3624 per
277 3520 376 3621 ipsis
405 3544 524 3596 suum
554 3521 781 3599 consilium
800 3527 841 3598 et
857 3525 1054 3624 expectet
1082 3522 1272 3594 nostrum

175 3641 428 3721 mandatum.
819 3718 822 3731 ,

267 3762 410 3864 Capta:
425 3762 654 3840 Praeterea
669 3765 811 3842 audiat
825 3759 1070 3840 ambaxator
1087 3754 1272 3861 praedic·

175 3893 240 3962 tus
258 3883 479 3986 quaerelas
494 3890 740 3962 nostrorum
762 3882 947 3962 omnium
962 3876 1272 3982 dampnificata·

176 4029 282 4104 rum,
305 4005 363 4084 ¹de
392 4007 544 4108 quibus
573 4015 688 4107 petat
714 4006 1038 4085 satisfactionem
1068 4009 1110 4080 et
1137 4021 1273 4076 emen·

177 4125 350 4204 damah
379 4127 530 4206 eodem
559 4125 785 4204 domino
814 4127 1201 4228 Imperatore,
1228 4119 1269 4196 in
