3192 5112
176 591 396 672 tbodoxaa
424 598 467 670 et
493 589 670 668 salutem
711 581 963 674 animarum,
1003 605 1111 687 quae
1158 607 1271 664 nunc

179 722 278 792 sunt
306 719 349 790 et
374 711 538 790 futurae
553 717 662 790 xsum
685 711 728 788 in
757 707 884 788 terris
925 705 1038 796 suis,
1078 703 1271 808 praeiato

178 832 339 913 vicario
368 839 411 908 et
449 830 519 932 qui
553 853 633 932 pro
676 837 871 932 tempore
910 825 950 904 in
992 813 1136 906 oiflcio
1178 825 1271 914 erit,

179 949 359 1030 vocandi
398 949 648 1028 auctoritate
676 947 913 1052 apostolica
941 945 1092 1026 iratres
1128 945 1192 1022 sui
1229 951 1272 1024 et

181 1073 353 1150 aliorum
383 1067 715 1175 approbatorum
743 1067 950 1157 ordinum,
968 1074 1011 1146 et
1034 1066 1272 1170 occupandi

180 1217 257 1270 eos
282 1193 325 1270 in
355 1189 563 1293 obsequio
591 1196 849 1278 memorato,
876 1187 985 1266 etin
1014 1184 1271 1289 quibuslibet

180 1317 230 1394 ad
244 1313 330 1393 boc
345 1311 590 1391 accomodis
606 1309 805 1414 operibus
832 1311 1011 1414 pietatis,
1028 1309 1270 1390 concedere

180 1436 378 1534 dignetur
405 1432 657 1512 facultatem.
694 1431 748 1510 ut
781 1429 893 1533 quod
919 1429 1164 1534 superiores
1192 1453 1270 1508 seu

179 1553 357 1656 praelati
384 1553 579 1630 locorum
609 1551 802 1630 ordinum
815 1549 1111 1654 praefatorum,
1147 1549 1270 1628 buius

181 1671 292 1748 modi
348 1673 500 1751 fraires
557 1672 838 1772 recusationis
895 1672 962 1748 vel
1015 1671 1271 1750 infirmitatis

182 1817 320 1884 cause,
348 1797 400 1873 de
419 1779 598 1874 ¹licentia
627 1797 814 1893 ejusdem
843 1793 1002 1892 vicarii,
1029 1795 1081 1874 ad
1110 1793 1271 1872 iocade

181 1911 329 2014 quibus
358 1937 435 1993 eos
461 1918 604 1996 vocari
634 1914 888 2014 contingerit
915 1912 1155 2004 redeuntes,
1171 1915 1271 1992 cari·

182 2037 309 2113 tative
338 2036 545 2140 recipiant
573 2043 698 2138 atque
728 2041 921 2134 ,tractent
949 2043 991 2112 et
1017 2036 1115 2114 illos
1144 2033 1271 2114 coilo·
1407 2083 1409 2090 >

180 2161 279 2233 cent
306 2159 348 2234 in
375 2157 502 2260 ipsis,
531 2157 727 2258 quotiens
755 2181 836 2258 pro
866 2179 989 2235 causa
1031 2153 1271 2254 hujusmodi

178 2301 257 2379 per
297 2275 453 2355 dictum
492 2278 695 2356 vicarium
735 2277 889 2354 fuerint
929 2275 1145 2378 requisiti,
1186 2299 1271 2354 non

181 2395 440 2474 obstantibus
469 2395 684 2500 quibusvis
711 2397 945 2502 privilegiis
971 2397 1272 2497 seuinduigen·

180 2515 246 2592 tiis
289 2517 488 2620 praefatis
529 2519 747 2598 ordinibus
775 2521 844 2597 vei
886 2519 1082 2622 personia
1108 2543 1271 2604 eorum,

180 2659 256 2714 seu
286 2636 439 2716 officiis
468 2641 551 2732 sub¹
583 2664 832 2742 quacunque
869 2639 1004 2720 forma
1044 2636 1270 2722 vorborum

183 2757 416 2837 concessis.

282 2911 390 2989 ltem
419 2915 532 3014 quod
559 2915 601 2992 in
629 2915 799 3018 singulis
820 2917 1097 3032 conventibus
1115 2913 1272 3015 magnis

71 3119 76 3126 ‚
180 3031 493 3134 provinciarum
539 3035 770 3116 vicinarum
811 3037 1124 3141 praedictorum
1165 3033 1271 3113 ordi·

181 3177 304 3242 num,
344 3155 531 3254 singulos
570 3159 798 3262 neophitos
827 3159 867 3236 in
896 3156 1133 3256 bqursmodi
1173 3180 1272 3234 con·

181 3273 372 3352 ventibus
400 3277 441 3352 in
470 3279 592 3358 latina
632 3282 901 3381 grammatica
943 3281 1052 3360 etin
1080 3276 1272 3356 doctrina

182 3399 352 3470 sanctae
392 3393 600 3476 Romanae
648 3401 870 3488 eeclesiae,
908 3405 1027 3478 certo
1078 3404 1270 3495 tempore

180 3513 473 3614 instruendos,
515 3517 678 3618 quando
706 3519 833 3597 fuerit
859 3541 1051 3604 necesse,
1079 3515 1190 3591 idem
1217 3517 1271 3592 vi·

182 3633 321 3712 carius
347 3637 486 3746 vaieat
512 3640 761 3720 atrctoritate
786 3639 1023 3743 apostolica
1039 3636 1271 3716 collocare.

282 3841 389 3920 Item
431 3845 544 3948 quod
585 3849 721 3928 dictus
748 3846 931 3928 vicarius
958 3843 1176 3951 praedicta
1204 3865 1270 3920 arr-

181 3961 390 4049 ctoritate,
414 3973 572 4060 ,vocare
601 3975 644 4044 et
669 3969 864 4072 recipere
892 3992 941 4045 ac
968 3975 1116 4044 tenere
1137 3964 1271 4041 valeat
1372 3953 1377 3968 “

181 4081 425 4159 sacerdotes
453 4091 494 4162 et
522 4087 708 4166 clericos
735 4086 979 4174 seculares,
1017 4109 1123 4187 quos
1152 4083 1267 4162 dicto

180 4199 277 4279 fidei
318 4199 487 4300 negotio
516 4211 560 4282 et
587 4204 815 4285 animarum
857 4207 980 4306 saluti
1013 4203 1268 4306 judicaverit
