3212 5116
192 231 444 350 'mo

375 467 619 569 CXXIX·
648 489 760 610 'ra-70.
787 441 984 564 laniet.
1013 483 1121 563 vlu.
1149 487 1184 564 7.
1212 479 1355 562 Maii.

323 733 529 794 becumene
544 747 756 806 oprooopuru
772 747 964 806 noorauuny
979 731 1090 806 bypba
1105 732 1283 803 naumann,
1295 747 1410 788 sexre-

325 838 486 895 canobon
510 851 548 906 aa
573 834 657 896 osan
692 850 852 893 nomano
877 835 1029 906 cuonone
1076 851 1180 894 suane
1213 833 1409 911 saponauoii

324 959 377 1016 ny,
407 957 537 1016 ppnaru
563 953 718 1014 opynaae
751 934 841 996 raaia
865 953 905 994 aa
939 953 1040 1014 uopy‚
1062 954 1100 1008 pa
1124 955 1165 1013 ny
1187 925 1409 1008 noanor‘enaro

387 1060 599 1116 nuoouraca
622 1042 904 1100 oeconomicus
928 1058 973 1100 no
997 1057 1096 1117 copy,
1119 1059 1180 1100 un
1203 1059 1283 1100 naso
1307 1059 1344 1114 ga

713 1145 840 1187 nnaorn
870 1141 1007 1204 ncpupa.

426 1317 546 1417 Quod
587 1316 655 1394 isti
704 1314 962 1400 ambaxatori
1008 1311 1151 1392 Jure
1192 1313 1257 1392 de
1296 1313 1411 1392 Bal·

324 1463 473 1528 scae,
501 1435 662 1542 petenti
703 1442 747 1512 ut
774 1436 906 1533 gratia
947 1434 1045 1512 alias
1085 1434 1165 1512 sibi
1205 1460 1411 1516 concessa

326 1562 378 1639 de
406 1560 621 1664 poscendo
651 1579 815 1636 armare
843 1557 884 1634 in
913 1557 1030 1648 mari,
1058 1556 1318 1635 addamnum
1346 1584 1410 1636 so·

325 1683 407 1758 lum
424 1703 598 1759 suorum
617 1678 884 1756 inimicorum
900 1685 942 1756 et
962 1685 1044 1756 cet.
1064 1675 1338 1758 confirmetur
1356 1678 1411 1777 ei,

323 1824 405 1877 nec
445 1797 649 1876 habeatur
700 1822 780 1901 pro
836 1805 1060 1884 revocata,
1113 1799 1410 1902 respondetur:

325 1919 436 2021 quod
465 1919 679 2020 sicutipse
698 1918 776 1997 scit
790 1943 869 1996 nos
883 1919 1032 1998 fiumus
1046 1920 1288 2023 principalis
1318 1947 1411 2000 cau·

324 2063 382 2138 sa,
413 2045 459 2116 ut
484 2064 566 2140 pax
594 2039 717 2116 fieret
757 2039 865 2116 inter
891 2040 1026 2142 ipsum
1051 2039 1078 2114 J
1093 2064 1235 2118 uram
1265 2051 1308 2120 et
1336 2039 1413 2120 Ca-

324 2160 596 2245 tarrinos
638 2165 679 2236 et
718 2183 936 2262 speramus
977 2162 1243 2240 concedente
1285 2161 1414 2239 domiss

325 2305 395 2365 no,
420 2280 535 2381 quod
550 2302 631 2381 per
653 2277 873 2359 Catarinos
898 2279 1192 2360 observabitur
1212 2282 1301 2383 ipsa
1319 2306 1414 2384 pax;

326 2407 589 2503 quapropter
641 2424 726 2477 non
756 2399 917 2479 videtur
969 2399 1102 2489 nobis,
1131 2402 1245 2504 quod
1299 2401 1415 2480 foret

324 2518 463 2599 honor
490 2525 635 2598 noster
662 2521 913 2600 confirmare
940 2522 1022 2601 sibi
1045 2524 1198 2602 dictam
1226 2520 1414 2624 gratiam,

326 2647 420 2718 ante
462 2665 583 2739 quam
628 2666 707 2744 per
762 2641 996 2720 Catarenos
1050 2642 1269 2722 contrabat
1322 2638 1416 2744 paci

200 2863 201 2866 Ν
325 2761 584 2864 praedictae.
622 2759 706 2840 Sed
735 2769 872 2840 tamen
902 2763 1168 2842 considerata
1196 2765 1307 2842 bona
1335 2759 1413 2838 dis·

325 2881 537 2985 positione
566 2907 639 2958 sua
670 2907 771 2984 erga
798 2908 904 2982 nos,
959 2908 1100 2961 sumus
1156 2881 1344 2962 contenti
1373 2885 1416 2958 et

328 2995 601 3080 concedimus
630 3001 683 3089 ei,
713 3007 829 3106 quod
856 3004 990 3106 possit
1018 3027 1112 3086 cum
1153 3001 1326 3100 navigiis
1351 3027 1414 3078 su·

269 3217 274 3224 ⁴
326 3121 361 3199 is
390 3123 585 3221 navigare
612 3148 690 3226 per
713 3147 826 3202 mare
854 3123 1045 3214 honeste,
1072 3123 1299 3200 dummodo
1328 3147 1413 3200 non
1481 3147 1485 3156 ·

327 3239 564 3319 damnificet
589 3267 669 3320 neo
697 3242 880 3322 offendat
920 3268 1015 3322 cum
1043 3244 1164 3320 dictis
1193 3241 1276 3318 suis
1304 3241 1412 3318 navi-

328 3360 405 3438 bus
443 3361 624 3462 aliquem
660 3371 850 3442 nostrum
903 3367 1108 3440 Venatum
1138 3363 1205 3438 vei
1233 3360 1414 3449 fidelem,

327 3503 408 3558 nec
436 3481 615 3582 aliquem
655 3483 779 3560 alium
821 3492 1105 3563 mercatorem
1144 3483 1210 3559 vei
1238 3486 1415 3585 partem,

328 3597 369 3677 in
397 3599 530 3702 aliqua
556 3609 677 3706 parte
703 3603 790 3680 uilo
819 3604 970 3704 modo,
1001 3604 1131 3706 quisi
1160 3601 1414 3681 contrarium

330 3722 511 3808 faceret,
537 3741 621 3800 non
660 3747 882 3826 possemus
922 3724 1101 3802 transire
1142 3746 1270 3827 super
1308 3720 1416 3809 inde,

330 3842 427 3945 quin
454 3843 776 3946 provideremus
809 3851 937 3950 prout
962 3853 1110 3958 nostro
1139 3845 1292 3924 honori
1320 3869 1418 3924 con-

329 3963 505 4042 veniret.

684 4122 781 4190 unu
803 4125 863 4192 del
884 4125 1028 4194 senato
1052 4117 1216 4188 xxxur.
1240 4091 1305 4187 en(
1320 4121 1372 4187 tu.
