<?xml version="1.0" encoding="UTF-8"?>
<!DOCTYPE html PUBLIC "-//W3C//DTD XHTML 1.0 Transitional//EN"
    "http://www.w3.org/TR/xhtml1/DTD/xhtml1-transitional.dtd">
<html xmlns="http://www.w3.org/1999/xhtml" xml:lang="en" lang="en">
 <head>
  <title>
</title>
<meta http-equiv="Content-Type" content="text/html;charset=utf-8" />
  <meta name='ocr-system' content='tesseract 3.04.00' />
  <meta name='ocr-capabilities' content='ocr_page ocr_carea ocr_par ocr_line ocrx_word'/>
</head>
<body>
  <div class='ocr_page' id='page_1' title='image "./actaarchivivene00sergoog_0462.png"; bbox 0 0 3186 5112; ppageno 0'>
   <div class='ocr_carea' id='block_1_1' title="bbox 126 493 139 506">
    <p class='ocr_par' dir='ltr' id='par_1_1' title="bbox 126 493 139 506">
     <span class='ocr_line' id='line_1_1' title="bbox 126 493 139 506; baseline 0 0"><span class='ocrx_word' id='word_1_1' title='bbox 126 493 139 506; x_wconf 60' lang='grc' dir='ltr'>ί</span> 
     </span>
    </p>
   </div>
   <div class='ocr_carea' id='block_1_2' title="bbox 317 591 1401 790">
    <p class='ocr_par' dir='ltr' id='par_1_2' title="bbox 317 591 1401 790">
     <span class='ocr_line' id='line_1_2' title="bbox 317 591 1401 697; baseline 0.003 -31"><span class='ocrx_word' id='word_1_2' title='bbox 317 613 501 692; x_wconf 87' lang='lat' dir='ltr'>querare</span> <span class='ocrx_word' id='word_1_3' title='bbox 521 591 604 676; x_wconf 87' lang='lat' dir='ltr'>illa,</span> <span class='ocrx_word' id='word_1_4' title='bbox 619 615 724 692; x_wconf 90' lang='lat' dir='ltr'>quae</span> <span class='ocrx_word' id='word_1_5' title='bbox 752 591 834 668; x_wconf 87' lang='lat' dir='ltr'>sint</span> <span class='ocrx_word' id='word_1_6' title='bbox 850 594 1139 672; x_wconf 71' lang='lat' dir='ltr'><strong>conservativa</strong></span> <span class='ocrx_word' id='word_1_7' title='bbox 1166 597 1401 697; x_wconf 72' lang='lat' dir='ltr'>perpetuae</span> 
     </span>
     <span class='ocr_line' id='line_1_3' title="bbox 319 709 823 790; baseline 0 -2"><span class='ocrx_word' id='word_1_8' title='bbox 319 709 525 788; x_wconf 77' lang='lat' dir='ltr'>amicitiae</span> <span class='ocrx_word' id='word_1_9' title='bbox 555 717 597 788; x_wconf 91' lang='lat' dir='ltr'>et</span> <span class='ocrx_word' id='word_1_10' title='bbox 625 711 823 790; x_wconf 89' lang='lat' dir='ltr'>caritatis.</span> 
     </span>
    </p>
   </div>
   <div class='ocr_carea' id='block_1_3' title="bbox 316 829 1414 1655">
    <p class='ocr_par' dir='ltr' id='par_1_3' title="bbox 316 829 1414 1655">
     <span class='ocr_line' id='line_1_4' title="bbox 421 829 1404 934; baseline 0 -28"><span class='ocrx_word' id='word_1_11' title='bbox 421 829 571 929; x_wconf 84' lang='lat' dir='ltr'>(Adest</span> <span class='ocrx_word' id='word_1_12' title='bbox 598 830 734 908; x_wconf 90' lang='lat' dir='ltr'>adhuc</span> <span class='ocrx_word' id='word_1_13' title='bbox 758 831 982 931; x_wconf 86' lang='lat' dir='ltr'>capitulum</span> <span class='ocrx_word' id='word_1_14' title='bbox 1001 832 1180 909; x_wconf 80' lang='lat' dir='ltr'>‘tertium</span> <span class='ocrx_word' id='word_1_15' title='bbox 1196 855 1275 934; x_wconf 86' lang='lat' dir='ltr'>per</span> <span class='ocrx_word' id='word_1_16' title='bbox 1290 831 1404 933; x_wconf 88' lang='lat' dir='ltr'>quod</span> 
     </span>
     <span class='ocr_line' id='line_1_5' title="bbox 316 947 1404 1051; baseline 0 -25"><span class='ocrx_word' id='word_1_17' title='bbox 316 947 440 1051; x_wconf 89' lang='lat' dir='ltr'>petit,</span> <span class='ocrx_word' id='word_1_18' title='bbox 472 956 521 1025; x_wconf 90' lang='lat' dir='ltr'>ut</span> <span class='ocrx_word' id='word_1_19' title='bbox 548 949 777 1051; x_wconf 75' lang='lat' dir='ltr'>recipiatur</span> <span class='ocrx_word' id='word_1_20' title='bbox 804 953 845 1028; x_wconf 90' lang='lat' dir='ltr'>in</span> <span class='ocrx_word' id='word_1_21' title='bbox 874 950 1007 1027; x_wconf 90' lang='lat' dir='ltr'>civem</span> <span class='ocrx_word' id='word_1_22' title='bbox 1037 957 1081 1027; x_wconf 84' lang='lat' dir='ltr'>et</span> <span class='ocrx_word' id='word_1_23' title='bbox 1109 951 1294 1028; x_wconf 85' lang='lat' dir='ltr'>nobilem</span> <span class='ocrx_word' id='word_1_24' title='bbox 1320 949 1404 1026; x_wconf 89' lang='lat' dir='ltr'>Vc·</span> 
     </span>
     <span class='ocr_line' id='line_1_6' title="bbox 317 1071 1405 1174; baseline -0.004 -25"><span class='ocrx_word' id='word_1_25' title='bbox 317 1075 459 1149; x_wconf 88' lang='lat' dir='ltr'>netum</span> <span class='ocrx_word' id='word_1_26' title='bbox 489 1077 531 1147; x_wconf 88' lang='lat' dir='ltr'>et</span> <span class='ocrx_word' id='word_1_27' title='bbox 560 1077 605 1147; x_wconf 87' lang='lat' dir='ltr'>ut</span> <span class='ocrx_word' id='word_1_28' title='bbox 632 1071 850 1147; x_wconf 85' lang='lat' dir='ltr'>titulus</span> <span class='ocrx_word' id='word_1_29' title='bbox 884 1073 1010 1148; x_wconf 84' lang='lat' dir='ltr'>eius</span> <span class='ocrx_word' id='word_1_30' title='bbox 1046 1079 1307 1174; x_wconf 89' lang='lat' dir='ltr'>ponatur</span> <span class='ocrx_word' id='word_1_31' title='bbox 1335 1071 1405 1155; x_wconf 85' lang='lat' dir='ltr'>ita,</span> 
     </span>
     <span class='ocr_line' id='line_1_7' title="bbox 316 1189 1406 1292; baseline -0.001 -26"><span class='ocrx_word' id='word_1_32' title='bbox 316 1198 363 1268; x_wconf 93' lang='lat' dir='ltr'>ut</span> <span class='ocrx_word' id='word_1_33' title='bbox 403 1193 897 1291; x_wconf 56' lang='lat' dir='ltr'>mutetur‘voyvoda</span> <span class='ocrx_word' id='word_1_34' title='bbox 939 1192 980 1268; x_wconf 91' lang='lat' dir='ltr'>in</span> <span class='ocrx_word' id='word_1_35' title='bbox 1015 1191 1125 1270; x_wconf 86' lang='lat' dir='ltr'>dux</span> <span class='ocrx_word' id='word_1_36' title='bbox 1166 1189 1406 1292; x_wconf 76' lang='lat' dir='ltr'>Spoleti</span> 
     </span>
     <span class='ocr_line' id='line_1_8' title="bbox 322 1310 1405 1412; baseline -0.006 -25"><span class='ocrx_word' id='word_1_37' title='bbox 322 1319 374 1388; x_wconf 87' lang='lat' dir='ltr'>et</span> <span class='ocrx_word' id='word_1_38' title='bbox 400 1310 653 1412; x_wconf 91' lang='lat' dir='ltr'>partium</span> <span class='ocrx_word' id='word_1_39' title='bbox 683 1311 1011 1388; x_wconf 85' lang='lat' dir='ltr'>inferiorum</span> <span class='ocrx_word' id='word_1_40' title='bbox 1042 1334 1223 1389; x_wconf 86' lang='lat' dir='ltr'>comes</span> <span class='ocrx_word' id='word_1_41' title='bbox 1254 1319 1296 1388; x_wconf 87' lang='lat' dir='ltr'>et</span> <span class='ocrx_word' id='word_1_42' title='bbox 1321 1315 1405 1386; x_wconf 89' lang='lat' dir='ltr'>cet.</span> 
     </span>
     <span class='ocr_line' id='line_1_9' title="bbox 319 1431 1406 1534; baseline -0.003 -26"><span class='ocrx_word' id='word_1_43' title='bbox 319 1431 371 1508; x_wconf 89' lang='lat' dir='ltr'>de</span> <span class='ocrx_word' id='word_1_44' title='bbox 400 1431 550 1533; x_wconf 86' lang='lat' dir='ltr'>quibus</span> <span class='ocrx_word' id='word_1_45' title='bbox 565 1440 660 1510; x_wconf 87' lang='lat' dir='ltr'>sunt</span> <span class='ocrx_word' id='word_1_46' title='bbox 675 1433 829 1509; x_wconf 84' lang='lat' dir='ltr'>multae</span> <span class='ocrx_word' id='word_1_47' title='bbox 859 1432 1053 1510; x_wconf 89' lang='lat' dir='ltr'>diversae</span> <span class='ocrx_word' id='word_1_48' title='bbox 1082 1431 1406 1534; x_wconf 83' lang='lat' dir='ltr'>propositiones</span> 
     </span>
     <span class='ocr_line' id='line_1_10' title="bbox 322 1551 1414 1655; baseline -0.005 -26"><span class='ocrx_word' id='word_1_49' title='bbox 322 1558 366 1629; x_wconf 88' lang='lat' dir='ltr'>et</span> <span class='ocrx_word' id='word_1_50' title='bbox 394 1551 639 1655; x_wconf 88' lang='lat' dir='ltr'>opiniones,</span> <span class='ocrx_word' id='word_1_51' title='bbox 667 1552 848 1652; x_wconf 92' lang='lat' dir='ltr'>primum</span> <span class='ocrx_word' id='word_1_52' title='bbox 878 1559 1151 1655; x_wconf 78' lang='lat' dir='ltr'>acceptatur,</span> <span class='ocrx_word' id='word_1_53' title='bbox 1179 1553 1233 1630; x_wconf 87' lang='lat' dir='ltr'>de</span> <span class='ocrx_word' id='word_1_54' title='bbox 1261 1573 1414 1627; x_wconf 84' lang='lat' dir='ltr'>secun.</span> 
     </span>
    </p>
   </div>
   <div class='ocr_carea' id='block_1_4' title="bbox 261 1674 1364 1879">
    <p class='ocr_par' dir='ltr' id='par_1_4' title="bbox 261 1674 1364 1879">
     <span class='ocr_line' id='line_1_11' title="bbox 319 1674 793 1768; baseline -0.002 -18"><span class='ocrx_word' id='word_1_55' title='bbox 319 1674 374 1750; x_wconf 90' lang='lat' dir='ltr'>do</span> <span class='ocrx_word' id='word_1_56' title='bbox 401 1697 448 1750; x_wconf 88' lang='lat' dir='ltr'>se</span> <span class='ocrx_word' id='word_1_57' title='bbox 476 1675 708 1768; x_wconf 82' lang='lat' dir='ltr'>excusant.)</span> <span class='ocrx_word' id='word_1_58' title='bbox 789 1699 793 1706; x_wconf 90' lang='lat'>·</span> 
     </span>
     <span class='ocr_line' id='line_1_12' title="bbox 261 1782 1364 1879; baseline -0.006 -21"><span class='ocrx_word' id='word_1_59' title='bbox 261 1782 267 1792; x_wconf 76' lang='grc'><strong>’</strong></span> <span class='ocrx_word' id='word_1_60' title='bbox 608 1792 713 1856; x_wconf 85' lang='lat' dir='ltr'>Scor.</span> <span class='ocrx_word' id='word_1_61' title='bbox 739 1791 849 1858; x_wconf 85' lang='lat' dir='ltr'>Cons.</span> <span class='ocrx_word' id='word_1_62' title='bbox 876 1791 1007 1879; x_wconf 74' lang='lat' dir='ltr'>Rogas</span> <span class='ocrx_word' id='word_1_63' title='bbox 1032 1790 1105 1856; x_wconf 73' lang='lat' dir='ltr'>Lib.</span> <span class='ocrx_word' id='word_1_64' title='bbox 1129 1792 1186 1856; x_wconf 84' lang='lat' dir='ltr'>lv.</span> <span class='ocrx_word' id='word_1_65' title='bbox 1211 1791 1267 1855; x_wconf 84' lang='lat' dir='ltr'>ch.</span> <span class='ocrx_word' id='word_1_66' title='bbox 1292 1793 1364 1854; x_wconf 86' lang='lat' dir='ltr'>lli.</span> 
     </span>
    </p>
   </div>
   <div class='ocr_carea' id='block_1_5' title="bbox 526 1979 1203 2090">
    <p class='ocr_par' dir='ltr' id='par_1_5' title="bbox 526 1947 1214 2090">
     <span class='ocr_line' id='line_1_13' title="bbox 526 1979 1203 2090; baseline -0.007 -11"><span class='ocrx_word' id='word_1_67' title='bbox 526 1979 786 2090; x_wconf 66' lang='lat' dir='ltr'>(tunvu.</span> <span class='ocrx_word' id='word_1_68' title='bbox 829 2003 938 2076; x_wconf 73' lang='lat'>12110.</span> <span class='ocrx_word' id='word_1_69' title='bbox 966 2003 1026 2075; x_wconf 84' lang='lat'>31.</span> <span class='ocrx_word' id='word_1_70' title='bbox 1055 1997 1203 2076; x_wconf 64' lang='lat' dir='ltr'>nair.</span> 
     </span>
    </p>
   </div>
   <div class='ocr_carea' id='block_1_6' title="bbox 353 2159 1378 2336">
    <p class='ocr_par' dir='ltr' id='par_1_6' title="bbox 353 2159 1378 2336">
     <span class='ocr_line' id='line_1_14' title="bbox 353 2159 1378 2234; baseline -0.006 -16"><span class='ocrx_word' id='word_1_71' title='bbox 353 2159 489 2234; x_wconf 66' lang='lat' dir='ltr'>ypepoa</span> <span class='ocrx_word' id='word_1_72' title='bbox 512 2177 531 2215; x_wconf 92' lang='grc' dir='ltr'>ο</span> <span class='ocrx_word' id='word_1_73' title='bbox 554 2175 723 2228; x_wconf 66' lang='lat' dir='ltr'>nonnata,</span> <span class='ocrx_word' id='word_1_74' title='bbox 747 2175 807 2214; x_wconf 82' lang='lat' dir='ltr'>non</span> <span class='ocrx_word' id='word_1_75' title='bbox 831 2159 871 2214; x_wconf 75' lang='lat' dir='ltr'>tae</span> <span class='ocrx_word' id='word_1_76' title='bbox 895 2175 999 2215; x_wconf 79' lang='lat' dir='ltr'>nuaun</span> <span class='ocrx_word' id='word_1_77' title='bbox 1022 2159 1124 2215; x_wconf 77' lang='lat' dir='ltr'>renati</span> <span class='ocrx_word' id='word_1_78' title='bbox 1149 2178 1167 2215; x_wconf 82' lang='lat' dir='ltr'>n</span> <span class='ocrx_word' id='word_1_79' title='bbox 1193 2173 1378 2233; x_wconf 67' lang='lat' dir='ltr'>apeptrucra</span> 
     </span>
     <span class='ocr_line' id='line_1_15' title="bbox 646 2261 1078 2336; baseline 0.007 -19"><span class='ocrx_word' id='word_1_80' title='bbox 646 2279 665 2336; x_wconf 91' lang='lat' dir='ltr'>y</span> <span class='ocrx_word' id='word_1_81' title='bbox 691 2261 885 2320; x_wconf 72' lang='lat' dir='ltr'>tinere-ruci</span> <span class='ocrx_word' id='word_1_82' title='bbox 908 2261 1078 2334; x_wconf 47' lang='lat' dir='ltr'>stauracia.</span> 
     </span>
    </p>
   </div>
   <div class='ocr_carea' id='block_1_7' title="bbox 213 2393 1504 4406">
    <p class='ocr_par' dir='ltr' id='par_1_7' title="bbox 319 2393 1504 4066">
     <span class='ocr_line' id='line_1_16' title="bbox 422 2393 1408 2495; baseline -0.003 -23"><span class='ocrx_word' id='word_1_83' title='bbox 422 2396 565 2495; x_wconf 86' lang='lat' dir='ltr'>Capta.</span> <span class='ocrx_word' id='word_1_84' title='bbox 596 2393 701 2485; x_wconf 83' lang='lat' dir='ltr'>Cum</span> <span class='ocrx_word' id='word_1_85' title='bbox 730 2395 770 2470; x_wconf 93' lang='lat' dir='ltr'>in</span> <span class='ocrx_word' id='word_1_86' title='bbox 800 2393 965 2473; x_wconf 84' lang='lat' dir='ltr'>civitate</span> <span class='ocrx_word' id='word_1_87' title='bbox 994 2403 1175 2473; x_wconf 88' lang='lat' dir='ltr'>nostra</span> <span class='ocrx_word' id='word_1_88' title='bbox 1209 2393 1236 2469; x_wconf 73' lang='grc' dir='ltr'>«Ι</span> <span class='ocrx_word' id='word_1_89' title='bbox 1247 2393 1408 2472; x_wconf 77' lang='lat' dir='ltr'>odrae</span> 
     </span>
     <span class='ocr_line' id='line_1_17' title="bbox 320 2514 1411 2619; baseline -0.003 -26"><span class='ocrx_word' id='word_1_90' title='bbox 320 2527 362 2593; x_wconf 86' lang='lat' dir='ltr'>et</span> <span class='ocrx_word' id='word_1_91' title='bbox 376 2516 564 2619; x_wconf 84' lang='lat' dir='ltr'>partibus</span> <span class='ocrx_word' id='word_1_92' title='bbox 580 2514 674 2604; x_wconf 83' lang='lat' dir='ltr'>illis,</span> <span class='ocrx_word' id='word_1_93' title='bbox 704 2523 874 2594; x_wconf 88' lang='lat' dir='ltr'>currant</span> <span class='ocrx_word' id='word_1_94' title='bbox 889 2523 932 2593; x_wconf 88' lang='lat' dir='ltr'>et</span> <span class='ocrx_word' id='word_1_95' title='bbox 946 2515 1240 2617; x_wconf 83' lang='lat' dir='ltr'>expendantur</span> <span class='ocrx_word' id='word_1_96' title='bbox 1267 2515 1411 2593; x_wconf 83' lang='lat' dir='ltr'>aliae</span> 
     </span>
     <span class='ocr_line' id='line_1_18' title="bbox 320 2635 1409 2736; baseline -0.002 -22"><span class='ocrx_word' id='word_1_97' title='bbox 320 2645 591 2714; x_wconf 87' lang='lat' dir='ltr'>monetae</span> <span class='ocrx_word' id='word_1_98' title='bbox 621 2659 742 2736; x_wconf 72' lang='lat' dir='ltr'>qulam</span> <span class='ocrx_word' id='word_1_99' title='bbox 771 2645 954 2721; x_wconf 89' lang='lat' dir='ltr'>nostrae,</span> <span class='ocrx_word' id='word_1_100' title='bbox 987 2635 1186 2716; x_wconf 73' lang='lat' dir='ltr'>videlicet</span> <span class='ocrx_word' id='word_1_101' title='bbox 1227 2655 1409 2714; x_wconf 86' lang='lat' dir='ltr'>mone·</span> 
     </span>
     <span class='ocr_line' id='line_1_19' title="bbox 320 2754 1413 2836; baseline -0.005 0"><span class='ocrx_word' id='word_1_102' title='bbox 320 2771 412 2836; x_wconf 81' lang='lat' dir='ltr'>tae</span> <span class='ocrx_word' id='word_1_103' title='bbox 442 2758 616 2834; x_wconf 83' lang='lat' dir='ltr'>trium</span> <span class='ocrx_word' id='word_1_104' title='bbox 648 2757 1054 2836; x_wconf 86' lang='lat' dir='ltr'>conditionum.</span> <span class='ocrx_word' id='word_1_105' title='bbox 1081 2754 1290 2833; x_wconf 86' lang='lat' dir='ltr'>Videticet</span> <span class='ocrx_word' id='word_1_106' title='bbox 1318 2777 1413 2830; x_wconf 93' lang='lat' dir='ltr'>mo·</span> 
     </span>
     <span class='ocr_line' id='line_1_20' title="bbox 320 2876 1411 2978; baseline 0 -25"><span class='ocrx_word' id='word_1_107' title='bbox 320 2889 453 2954; x_wconf 90' lang='lat' dir='ltr'>neta</span> <span class='ocrx_word' id='word_1_108' title='bbox 484 2897 646 2978; x_wconf 89' lang='lat' dir='ltr'>quam</span> <span class='ocrx_word' id='word_1_109' title='bbox 677 2878 840 2957; x_wconf 87' lang='lat' dir='ltr'>cudit</span> <span class='ocrx_word' id='word_1_110' title='bbox 869 2876 1411 2978; x_wconf 58' lang='lat' dir='ltr'>Creuc‘yaetaiiqui</span> 
     </span>
     <span class='ocr_line' id='line_1_21' title="bbox 321 2997 1412 3098; baseline 0 -24"><span class='ocrx_word' id='word_1_111' title='bbox 321 2999 443 3084; x_wconf 82' lang='lat' dir='ltr'>atii,</span> <span class='ocrx_word' id='word_1_112' title='bbox 471 2997 667 3075; x_wconf 85' lang='lat' dir='ltr'>videlicet·</span> <span class='ocrx_word' id='word_1_113' title='bbox 704 3022 960 3098; x_wconf 85' lang='lat' dir='ltr'>grossos</span> <span class='ocrx_word' id='word_1_114' title='bbox 996 2997 1205 3075; x_wconf 88' lang='lat' dir='ltr'>debono</span> <span class='ocrx_word' id='word_1_115' title='bbox 1236 3004 1412 3097; x_wconf 81' lang='lat' dir='ltr'>argento</span> 
     </span>
     <span class='ocr_line' id='line_1_22' title="bbox 319 3118 1411 3219; baseline -0.001 -24"><span class='ocrx_word' id='word_1_116' title='bbox 319 3119 479 3198; x_wconf 79' lang='lat' dir='ltr'>valoris</span> <span class='ocrx_word' id='word_1_117' title='bbox 521 3118 739 3196; x_wconf 85' lang='lat' dir='ltr'>soldorum</span> <span class='ocrx_word' id='word_1_118' title='bbox 780 3121 904 3197; x_wconf 87' lang='lat' dir='ltr'>trium</span> <span class='ocrx_word' id='word_1_119' title='bbox 936 3127 977 3196; x_wconf 92' lang='lat' dir='ltr'>et</span> <span class='ocrx_word' id='word_1_120' title='bbox 1005 3119 1154 3206; x_wconf 92' lang='lat' dir='ltr'>minus,</span> <span class='ocrx_word' id='word_1_121' title='bbox 1187 3124 1230 3194; x_wconf 84' lang='lat' dir='ltr'>et</span> <span class='ocrx_word' id='word_1_122' title='bbox 1258 3128 1411 3219; x_wconf 75' lang='lat' dir='ltr'>expen-</span> 
     </span>
     <span class='ocr_line' id='line_1_23' title="bbox 321 3237 1504 3342; baseline -0.003 -25"><span class='ocrx_word' id='word_1_123' title='bbox 321 3243 475 3318; x_wconf 84' lang='lat' dir='ltr'>duntur</span> <span class='ocrx_word' id='word_1_124' title='bbox 502 3265 580 3342; x_wconf 93' lang='lat' dir='ltr'>pro</span> <span class='ocrx_word' id='word_1_125' title='bbox 606 3240 735 3317; x_wconf 87' lang='lat' dir='ltr'>scidis</span> <span class='ocrx_word' id='word_1_126' title='bbox 764 3248 954 3342; x_wconf 77' lang='lat' dir='ltr'>quatuor3</span> <span class='ocrx_word' id='word_1_127' title='bbox 982 3251 1026 3317; x_wconf 84' lang='lat' dir='ltr'>et</span> <span class='ocrx_word' id='word_1_128' title='bbox 1052 3237 1253 3318; x_wconf 84' lang='lat' dir='ltr'>soldini</span> <span class='ocrx_word' id='word_1_129' title='bbox 1281 3237 1408 3314; x_wconf 88' lang='lat' dir='ltr'>Hun·</span> <span class='ocrx_word' id='word_1_130' title='bbox 1496 3279 1504 3288; x_wconf 95' lang='lat'><strong>·</strong></span> 
     </span>
     <span class='ocr_line' id='line_1_24' title="bbox 322 3357 1411 3462; baseline -0.002 -26"><span class='ocrx_word' id='word_1_131' title='bbox 322 3363 523 3461; x_wconf 84' lang='lat' dir='ltr'>gariae‚</span> <span class='ocrx_word' id='word_1_132' title='bbox 553 3362 620 3462; x_wconf 90' lang='lat' dir='ltr'>qui</span> <span class='ocrx_word' id='word_1_133' title='bbox 649 3385 732 3438; x_wconf 91' lang='lat' dir='ltr'>non</span> <span class='ocrx_word' id='word_1_134' title='bbox 749 3363 890 3438; x_wconf 85' lang='lat' dir='ltr'>valant</span> <span class='ocrx_word' id='word_1_135' title='bbox 917 3360 1117 3438; x_wconf 86' lang='lat' dir='ltr'>denarios</span> <span class='ocrx_word' id='word_1_136' title='bbox 1145 3357 1244 3436; x_wconf 85' lang='lat' dir='ltr'>Vlil</span> <span class='ocrx_word' id='word_1_137' title='bbox 1273 3365 1314 3435; x_wconf 83' lang='lat' dir='ltr'>et</span> <span class='ocrx_word' id='word_1_138' title='bbox 1341 3381 1411 3434; x_wconf 84' lang='lat' dir='ltr'>ex·</span> 
     </span>
     <span class='ocr_line' id='line_1_25' title="bbox 320 3476 1409 3583; baseline -0.006 -26"><span class='ocrx_word' id='word_1_139' title='bbox 320 3483 560 3583; x_wconf 84' lang='lat' dir='ltr'>penduntur</span> <span class='ocrx_word' id='word_1_140' title='bbox 600 3504 679 3583; x_wconf 89' lang='lat' dir='ltr'>pro</span> <span class='ocrx_word' id='word_1_141' title='bbox 709 3504 791 3557; x_wconf 92' lang='lat' dir='ltr'>uno</span> <span class='ocrx_word' id='word_1_142' title='bbox 819 3481 963 3569; x_wconf 83' lang='lat' dir='ltr'>sold03</span> <span class='ocrx_word' id='word_1_143' title='bbox 1005 3484 1060 3557; x_wconf 88' lang='lat' dir='ltr'>et</span> <span class='ocrx_word' id='word_1_144' title='bbox 1101 3476 1409 3576; x_wconf 83' lang='lat' dir='ltr'>irignachi</span> 
     </span>
     <span class='ocr_line' id='line_1_26' title="bbox 323 3601 1411 3702; baseline -0.005 -26"><span class='ocrx_word' id='word_1_145' title='bbox 323 3603 505 3702; x_wconf 91' lang='lat' dir='ltr'>quinon</span> <span class='ocrx_word' id='word_1_146' title='bbox 536 3609 679 3679; x_wconf 86' lang='lat' dir='ltr'>tenent</span> <span class='ocrx_word' id='word_1_147' title='bbox 705 3607 792 3678; x_wconf 83' lang='lat' dir='ltr'>tres</span> <span class='ocrx_word' id='word_1_148' title='bbox 821 3601 965 3678; x_wconf 89' lang='lat' dir='ltr'>uncias</span> <span class='ocrx_word' id='word_1_149' title='bbox 995 3601 1160 3697; x_wconf 81' lang='lat' dir='ltr'>argenti</span> <span class='ocrx_word' id='word_1_150' title='bbox 1200 3621 1277 3698; x_wconf 90' lang='lat' dir='ltr'>pro</span> <span class='ocrx_word' id='word_1_151' title='bbox 1305 3619 1411 3672; x_wconf 84' lang='lat' dir='ltr'>mur·</span> 
     </span>
     <span class='ocr_line' id='line_1_27' title="bbox 323 3716 1412 3824; baseline -0.008 -23"><span class='ocrx_word' id='word_1_152' title='bbox 323 3719 427 3810; x_wconf 86' lang='lat' dir='ltr'>cha,</span> <span class='ocrx_word' id='word_1_153' title='bbox 471 3731 513 3800; x_wconf 87' lang='lat' dir='ltr'>at</span> <span class='ocrx_word' id='word_1_154' title='bbox 542 3723 664 3798; x_wconf 84' lang='lat' dir='ltr'>etiam</span> <span class='ocrx_word' id='word_1_155' title='bbox 707 3721 1003 3824; x_wconf 85' lang='lat' dir='ltr'>expenduntur</span> <span class='ocrx_word' id='word_1_156' title='bbox 1045 3743 1122 3822; x_wconf 95' lang='lat' dir='ltr'>pro</span> <span class='ocrx_word' id='word_1_157' title='bbox 1163 3741 1248 3795; x_wconf 92' lang='lat' dir='ltr'>uno</span> <span class='ocrx_word' id='word_1_158' title='bbox 1277 3716 1412 3793; x_wconf 85' lang='lat' dir='ltr'>suido.</span> 
     </span>
     <span class='ocr_line' id='line_1_28' title="bbox 322 3839 1413 3938; baseline -0.005 -18"><span class='ocrx_word' id='word_1_159' title='bbox 322 3845 374 3920; x_wconf 76' lang='lat' dir='ltr'>ut</span> <span class='ocrx_word' id='word_1_160' title='bbox 401 3845 628 3922; x_wconf 84' lang='lat' dir='ltr'>hoomodo</span> <span class='ocrx_word' id='word_1_161' title='bbox 658 3853 828 3922; x_wconf 87' lang='lat' dir='ltr'>moneta</span> <span class='ocrx_word' id='word_1_162' title='bbox 856 3849 1016 3929; x_wconf 88' lang='lat' dir='ltr'>nostra,</span> <span class='ocrx_word' id='word_1_163' title='bbox 1043 3841 1245 3918; x_wconf 86' lang='lat' dir='ltr'>videlicet</span> <span class='ocrx_word' id='word_1_164' title='bbox 1273 3839 1413 3938; x_wconf 64' lang='lat' dir='ltr'>gnossi</span> 
     </span>
     <span class='ocr_line' id='line_1_29' title="bbox 324 3960 1413 4066; baseline -0.006 -26"><span class='ocrx_word' id='word_1_165' title='bbox 324 3967 482 4056; x_wconf 85' lang='lat' dir='ltr'>nostri,</span> <span class='ocrx_word' id='word_1_166' title='bbox 526 3966 597 4066; x_wconf 92' lang='lat' dir='ltr'>qui</span> <span class='ocrx_word' id='word_1_167' title='bbox 623 3965 763 4042; x_wconf 86' lang='lat' dir='ltr'>vatent</span> <span class='ocrx_word' id='word_1_168' title='bbox 791 3971 970 4065; x_wconf 88' lang='lat' dir='ltr'>quatvor</span> <span class='ocrx_word' id='word_1_169' title='bbox 996 3961 1159 4058; x_wconf 87' lang='lat' dir='ltr'>soldos,</span> <span class='ocrx_word' id='word_1_170' title='bbox 1197 3966 1241 4036; x_wconf 88' lang='lat' dir='ltr'>et</span> <span class='ocrx_word' id='word_1_171' title='bbox 1268 3960 1413 4037; x_wconf 79' lang='lat' dir='ltr'>sotdos</span> 
     </span>
    </p>

    <p class='ocr_par' dir='ltr' id='par_1_8' title="bbox 213 4083 1418 4406">
     <span class='ocr_line' id='line_1_30' title="bbox 213 4083 1413 4175; baseline -0.008 -13"><span class='ocrx_word' id='word_1_172' title='bbox 213 4132 217 4140; x_wconf 41' lang='grc' dir='ltr'><em>ι</em></span> <span class='ocrx_word' id='word_1_173' title='bbox 326 4094 472 4163; x_wconf 85' lang='lat' dir='ltr'>noster</span> <span class='ocrx_word' id='word_1_174' title='bbox 500 4095 667 4175; x_wconf 83' lang='lat' dir='ltr'>exeunt,</span> <span class='ocrx_word' id='word_1_175' title='bbox 695 4085 747 4162; x_wconf 89' lang='lat' dir='ltr'>de</span> <span class='ocrx_word' id='word_1_176' title='bbox 778 4085 912 4163; x_wconf 88' lang='lat' dir='ltr'>bursis</span> <span class='ocrx_word' id='word_1_177' title='bbox 940 4083 1151 4160; x_wconf 85' lang='lat' dir='ltr'>nostriset</span> <span class='ocrx_word' id='word_1_178' title='bbox 1169 4083 1320 4158; x_wconf 88' lang='lat' dir='ltr'>duntur</span> <span class='ocrx_word' id='word_1_179' title='bbox 1348 4103 1413 4154; x_wconf 86' lang='lat' dir='ltr'>ve·</span> 
     </span>
     <span class='ocr_line' id='line_1_31' title="bbox 326 4201 1414 4307; baseline -0.006 -25"><span class='ocrx_word' id='word_1_180' title='bbox 326 4207 537 4284; x_wconf 84' lang='lat' dir='ltr'>nientibus</span> <span class='ocrx_word' id='word_1_181' title='bbox 564 4207 735 4284; x_wconf 70' lang='lat' dir='ltr'>inuram</span> <span class='ocrx_word' id='word_1_182' title='bbox 752 4213 793 4283; x_wconf 89' lang='lat' dir='ltr'>et</span> <span class='ocrx_word' id='word_1_183' title='bbox 810 4205 859 4280; x_wconf 87' lang='lat' dir='ltr'>od</span> <span class='ocrx_word' id='word_1_184' title='bbox 889 4209 1028 4307; x_wconf 82' lang='lat' dir='ltr'>partes</span> <span class='ocrx_word' id='word_1_185' title='bbox 1056 4201 1159 4289; x_wconf 83' lang='lat' dir='ltr'>iilos,</span> <span class='ocrx_word' id='word_1_186' title='bbox 1187 4201 1256 4302; x_wconf 89' lang='lat' dir='ltr'>qui</span> <span class='ocrx_word' id='word_1_187' title='bbox 1284 4201 1414 4301; x_wconf 83' lang='lat' dir='ltr'>ipsam</span> 
     </span>
     <span class='ocr_line' id='line_1_32' title="bbox 330 4319 1418 4406; baseline -0.006 -2"><span class='ocrx_word' id='word_1_188' title='bbox 330 4335 542 4406; x_wconf 86' lang='lat' dir='ltr'>monetam</span> <span class='ocrx_word' id='word_1_189' title='bbox 569 4333 756 4405; x_wconf 86' lang='lat' dir='ltr'>nostram</span> <span class='ocrx_word' id='word_1_190' title='bbox 785 4323 1013 4404; x_wconf 88' lang='lat' dir='ltr'>imbursaut</span> <span class='ocrx_word' id='word_1_191' title='bbox 1042 4332 1084 4400; x_wconf 88' lang='lat' dir='ltr'>et</span> <span class='ocrx_word' id='word_1_192' title='bbox 1099 4319 1307 4400; x_wconf 86' lang='lat' dir='ltr'>dimittunt</span> <span class='ocrx_word' id='word_1_193' title='bbox 1335 4343 1418 4397; x_wconf 92' lang='lat' dir='ltr'>mo·</span> 
     </span>
    </p>
   </div>
   <div class='ocr_carea' id='block_1_8' title="bbox 0 0 1613 5112">
    <p class='ocr_par' dir='ltr' id='par_1_9' title="bbox 0 0 1613 5112">
     <span class='ocr_line' id='line_1_33' title="bbox 0 0 1613 5112; baseline 0 0"><span class='ocrx_word' id='word_1_194' title='bbox 0 0 1613 5112; x_wconf 95' lang='lat' dir='ltr'> </span> 
     </span>
    </p>
   </div>
  </div>
 </body>
</html>
