3212 5116
342 394 406 470 tw

341 609 547 715 personis,
576 627 682 707 quae
699 611 851 683 essent
866 601 1114 686 favorabiles
1142 604 1239 682 hine
1261 613 1433 685 nostrae

341 730 558 810 intentioni
584 732 713 832 prout
744 727 805 804 eis
835 727 1060 806 comissum
1089 725 1177 804 fuit.

444 969 587 1070 Capto:
616 976 657 1045 et
685 968 719 1043 si
747 967 870 1044 forte·
896 991 918 1043 a
941 991 989 1044 se
1016 967 1129 1045 dicta
1157 968 1432 1047 comitissa

340 1088 472 1168 nollet
501 1089 735 1166 contentari
764 1085 865 1163 dare
892 1080 1012 1163 nobis
1041 1094 1179 1165 castra
1215 1087 1431 1189 praedicta

338 1211 405 1287 vei
433 1211 609 1287 alterum
638 1209 852 1312 ipsorum,
891 1208 985 1309 quia
1021 1207 1288 1310 percepimus
1316 1208 1430 1309 quod

340 1336 434 1410 sunt
460 1332 624 1432 aliquae
651 1352 864 1433 personne
892 1329 999 1432 apud
1028 1330 1171 1432 ipsam,
1200 1351 1308 1432 quae
1335 1333 1432 1405 sunt

339 1451 395 1529 ita
414 1473 516 1530 cum
560 1449 671 1528 dicta
711 1449 877 1526 domina
907 1457 948 1526 et
974 1449 1131 1527 habent
1167 1449 1229 1527 sic
1264 1473 1339 1528 sua
1367 1473 1431 1528 ca-

341 1579 424 1650 stra
451 1572 492 1649 in
522 1570 725 1660 manibus,
753 1571 867 1672 quod
895 1568 1053 1671 ubsque
1080 1570 1265 1673 ipsarum
1288 1588 1432 1674 perso·

339 1715 482 1772 narum
513 1693 809 1772 consciomvet
838 1693 1219 1784 contentacionem,
1243 1715 1326 1769 non
1353 1697 1432 1769 tra-

269 1809 272 1816 ’
340 1816 461 1894 deret
500 1839 575 1893 seu
616 1839 701 1893 non
738 1816 883 1918 posset
922 1813 1090 1891 tradere
1115 1813 1238 1921 ⁴dieta
1282 1820 1430 1903 castra,

338 1937 531 2013 volumus
573 1933 686 2036 quod
726 1938 962 2036 procurent
1001 1931 1219 2036 perillum
1247 1932 1430 2018 modum,

340 2056 411 2158 qui
440 2057 500 2134 eis
528 2054 680 2132 melior
716 2051 933 2158 apparebit
975 2071 1069 2131 cum
1095 2051 1289 2156 personis
1315 2075 1430 2156 prae

282 2227 287 2238 -
339 2177 474 2262 dictis,
503 2173 617 2276 quod
645 2173 761 2277 ipsae
788 2197 996 2277 personae
1025 2197 1116 2250 eam
1145 2173 1369 2252 hortentur
1389 2179 1431 2250 et

338 2295 536 2372 inducant
561 2295 715 2379 taliter,
732 2293 848 2397 quod
877 2299 1144 2373 contentetur
1171 2299 1214 2370 et
1239 2293 1340 2371 velit
1368 2293 1431 2370 da·

340 2440 387 2493 re
416 2415 536 2494 nobis
564 2423 700 2493 costra
726 2414 944 2516 praedicta
971 2414 1037 2492 vel
1065 2437 1213 2491 eorum
1241 2416 1431 2505 alterum,

339 2537 384 2612 ut
421 2540 488 2611 est
526 2533 709 2628 dictum3
757 2533 972 2637 poscendo
1013 2533 1266 2638 promittere
1308 2533 1429 2612 dictis

339 2657 545 2759 personis,
573 2657 683 2758 quod
713 2657 748 2732 si
776 2659 1115 2758 operarenturet
1143 2655 1345 2752 iacerent,
1365 2681 1430 2732 us·

340 2801 422 2877 que
451 2777 502 2852 ad
530 2777 776 2856 ducatorum
803 2773 855 2854 11.
875 2774 1013 2866 millia,
1039 2775 1150 2853 sicut
1176 2775 1429 2878 promittere

338 2903 538 3000 poterant
577 2897 775 2975 librarum
815 2895 890 2974 ΙΙΙ.
919 2899 1055 2988 mitte,
1096 2923 1202 2998 quae
1249 2898 1430 3001 pecunia

339 3015 426 3092 duri
454 3011 606 3094 debeat
631 3018 767 3094 solum
787 3016 828 3092 in
844 3040 943 3094 casu
972 3043 1055 3118 quo
1083 3015 1312 3094 hebeamus
1340 3017 1431 3120 ipsa

340 3137 456 3224 loca,
498 3137 564 3214 vei
593 3137 780 3241 ipsorum
809 3136 985 3214 alterum
1013 3144 1058 3215 ut
1084 3145 1149 3215 est
1175 3136 1358 3224 dictum,
1385 3141 1432 3212 ut

338 3263 483 3336 nostra
524 3259 718 3336 effectum
759 3259 935 3337 intentio
976 3260 1190 3337 sortiatur.
1241 3258 1294 3336 nt
1334 3257 1430 3358 quia

338 3376 494 3456 bonum
536 3387 600 3458 est
640 3380 826 3483 experiri
866 3404 945 3481 per
985 3405 1153 3458 omnem
1190 3379 1360 3457 modum
1388 3383 1432 3454 et

337 3499 444 3578 viam
487 3499 638 3601 quibus
680 3499 771 3577 fieri
813 3505 978 3600 potest3
1005 3508 1051 3578 ut
1077 3500 1250 3579 intentio
1286 3505 1432 3576 nostru

248 3699 254 3706 ,
338 3622 473 3700 valeat
500 3620 730 3723 adimpleri,
757 3619 954 3699 videlicet
981 3645 1034 3699 ne
1064 3631 1199 3700 castra
1213 3622 1432 3726 praedicta

339 3743 389 3818 ad
418 3741 574 3818 alienas
611 3763 779 3828 manus,
821 3763 944 3842 quam
973 3744 1023 3819 ad
1052 3747 1214 3820 nostras
1242 3740 1433 3845 perveni·

339 3867 432 3946 ant,
461 3860 501 3936 in
535 3883 748 3962 casuque
791 3861 1012 3944 comitissa
1044 3861 1261 3966 praedicta
1301 3859 1433 3938 nollet

339 3982 459 4057 exire
488 3981 541 4058 de
571 3981 674 4060 locis
702 3981 809 4068 suis,
846 3982 920 4060 sed
949 3988 1266 4061 contentaretur
1291 3982 1431 4085 potius
1569 3981 1574 3990 “

337 4099 546 4178 sustinere
574 4109 616 4178 et
644 4109 790 4180 tenere
820 4105 915 4182 ioca
956 4129 1054 4190 sua,
1092 4111 1134 4182 et
1169 4104 1329 4181 habere
1364 4101 1432 4178 ati-

337 4243 459 4323 quom
500 4222 784 4324 provisionem
827 4227 1061 4321 annuatim,
1115 4223 1279 4327 possint
1327 4223 1429 4302 dieti
