3228 5108
1210 339 1275 410 Ν

178 589 260 670 per
282 563 307 642 i'
331 566 434 644 altra
461 589 508 644 se
534 564 660 644 debia
689 587 886 642 osservar
913 564 977 641 fra
1005 565 1042 642 ta
1063 565 1172 644 diota
1200 567 1274 668 sig-

178 685 311 772 noria,
341 711 364 762 e
392 687 457 763 soi
486 684 645 762 subditi
675 711 697 762 e
726 686 809 770 nui,
839 683 990 763 atahe
1020 687 1117 785 ogni
1144 686 1273 764 homo

177 830 306 910 possa
337 806 609 884 liberamento
639 803 857 894 andare,'e
886 805 950 881 far
977 806 1003 882 ti
1031 803 1119 884 t’atti
1146 808 1222 896 soi,
1248 835 1273 886 e
1427 802 1430 810 ’

177 927 386 1006 aasoadun
414 933 501 1004 star
527 926 563 1002 si
591 949 718 1002 aomo
747 925 931 1002 stettein
949 935 1099 1026 questo
1129 934 1272 1030 tempo

178 1050 358 1151 passado
388 1048 437 1125 da
465 1047 535 1148 poi
564 1046 663 1122 fatte
691 1045 727 1121 ia
756 1046 856 1123 ditta
883 1069 1008 1146 paxo.
1037 1047 1167 1152 Eper
1192 1049 1271 1124 ser-

16 1155 18 1222 f
140 1147 296 1244 ”meza
325 1175 525 1246 mettemo
555 1165 767 1242 innostra
797 1165 941 1250 bolla,
984 1165 1087 1242 dada
1114 1165 1153 1242 in
1183 1167 1272 1242 Go-

178 1288 337 1388 digne
366 1309 389 1362 a
417 1285 586 1363 dvllll
616 1283 668 1360 de
694 1282 936 1360 Novembre
965 1283 1270 1365 mccccvlss.

284 1420 570 1520 (Autentioum
600 1421 713 1523 pacis
741 1421 925 1522 preditte
943 1444 1038 1517 cum
1056 1421 1165 1500 bulla
1182 1422 1271 1500 Bai-

177 1569 250 1638 se,
291 1547 333 1620 et
361 1541 483 1620 litora
510 1541 717 1619 autentica
754 1541 994 1643 supradicta
1023 1565 1117 1618 cum
1145 1539 1269 1632 bulla,

176 1663 327 1741 tradite
356 1662 654 1740 irreront'viro
685 1662 815 1739 nobili
842 1687 914 1738 ser
942 1661 1171 1742 Francisoo
1199 1661 1268 1739 du-

178 1783 370 1870 stinian0‚
399 1782 466 1861 die
493 1783 591 1862 XXI
622 1783 771 1861 Marcii
800 1787 934 1876 1409.)
976 1823 978 1836 ·

696 1901 1007 1968 Commemoriale
1031 1901 1071 1964 X.
1097 1903 1151 1968 oh.
1174 1903 1226 1966 73.

179 2111 414 2212 CUXM·
459 2133 569 2206 1408.
609 2127 800 2207 lndiot.
828 2127 875 2204 li.
909 2135 977 2206 2⁰.
1004 2127 1267 2209 danuarii.

174 2291 390 2348 Haoranaenis
413 2307 448 2347 aa
472 2305 654 2346 nooaannna
689 2291 906 2346 Maon-annona
931 2291 1121 2362 Benennnaa
1144 2293 1269 2349 Koara-

172 2413 265 2471 pena,
290 2409 349 2452 non
372 2397 412 2451 ie
437 2395 497 2450 ntia
532 2409 574 2448 n,
599 2409 746 2468 neonony
785 2393 935 2467 Graeany
959 2411 977 2449 n
1004 2411 1126 2452 noanon
1163 2397 1268 2472 Mape,

411 2515 558 2572 μου]
580 2513 701 2556 roanos
726 2497 875 2558 Saena—n
899 2502 1031 2556 sature.
1154 2533 1156 2540 =

269 2617 384 2716 'Quia
407 2623 471 2694 est
496 2617 785 2694 necessarium
823 2616 1112 2718 respondere,
1154 2619 1267 2696 circa

173 2736 497 2843 responsionem
526 2735 677 2816 factam
716 2737 1267 2818 ambassiatoribus

171 2859 432 2937 dominae
459 2857 661 2934 Helene
690 2865 731 2936 et
758 2859 969 2946 Baiano,
1000 2860 1069 2958 qui
1098 2859 1267 2940 fuorunt

173 2981 222 3056 ad
251 2985 440 3056 nostram
469 2977 775 3078 praesentiam,
819 2979 974 3079 quibus
1015 2999 1267 3081 responsum

16 3147 18 3160 ›
172 3099 273 3176 fuit:
324 3099 439 3198 quod
479 3119 560 3198 pro
604 3098 925 3176 confirmatione
968 3119 1117 3175 eorum
1158 3123 1265 3200 quae

16 3307 17 3322 ζ
174 3221 351 3296 tractata
387 3215 556 3294 inerunt
582 3241 661 3320 per
687 3225 860 3296 nostros
889 3222 1140 3322 provisores
1171 3242 1264 3297 oum

169 3339 344 3414 Balsa
372 3335 580 3438 predicto,
607 3337 871 3415 mitteremus
900 3338 962 3414 ad
992 3361 1264 3441 praesen·

172 3459 312 3536 tiam
360 3455 604 3557 despoti
646 3457 1014 3536 et-dominae
1068 3457 1264 3535 Manae

171 3587 363 3655 nostrum
404 3575 773 3674 ambassiatorem,
830 3578 900 3680 qui
941 3579 1263 3655 ambassiatores

173 3721 266 3774 oum
296 3697 545 3776 ista'nostra
571 3701 855 3801 responsione
882 3706 1154 3778 recesserunt
1180 3718 1260 3802 pro

170 3815 391 3894 redeundo
420 3817 480 3894 ad
497 3817 707 3896 Balaam
735 3819 988 3922 predictum.
1015 3821 1140 3897 Vadit
1153 3840 1262 3921 pars:

171 3935 285 4038 qaod
313 3939 556 4017 comittator
584 3945 626 4016 et
652 3941 874 4018 mandetur
914 3937 1048 4017 nobiti
1068 3939 1165 4015 -viro
1193 3961 1264 4017 ser

170 4057 510 4139 Benedicta
554 4060 917 4149 Contereno,
955 4061 1100 4139 comiti
1129 4070 1169 4139 et
1198 4085 1261 4139 cae

168 4179 337 4282 pitaneo
364 4192 515 4260 nostro
546 4181 734 4270 Scutari,
764 4185 878 4284 quod
909 4189 1084 4282 recepto
1111 4191 1259 4262 nostro
1309 4233 1328 4275 a

169 4300 388 4393 mandato,
426 4328 521 4382 oum
549 4305 705 4384 nostris
747 4305 897 4384 titteris
924 4301 1260 4390 eredentiaiibus‚
