3206 5110
350 383 413 462 m

353 591 441 670 sire
471 612 564 672 oum
594 593 793 695 deputato
822 592 891 670 vel
919 591 1127 696 deputatis
1147 589 1220 667 ¹'nel
1248 590 1443 693 deputan·
1575 621 1576 624 ¹

353 714 408 790 do
437 713 502 790 vel
531 713 778 816 deputandis
806 736 884 816 per
900 736 1010 799 eum,
1029 709 1256 794 scribimus
1279 717 1322 788 et
1338 737 1443 791 man·

354 833 624 912 damascum
653 832 808 910 nostris
839 831 1027 910 consiliis
1054 837 1302 929 rogatorum
1324 839 1367 908 et
1381 831 1444 908 ad·

355 953 546 1046 dicionis,
576 961 618 1030 et
647 950 792 1029 damus
815 952 938 1031 vobis
954 951 1204 1040 libertatem,
1233 953 1347 1054 quod
1363 975 1440 1056 pro

354 1071 564 1152 veniendo
593 1073 643 1152 ad
671 1095 820 1176 pacem
859 1077 903 1148 et
932 1070 1209 1186 concordium
1226 1127 1236 1160 ,
1254 1124 1256 1133 ,
1277 1069 1447 1174 possitis

354 1193 610 1298 promittere
650 1199 909 1270 castrum
939 1192 1138 1268 Rudue
1168 1217 1265 1271 cum
1290 1193 1447 1290 suisju·

356 1314 470 1392 ribus
504 1321 550 1390 et
576 1312 842 1416 pertinentiis
882 1337 931 1391 ac
972 1309 1205 1391 confinibus
1245 1313 1356 1401 suis,
1399 1335 1448 1392 ae

359 1459 452 1514 oum
482 1432 548 1510 his
575 1433 737 1520 salinis,
774 1455 877 1534 quas
904 1433 1077 1512 tenebat
1104 1431 1320 1538 praelatus
1349 1455 1448 1509 con·

357 1553 451 1634 dam
479 1552 672 1630 dominus
715 1553 913 1645 blaise,
939 1555 986 1629 et
1012 1553 1188 1632 ducatos
1217 1553 1331 1630 mille
1368 1551 1449 1628 sibi

357 1674 567 1755 annuatim
596 1673 825 1752 solvendos
854 1675 906 1750 de
936 1672 1450 1756 introitibus³Scutari,

364 1801 492 1900 prout
520 1794 598 1897 ipsi
614 1791 792 1873 condam
810 1794 981 1871 domino
1009 1793 1202 1874 balaae
1231 1795 1452 1872 dabantur.

359 1917 559 1995 Ceterum
576 1914 671 2016 quia
701 1915 751 1990 in
771 1912 964 2014 capitulis
991 1916 1200 2014 porrectis
1223 1915 1451 2019 peripsum

263 2107 266 2112 .
357 2033 1452 2132 dominumGeorgiumnominedominide·

360 2183 379 2232 s
396 2183 420 2260 p
438 2183 463 2233 o
481 2164 496 2233 t
512 2158 539 2234 i·
562 2162 605 2231 ut
633 2177 760 2258 supra
790 2154 1058 2240 continetur,
1099 2179 1183 2236 non
1212 2155 1455 2234 nominatur

361 2301 441 2354 nec
471 2275 514 2353 iit
542 2271 740 2378 specifice
770 2273 924 2350 mentio
954 2273 1035 2350 ulla
1073 2274 1125 2352 de
1155 2276 1252 2353 loco
1281 2273 1453 2352 busti-

362 2419 446 2482 ze,
477 2403 518 2472 et
546 2403 694 2497 posset
722 2396 967 2494 contigere,
995 2395 1108 2496 quod
1136 2395 1307 2472 nomine
1335 2419 1454 2496 prae·

361 2515 462 2592 dieti
479 2511 638 2590 domini
654 2514 836 2617 despoti,
866 2514 1160 2616 requireretur
1177 2519 1219 2588 et
1232 2517 1457 2614 peteretur

361 2633 454 2737 ipse
491 2635 609 2712 locus
648 2633 838 2721 bustize,
883 2659 978 2712 cum
1021 2634 1300 2733 allegatione,
1341 2633 1456 2735 qnod

360 2751 483 2847 Balsa
513 2751 684 2830 tenebat
711 2753 851 2830 locum
879 2753 1162 2856 praedictum
1190 2753 1385 2830 volumus
1412 2759 1458 2832 ut

363 2873 402 2948 in
432 2873 544 2950 omni
575 2897 674 2950 casu
704 2873 795 2953 silis
825 2873 1036 2952 informati
1064 2875 1115 2952 de
1145 2881 1289 2954 nostra
1323 2859 1473 2952 intans

363 2993 506 3084 tione,
548 3003 588 3072 et
629 2995 752 3072 vobis
794 3019 887 3071 curn
929 2995 1050 3075 dictis
1080 2997 1235 3074 nostris
1264 2995 1458 3073 consiliis

361 3113 584 3192 scribimus
612 3117 925 3203 etmandamus,
953 3123 1155 3218 quatenus
1185 3114 1457 3214 contingente

209 3247 215 3262 “
367 3260 488 3340 casu,
535 3237 646 3337 quod
689 3237 854 3340 requiri*
890 3245 931 3314 et
970 3239 1056 3341 peti
1099 3234 1262 3316 iaceret
1297 3238 1457 3317 dictum

366 3357 507 3436 locum
535 3353 729 3443 bustiae,
769 3355 952 3436 dicendo
981 3357 1093 3460 quod
1121 3357 1244 3435 Ralsa
1285 3359 1459 3435 tenebat
1585 3439 1586 3474 ι

367 3498 489 3561 eum,
530 3473 1007 3582 debeatisrrspondere
1048 3487 1089 3557 et
1116 3477 1327 3557 sustinere
1359 3503 1456 3557 cum
1585 3489 1586 3492 ‘

366 3596 448 3674 illis
477 3594 618 3674 verbis
648 3605 690 3676 et
717 3599 963 3685 rationibus,
989 3623 1097 3703 quae
1120 3597 1458 3679 vobisvidebun·

367 3721 460 3798 tur,
504 3718 617 3816 quod
659 3719 795 3798 dictus
833 3722 953 3800 locus
982 3747 1065 3798 non
1094 3731 1157 3799 est
1185 3747 1265 3799 nec
1293 3727 1460 3824 special

370 3836 806 3940 pertinentilsBudve‚
837 3839 1129 3920 concludendo
1154 3841 1457 3943 illispertinen·

370 3955 480 4036 tibus
509 3958 831 4060 allegationibus
854 3969 896 4042 et
912 3963 1157 4052 rationibus,
1187 3980 1457 4064 qnasoogno-

370 4077 517 4154 veritis
546 4081 749 4182 expedire
778 4087 821 4158 et
847 4081 1044 4160 videbitis
1069 4082 1163 4162 iore
1179 4081 1317 4171 utiles,
1345 4083 1456 4184 quod

377 4194 503 4276 debet
531 4219 751 4283 remanere
779 4209 1025 4294 contentus,
1065 4204 1176 4308 quod
1213 4201 1305 4306 ipae
1337 4201 1460 4281 iocus
