3192 5112
1232 415 1297 494 128

209 631 250 710 in
293 633 464 737 primo
505 633 745 719 ¹continetur
782 634 998 736 requisitio
1036 632 1298 736 quemfecit,

210 757 467 834 comendans
498 757 612 858 quod
649 754 933 834 dominacioni
975 757 1136 858 placeat
1179 757 1298 833 inter-

209 898 372 976 ponere
400 899 460 960 se,
497 874 547 951 ad
588 877 849 954 tractandum
892 885 933 953 et
973 873 1300 978 procurandum,

210 993 324 1096 quod
352 1019 482 1080 amor,
512 993 802 1072 benevolentia
832 1003 874 1072 et
904 991 1133 1072 concordia
1161 994 1299 1094 vigeat

209 1117 318 1193 inter
355 1114 647 1192 dominum
681 1114 1108 1218 imperatorem
1138 1123 1190 1192 et
1224 1135 1298 1192 re·

210 1255 321 1332 gem
349 1233 573 1311 Serviae
603 1241 645 1311 et
671 1235 807 1336 ipsum
832 1235 1045 1312 dominum
1062 1233 1225 1311 benum.
1252 1231 1298 1310 ln
1352 1289 1357 1302 .

210 1381 230 1432 s
247 1383 270 1433 e
288 1383 311 1435 c
326 1382 353 1432 u
368 1381 395 1433 n
410 1355 436 1432 d
452 1381 478 1435 o
508 1355 748 1460 exponitur,
776 1359 891 1458 quod
910 1358 945 1434 si
963 1357 1014 1434 de
1032 1353 1298 1456 beneplacito

210 1476 510 1554 dominationis
549 1476 831 1580 procederet,
872 1477 1001 1554 vellet
1029 1477 1218 1555 construi
1248 1475 1298 1550 ie·

211 1619 311 1672 cere
328 1597 558 1698 quaendam
588 1598 729 1674 locum
758 1599 846 1674 site
869 1595 1136 1688 fortalicium,
1152 1593 1190 1672 in
1207 1619 1299 1700 qua·

210 1715 304 1794 dam
335 1721 508 1814 contra,
539 1743 644 1820 quae
674 1725 850 1796 vocatur
878 1717 1074 1796 Cheml
1105 1715 1153 1792 ad
1182 1713 1299 1792 merl·

211 1859 317 1925 nam,
348 1845 389 1916 et
416 1839 529 1940 qnod
558 1839 592 1914 si
629 1861 709 1939 pro
748 1837 1045 1918 hedificatione
1086 1845 1155 1916 aut
1183 1861 1300 1914 cons·

211 1957 423 2036 tructione
462 1955 560 2036 dicti
590 1955 789 2036 laborerii
825 1957 914 2036 sive
948 1955 1299 2057 instituuntque

208 2075 400 2154 molestia
439 2069 504 2152 vel
541 2075 792 2178 inquietatio
835 2078 914 2154 sibi
957 2077 1077 2154 iteret
1117 2099 1138 2152 a
1180 2081 1299 2180 parte

211 2194 429 2280 maritima,
457 2201 544 2272 turn
574 2195 685 2296 quod
702 2196 976 2275 dominationi
995 2197 1158 2298 placeat
1178 2219 1299 2272 suarm

211 2314 292 2392 sibi
334 2313 539 2393 adhibere
581 2317 777 2394 auxilium
815 2325 856 2394 et
896 2317 1112 2405 favorem,
1155 2339 1300 2394 cuma

210 2441 331 2540 parte
362 2443 501 2513 terrae
529 2439 629 2515 satis
657 2437 834 2516 reddeat
861 2463 908 2515 se
935 2459 1147 2516 securum.
1182 2437 1233 2514 ut
1258 2437 1299 2513 in

212 2559 337 2636 terti
350 2583 375 2634 o
406 2559 649 2668 continetur
664 2561 889 2638 conclusio
911 2561 1171 2636 ambassatae
1187 2581 1301 2660 prae·

212 2677 362 2764 dictae,
389 2699 616 2781 perquam
645 2679 769 2758 offert
797 2705 844 2755 se
874 2685 918 2756 et
945 2679 1038 2757 loca
1070 2703 1144 2760 sua
1174 2675 1300 2754 hono·

212 2799 328 2876 ribus
371 2807 413 2877 et
453 2801 731 2905 beneplacitis
773 2799 944 2879 dominii
986 2797 1301 2902 quibuscunque

213 2925 348 2998 etcet.
376 2917 429 2996 llt
456 2920 543 3022 ipsa
572 2911 810 3021 diligenter
828 2921 1061 2998 examinata
1078 2919 1301 2998 consulunt

212 3037 435 3139 sapientes¹
465 3043 577 3142 quod
606 3041 916 3145 respondeatur
929 3039 979 3116 ad
995 3040 1128 3142 ipsam
1155 3037 1195 3116 in
1219 3037 1300 3115 hac

214 3155 360 3249 iorma,
383 3167 425 3241 et
450 3161 636 3265 primo:
664 3163 713 3239 ad
737 3160 777 3238 id
801 3161 910 3264 quod
928 3160 1043 3264 prius
1059 3157 1300 3278 exponitur,

215 3279 408 3360 videlicet
457 3281 570 3383 quod
612 3281 840 3360 dominatio
881 3306 928 3359 ee
969 3283 1210 3381 interponat
1251 3269 1316 3354 ad¹

214 3402 472 3481 tractandum
500 3411 543 3480 et
570 3405 913 3506 procurandum,
950 3411 996 3480 ut
1033 3425 1164 3490 amor,
1190 3397 1301 3475 benl·

213 3523 397 3602 volentia
425 3531 469 3601 et
496 3525 725 3604 concordia
765 3523 903 3624 vigeat
943 3524 1054 3600 inter
1089 3521 1300 3599 dominum

214 3665 357 3743 regem
386 3653 428 3723 et
456 3643 753 3746 imperatorem
786 3644 1049 3748 praedictum
1088 3651 1128 3720 et
1166 3642 1299 3746 ipsum

213 3763 428 3843 dominum
457 3763 606 3840 benum
636 3771 718 3842 otc.
761 3765 880 3864 Quod
917 3787 1087 3866 semper
1114 3761 1301 3866 dispositi

212 3887 362 3964 luimus
391 3893 433 3964 et
460 3911 603 3962 strutus
632 3886 682 3963 ad
712 3887 851 3963 omnia
886 3881 1153 3988 respicientia
1181 3905 1298 3962 suum

214 4007 495 4096 commodum,
525 4009 625 4085 utile
645 4014 688 4085 et
707 4007 933 4084 honorem.
962 4005 1014 4084 lit
1043 4009 1088 4080 ut
1114 4009 1298 4081 nostram

212 4129 364 4204 bonam
394 4127 715 4232 dispositionem
755 4124 1125 4229 comprehendere
1166 4123 1300 4199 valent

211 4272 288 4348 per
318 4247 526 4340 ellectum,
554 4253 702 4327 noscat
728 4271 800 4324 sua
839 4247 1157 4348 magnificentia,
1188 4245 1299 4347 quod
