3206 5110
411 529 608 608 Nicolaus
635 537 781 608 sancte
819 523 1309 630 Constantinopolitanae
1327 579 1331 592 ·
1350 553 1415 608 ec·

313 647 445 728 clesie
473 647 731 750 patriarcha.

416 769 511 846 Dux
538 769 812 850 Athenarum.

413 887 602 968 Thomas
629 887 706 966 Dei
733 887 866 986 gnatia
896 910 1072 986 magnus
1095 887 1297 968 Romania
1324 891 1415 966 des·

312 1017 449 1115 potus,
475 1008 672 1112 princeps
699 1007 901 1094 Btachie,
941 1007 1168 1088 Archauao
1209 1008 1416 1098 dominus,

312 1131 396 1208 dux
424 1128 648 1228 Vigeniti0‚
676 1152 823 1206 comos
848 1125 1044 1218 Achiuo,
1079 1134 1122 1208 et
1162 1128 1338 1229 Nepaoti
1365 1153 1416 1206 ac

315 1245 469 1345 regalis
497 1247 624 1326 castri
652 1245 858 1326 lohauine
886 1245 1096 1324 domiuus.

420 1364 656 1443 ludovicus
684 1365 887 1468 princeps
915 1365 1100 1466 Achaye.

421 1485 616 1566 Mahalda
644 1487 896 1590 principissa
931 1485 1133 1587 Achaye,
1173 1489 1263 1584 ejus
1291 1511 1414 1564 uxor.

747 1603 821 1668 lib.
845 1613 1036 1692 pactorum
1062 1608 1135 1670 vol.
1161 1606 1222 1672 lll.
1245 1607 1300 1672 ch.
1322 1607 1373 1670 79.

565 1727 788 1824 DXLll·
818 1770 899 1824 ono
926 1769 1018 1838 rou.
1049 1749 1163 1826 iaco.

316 1890 479 1966 Vronopn
508 1907 545 1948 ca
569 1905 768 1966 corporosa
779 1893 916 1946 Barorrs
937 1905 957 1946 o
980 1887 1174 1966 yeaouiana,
1196 1885 1288 1960 nois
1310 1905 1416 1948 tonna

441 1999 478 2052 le
502 1991 583 2051 onai
606 2009 742 2070 apum
766 1991 851 2054 osu-a
875 2011 896 2070 y
919 2007 1110 2068 ποιησει]
1133 1994 1296 2052 Macram.

419 2109 482 2188 Ad
512 2109 775 2190 ambaxatam
792 2109 990 2192 exibitam
1018 2111 1193 2188 domino
1221 2111 1318 2192 duci
1341 2135 1421 2216 per

276 2225 279 2234 '
318 2231 548 2332 prudentes
575 2231 692 2310 viros
721 2289 731 2308 .
760 2233 861 2330 (sic)
891 2289 900 2307 .
928 2287 976 2309 ..
1018 2233 1311 2310 ambuxatores
1332 2235 1418 2310 uni-

317 2349 532 2430 versitatis
559 2353 697 2446 insule
725 2350 826 2450 Pagi
854 2353 905 2430 ad
932 2359 1122 2430 nostram
1150 2353 1301 2430 missos
1326 2377 1418 2454 pre-

315 2469 482 2547 entiam.
534 2469 587 2548 lu
625 2471 761 2572 primo
790 2474 840 2550 ad
877 2471 1057 2572 primum
1107 2472 1337 2573 capitulum
1365 2471 1419 2547 (le

317 2589 430 2666 lacto
459 2587 687 2668 electionis
716 2589 898 2678 comitis,
929 2592 1265 2694 respondemus,
1305 2592 1417 2691 quod

316 2731 583 2786 reservamus
599 2709 732 2796 uobis,
743 2717 787 2788 et
812 2715 958 2788 nostro
976 2711 1145 2790 comuni
1161 2711 1418 2790 electionem

317 2830 475 2934 ipsam,
507 2851 586 2930 pro
614 2833 659 2904 ut
687 2831 810 2908 nobis
838 2828 1048 2932 placuerit
1075 2830 1338 2912 iaciendum:
1364 2831 1419 2909 de
1474 2855 1483 2864 ’

318 2949 473 3028 salario
502 2955 641 3026 autem
669 2949 852 3043 comitis,
869 2949 968 3029 licet
995 2951 1189 3038 sciamus,
1221 2951 1334 3052 quod
1362 2953 1419 3054 ip·

317 3069 354 3158 si
380 3069 534 3148 dabant
562 3069 732 3146 comuni
754 3069 877 3148 ladra
905 3069 1031 3148 libras
1060 3071 1104 3148 M
1121 3069 1267 3152 CCCC
1294 3089 1416 3148 annu·

316 3191 442 3280 atim,
483 3193 622 3268 tamen
663 3177 856 3268 volentes
896 3215 974 3268 nos
1016 3191 1179 3270 liabere
1230 3192 1418 3289 gratiose

318 3331 418 3408 erga
446 3330 536 3397 eos,
562 3333 704 3386 sumus
732 3312 921 3388 contenti
949 3311 1013 3389 eis
1048 3311 1260 3390 dimittere
1290 3309 1417 3388 libras

318 3425 464 3508 CCCC
491 3431 544 3507 de
572 3429 733 3527 gratia,
774 3437 818 3508 et
858 3433 975 3532 quod
1004 3431 1105 3509 dent
1132 3431 1255 3510 nobis
1282 3429 1338 3507 illi
1366 3431 1418 3507 de

316 3549 432 3650 Pago
463 3548 589 3628 libras
616 3551 671 3628 M.
699 3575 781 3630 nec
808 3551 860 3628 ad
888 3552 965 3630 alia
991 3551 1199 3634 exibenda
1221 3551 1419 3628 dictoco·

316 3669 406 3748 miti
447 3675 696 3758 teneantur,
738 3671 851 3748 salva
892 3671 1022 3750 domo
1050 3697 1130 3773 pro
1166 3671 1421 3750 habitatione

231 3773 234 3786 ¹
315 3791 514 3869 comitis:
558 3791 612 3869 ‹le
654 3791 745 3868 aliis
771 3815 877 3870 uero
907 3792 1119 3872 contentis
1145 3790 1186 3868 in
1213 3791 1328 3868 dicto
1355 3815 1422 3870 ca·

314 3911 450 4013 pitulo
479 3915 783 3990 contentamur.

418 4033 557 4134 Supra
598 4032 786 4111 secundo
830 4031 1021 4135 capitulo
1062 4031 1115 4110 de
1151 4031 1265 4110 iacto
1290 4031 1425 4108 datio-

315 4171 405 4227 rum
434 4151 531 4228 salis
557 4151 892 4253 respondemus,
934 4152 1049 4252 quod
1077 4149 1200 4230 sicuti
1239 4151 1319 4253 ipsi
1346 4152 1426 4228 sci·
