3206 5110
45 654 48 662 .
173 592 327 669 nostris
352 589 558 676 fidelibus,
587 586 659 690 qui
686 589 911 688 numquam
939 591 1184 692 propterea
1206 587 1278 668 liet

173 713 337 811 questio
365 733 445 814 pro
475 707 688 810 predictis,
719 707 790 784 vel
819 707 1025 800 molestia.

275 830 422 909 Datum
464 828 503 904 in
547 833 694 907 nostro
730 825 869 904 ducali
899 827 1054 930 palatio
1084 826 1277 909 Venetis·

172 969 404 1038 rum,unno
435 948 485 1030 ab
515 948 801 1026 incarnatione
829 947 988 1025 domini
1016 951 1152 1026 nostri
1180 948 1276 1030 lesu

174 1065 331 1144 Christi
382 1067 605 1146 millesimo
661 1066 965 1146 tercentesimo
1006 1067 1173 1148 decimo
1223 1069 1278 1150 iu·

171 1186 364 1266 merrom
389 1199 550 1280 octava,
577 1189 645 1266 die
673 1211 777 1268 vero
806 1211 918 1266 nono
947 1190 1115 1354 Aprilis.

490 1291 560 1357 Lib.
586 1289 734 1356 litterar.
758 1299 891 1356 secret.
923 1290 979 1356 Co
997 1291 1081 1376 legii
1106 1291 1160 1358 ch.
1182 1292 1233 1356 76.

222 1393 462 1492 nxhlx.
491 1417 602 1492 raro.
634 1418 683 1490 lo
714 1409 904 1502 tunm
937 1412 1078 1490 indict.
1108 1410 1222 1492 vul.

171 1551 287 1610 llaruo
312 1569 414 1626 sueay
436 1557 708 1628 Aydpouausoua
745 1553 923 1629 Bepryuiro
946 1555 1149 1629 Ppapouury,
1174 1572 1194 1612 o
1218 1570 1273 1618 uo·¹

478 1655 562 1730 dyuu
588 1651 775 1714 Baiauonra
805 1657 973 1730 Teyuoaa.

279 1753 508 1852 llertucdo
549 1769 791 1851 (trudonisc
822 1774 967 1850 comiti
995 1770 1176 1872 Ragusii.

275 1909 481 2007 Quoniam
519 1934 598 2013 per
634 1909 735 1986 alius
762 1914 931 1986 nostrus
959 1909 1119 1986 litteras
1149 1908 1276 1988 deno·

170 2032 354 2106 lauimus
387 2027 508 2110 vobis
549 2029 777 2110 inauditum
814 2031 955 2109 scelus
986 2053 1063 2132 per
1092 2030 1276 2130 prodito·

172 2158 240 2228 r'es
267 2157 568 2255 presumptum,
595 2153 669 2230 sed
697 2151 801 2230 illud
828 2151 878 2228 ad
908 2151 1110 2228 cautelam
1151 2150 1276 2231 vobis

170 2269 429 2372 providimus
446 2270 714 2372 presentibus
738 2270 941 2351 seriosius
954 2269 1124 2357 iterare,
1138 2271 1276 2348 ridell·

158 2392 254 2473 'cot⁹
272 2390 386 2491 quod
404 2389 474 2470 ille
489 2390 772 2493 nequissimus
794 2389 990 2491 proditor
1006 2399 1053 2468 et.
1074 2389 1278 2470 seductor

170 2508 349 2609 iniquus,
378 2507 608 2611 iniquitatis
625 2511 745 2600 lilius,
769 2515 811 2586 et
828 2509 1134 2588 maledictionis
1149 2511 1277 2590 alum·

170 2653 245 2706 nus
271 2629 757 2733 Bajamons'flreopulo,
792 2630 1112 2717 beneticiorum,
1148 2631 1278 2710 nono·

168 2771 286 2834 rum,
314 2758 357 2826 et
396 2749 639 2850 dignitatum
682 2747 1032 2848 progenitoribus
1070 2751 1162 2845 ejrrs
1200 2770 1278 2850 per

170 2893 350 2948 comune
391 2869 663 2946 Venetiarum
707 2891 858 2946 eorum
902 2868 1062 2948 meritis
1105 2869 1276 2948 colluto·

168 3013 258 3068 rum
301 2991 513 3085 ingratus,
558 2995 736 3089 propter
778 3011 859 3087 que
901 2987 1084 3065 habebat
1122 2995 1279 3068 statum

170 3118 376 3202 nostrum,
406 3117 448 3185 et·
476 3107 670 3186 comunis
695 3108 980 3194 Venetiurum‚
1010 3119 1052 3184 ut
1080 3107 1276 3211 pupillam

170 3228 285 3306 oculi
326 3229 567 3310 custodiro.
620 3229 786 3308 Marcus
828 3228 987 3327 Quirini
1042 3228 1094 3306 de
1148 3229 1276 3310 domo

169 3347 330 3438 maiori,
358 3358 401 3426 et
429 3349 560 3428 ceteri
596 3349 648 3424 de.
677 3349 765 3449 ipsa
808 3350 935 3442 domo
967 3347 1037 3448 qui
1065 3373 1112 3426 se
1142 3349 1275 3426 Vene-

169 3461 237 3543 tin
266 3474 533 3570 repererunt,
559 3465 713 3545 Petrus
742 3467 905 3566 Quirini
928 3475 1074 3546 sancte
1099 3466 1277 3556 iustine.

169 3592 211 3664 et
239 3587 406 3664 ltlarous
436 3589 529 3684 ejus
558 3587 676 3671 lilius,
705 3588 896 3666 Andreas
925 3588 1080 3677 Douro,
1108 3595 1150 3665 et
1176 3589 1276 3667 Pau·

168 3706 230 3782 lus
258 3704 446 3803 Quirini,
486 3708 595 3787 lilius
627 3709 758 3786 Marci
786 3708 949 3807 Quirini
980 3711 1275 3811 procuratoris

167 3826 353 3905 ecclesie
381 3831 511 3907 sancti
529 3828 675 3916 Murci,
705 3839 744 3907 et
776 3829 901 3931 aliqui
930 3828 1012 3908 allii
1043 3827 1208 3908 nobiles
1221 3831 1274 3908 de

167 3945 371 4035 Venetiis,
400 3947 669 4048 quamplures
711 3971 766 4024 ex
804 3948 1081 4052 popularibus
1117 3947 1275 4027 nostris

168 4065 328 4146 civibus
357 4069 609 4148 seducentes
638 4053 1006 4172 conspiracionem
1030 4073 1181 4148 contra
1197 4093 1274 4146 nos

169 4191 211 4262 et
238 4195 430 4266 nostrum
462 4210 642 4265 comune
677 4188 887 4276 inierunt,
931 4185 1271 4368 etggprbunitosj
