3186 5112
348 381 414 446 aad

449 585 500 662 ut
538 584 726 686 primo
771 580 822 662 ad
860 581 1040 681 primum
1080 581 1307 684 capitulum
1354 603 1434 684 per

348 707 459 807 quod
489 705 652 793 asserit,
666 705 799 805 ipsum
815 725 910 780 esse
927 710 1128 792 astantum
1154 700 1434 787 aTurchis,

348 833 390 906 et
417 826 574 904 habere
617 825 834 929 proprium
861 831 1002 902 natum
1032 824 1072 900 in
1102 823 1295 902 obsidem
1325 822 1435 922 apud
1573 893 1578 904 .

351 973 453 1031 eos,
495 969 544 1024 ae
572 943 762 1047 quosue
789 943 993 1040 scrutari,
1018 921 1067 1022 'ut
1094 944 1208 1046 ipsos
1236 941 1436 1019 resonos

350 1063 561 1168 permittat
588 1086 665 1165 per
701 1087 849 1166 passus
879 1069 921 1142 et
949 1064 1044 1144 loca
1071 1087 1145 1138 sua
1173 1059 1436 1140 descendere

351 1183 402 1262 ad
430 1181 643 1262 territoria
664 1191 706 1261 et
721 1184 817 1261 loca
845 1191 1014 1262 nostrae
1042 1182 1317 1261 dominationi
1341 1180 1435 1256 sub·

346 1308 487 1402 jecta,
528 1304 641 1405 quod
683 1303 826 1382 facere
855 1305 989 1380 noluit
1029 1302 1156 1382 modo
1199 1300 1339 1402 aliquo
1368 1301 1435 1377 vel

351 1426 530 1524 ingenio,
545 1433 626 1501 ta'm
656 1424 813 1500 intuitu
832 1423 899 1500 dei
914 1432 957 1503 et
985 1421 1310 1504 conservatione
1338 1420 1437 1500 lidei

353 1545 626 1634 Christianae,
642 1571 766 1648 quam
782 1529 924 1623 amore
940 1545 1074 1624 nostri
1092 1542 1273 1631 dominii,
1287 1546 1439 1646 petens

351 1691 374 1742 a
401 1673 547 1743 nostro
589 1665 774 1743 dominio
816 1667 994 1769 aliquem
1025 1662 1178 1744 'luctam
1206 1669 1353 1748 tutum,
1383 1659 1436 1752 ad

352 1809 477 1887 quem
518 1791 710 1887 tempore
751 1786 1016 1866 necessitatis
1044 1785 1178 1890 possit
1206 1803 1434 1864 recurrere

352 1907 386 1980 si
415 1905 701 2006 oprimeretur
728 1931 751 1983 a
777 1908 985 1996 Tarchia,
1026 1905 1296 2005 offerensque
1323 1901 1436 1979 velle

351 2027 511 2102 servire
527 2031 672 2105 nostro
690 2013 880 2107 dominio
901 2053 993 2108 oum
1010 2031 1097 2106 suis
1113 2023 1322 2127 gentibus,
1338 2047 1434 2102 cum

352 2146 519 2224 decenti
558 2148 828 2249 provisione,
870 2174 950 2228 nec
989 2171 1073 2228 non
1116 2145 1167 2226 ad
1204 2144 1435 2224 secundum

352 2265 592 2367 capitulum,
621 2270 735 2368 quod
763 2270 1049 2348 videturesse
1078 2263 1436 2358 unumetiddem,

352 2410 426 2488 per
454 2386 569 2488 qnod
597 2387 725 2481 dicit,
762 2391 874 2490 quod
909 2393 987 2469 nisi
1015 2391 1210 2470 foveatur
1239 2413 1261 2467 a
1289 2395 1435 2466 nostro

352 2505 560 2596 dominio,
602 2517 725 2586 etex
753 2512 1005 2590 necessitate
1033 2516 1076 2587 et
1104 2509 1350 2612 opressione
1378 2508 1435 2608 ip·

351 2650 494 2703 sorum
521 2627 809 2716 Turchorum,
841 2631 888 2718 ‚si
931 2655 1024 2709 eum
1081 2631 1331 2732 opporteret
1369 2627 1436 2704 eis

350 2749 583 2827 adhaerere
622 2755 664 2827 et
693 2751 958 2829 obedientiae
987 2775 1134 2830 eorum
1161 2747 1435 2827 'Purchorum

351 2869 508 2964 subire,
537 2867 740 2947 habeatur
766 2871 917 2948 merito
946 2881 1182 2950 excusatus

454 2988 776 3090 Respondeatur
804 2991 965 3077 eidem,
995 2990 1111 3092 quod
1138 2989 1191 3066 de
1219 3013 1293 3066 sua
1322 2991 1434 3066 bona

351 3109 563 3186 voluntate
580 3115 622 3187 et
637 3110 800 3188 sincera
829 3112 1070 3200 dilectione,
1088 3136 1189 3213 quas
1208 3111 1317 3211 gerit
1332 3131 1436 3208 erga

350 3239 537 3306 nostrum
553 3229 781 3306 dominium
801 3233 1085 3330 regraoiamur
1102 3231 1250 3310 eidem.
1273 3231 1434 3308 Verum

349 3373 428 3452 pro
465 3349 606 3426 multis
647 3349 770 3427 bonis
810 3350 1076 3454 respectibus
1116 3350 1281 3428 videtur
1308 3347 1434 3426 nobis
1490 3403 1493 3414 .

349 3469 504 3548 bonum
534 3475 576 3545 et
597 3471 737 3548 lacere
764 3496 843 3574 pro
873 3495 947 3547 sua
974 3468 1293 3569 magnificentia,
1321 3469 1435 3570 quod

350 3591 585 3691 aliqualiter
609 3613 688 3692 pro
716 3615 825 3668 nunc
839 3615 924 3669 non
954 3588 1104 3669 debeat
1132 3613 1325 3692 querere,
1353 3615 1434 3668 nec

351 3711 551 3788 innovare
579 3735 654 3787 scu
684 3709 825 3789 faeere
854 3735 957 3797 rem,
974 3734 1080 3812 quae
1109 3709 1310 3788 inducere
1338 3733 1434 3811 pos·

348 3831 400 3906 sit
435 3829 570 3932 ipsum
599 3831 638 3906 in
667 3829 920 3908 discordiam
960 3855 1058 3908 oum
1099 3829 1295 3920 ‘1¹urch03
1315 3853 1433 3929 .ymo

348 3951 533 4053 presenti
560 3955 753 4052 tempore
783 3953 844 4029 sic
868 3949 1085 4052 quomodo
1115 3950 1265 4026 melius
1294 3957 1433 4053 potest

348 4069 498 4147 debeat
525 4073 796 4172 pertransire.
849 4069 953 4156 Nam¹
976 4071 1102 4148 donet
1129 4091 1223 4147 esse
1253 4070 1432 4148 certissi-

348 4217 455 4282 mum,
497 4191 609 4293 quod
639 4192 674 4266 si
703 4197 929 4269 occureret
958 4214 1105 4278 casus,
1149 4191 1261 4291 quod
1290 4210 1431 4292 posse·

348 4311 608 4389 mesfacere
644 4313 695 4388 de
723 4314 878 4411 rebus,
921 4332 1028 4414 quae
1056 4312 1260 4391 cederent
1287 4312 1336 4389 ad
1363 4313 1435 4390 ho·
1577 4403 1582 4426 1
