3228 5108
331 637 491 740 possint
518 642 724 738 spectare,
753 663 832 716 nec
860 636 1088 738 pertinere;
1103 646 1146 716 et
1164 661 1258 716 eum
1287 639 1352 716 lris
1379 647 1422 716 et.

331 759 422 836 aliis
451 756 612 848 verbis,
641 781 747 858 quae
776 765 870 834 tuae
899 759 1127 858 supientiae
1154 759 1420 840 videbuntur.

330 876 580 956 subtrahere
609 876 764 954 debeas
792 877 869 954 ista
898 877 993 954 talia
1021 877 1241 957 demente
1273 901 1360 970 sna,
1387 879 1421 954 si

329 1023 433 1076 vero
464 1021 553 1102 pur¹
570 1006 810 1075 remaneret
839 1003 1034 1074 constans
1062 1001 1191 1074 insua
1220 1001 1421 1100 opinione

329 1143 417 1204 sua,
446 1119 592 1197 dicens
620 1121 733 1222 quod
762 1117 886 1195 Balsa
917 1125 1008 1195 erat
1036 1121 1279 1198 censuarios
1305 1143 1418 1206 snus,

333 1249 374 1318 et
401 1243 515 1342 quod
545 1241 659 1319 omni
687 1239 1031 1320 annosibidebat
1058 1247 1218 1320 certum
1249 1261 1420 1319 censum

329 1378 408 1460 pro
437 1359 541 1438 locis
568 1361 792 1463 predictis,
832 1369 931 1438 tunc
959 1359 1220 1463 respondere
1249 1362 1421 1451 debeas,

330 1477 442 1580 quod
470 1488 615 1558 nostra
644 1479 870 1560 dominatio
899 1503 1108 1581 nunquam
1137 1481 1190 1558 de
1218 1483 1347 1559 terris
1378 1489 1420 1560 et

326 1597 437 1676 locis
465 1602 621 1678 nostris
650 1602 813 1680 exibuit
852 1599 1031 1702 aliquem
1073 1623 1243 1678 censum
1281 1599 1419 1687 alloni,

330 1726 373 1794 et
411 1727 643 1821 propterea
683 1721 895 1824 perventis
936 1719 1058 1798 dietis
1100 1719 1337 1798 civitatibus
1378 1725 1422 1794 et

328 1839 454 1916 terris
482 1839 532 1918 ad
560 1865 725 1920 manum
748 1843 886 1920 nostri
913 1839 1110 1930 dominii,
1137 1841 1229 1944 ipse
1257 1847 1354 1917 sunt
1380 1841 1421 1916 li·

330 1959 433 2038 bere
461 1969 503 2040 et
532 1961 719 2048 tranche,
749 1971 790 2040 et
820 1985 899 2067 pro
930 1961 1029 2066 ipsis
1058 1961 1217 2038 nullum
1247 1983 1419 2038 censum

329 2083 535 2159 ullatenus
563 2083 829 2162 solveremus
858 2081 994 2169 alicui,
1023 2103 1148 2182 quum
1176 2082 1421 2185 autemipse

264 2243 267 2252 ·
328 2203 519 2280 ciuitates
548 2209 592 2284 et
617 2203 715 2281 loca
756 2211 876 2282 erent
914 2205 1133 2306 supposita
1173 2201 1264 2281 aliis
1291 2202 1419 2279 domi·

215 2317 222 2322 ’
328 2323 401 2410 uls,
432 2323 509 2428 ipsi
537 2331 733 2427 poterant
761 2325 902 2402 iacere
917 2331 960 2403 et
975 2323 1203 2426 disponere
1231 2321 1283 2400 de
1311 2323 1419 2402 locis

327 2439 529 2546 predictis
571 2442 621 2520 ad
664 2467 789 2524 omne
830 2467 950 2522 suum
1000 2442 1336 2548 beneplacitum
1378 2451 1422 2522 et

328 2587 424 2643 carm
452 2565 516 2641 his
545 2565 690 2644 etaliis
718 2563 860 2644 verbis
888 2565 1140 2669 persuasivis
1168 2563 1419 2672 procurabis

328 2707 552 2762 removere
593 2685 728 2788 ipsum
771 2685 992 2763 dominum
1019 2684 1236 2764 Turohum
1264 2689 1315 2760 ab
1343 2685 1419 2762 ista

327 2829 401 2882 sua
429 2805 731 2907 dispositione,
761 2831 883 2907 quam
912 2807 1105 2909 optinere
1132 2811 1324 2909 putamus
1351 2813 1420 2884 tua

325 2925 611 3006 sollicitudine
656 2931 698 3004 et
723 2927 924 3006 industria
965 2928 1188 3007 mediante.
1242 2925 1418 3027 Quando

22 3038 50 3086 '·
201 3091 204 3103 ι
327 3043 518 3124 dominus
548 3045 780 3148 imperator
813 3048 1031 3151 predictus
1059 3071 1139 3149 pur
1166 3051 1297 3122 staret
1324 3069 1418 3124 eon·

325 3171 437 3242 stans
465 3167 506 3243 in
532 3166 719 3245 volendo
751 3193 953 3257 censum,
994 3193 1118 3270 quem
1159 3165 1341 3244 habebat
1368 3163 1418 3240 ab

326 3285 417 3362 aliis
447 3284 853 3384 dominisrolumus
879 3289 993 3390 quod
1010 3290 1147 3366 eidem
1176 3285 1322 3366 dicere
1350 3284 1417 3362 de·

324 3403 436 3494 beas,
465 3407 960 3506 quodutsua-serenitas
989 3410 1128 3488 videat
1156 3414 1199 3485 et
1224 3413 1418 3526 patenter

325 3533 585 3625 cognoscat,
613 3537 801 3608 nostram
829 3529 1175 3633 perfectissimam
1202 3525 1417 3606 sincerita-

325 3653 423 3735 tem,
451 3672 573 3749 quam
604 3648 806 3754 adipsum
835 3660 1066 3753 portamus.
1096 3656 1139 3726 et
1164 3655 1209 3726 ut
1235 3671 1322 3726 non
1350 3647 1416 3725 de·

324 3763 460 3854 liciat,
496 3767 592 3867 quin
623 3769 732 3845 bona
760 3793 842 3872 pax
869 3777 1072 3870 sequatur
1099 3768 1208 3845 inter
1248 3791 1345 3844 eum
1373 3771 1417 3844 et

322 3907 415 3975 nos,
441 3909 585 3964 sumus
612 3885 802 3990 dispositi
818 3899 861 3967 et
874 3889 1015 3991 placet
1028 3889 1165 3977 nobis,
1193 3887 1414 3988 insignum

324 4003 459 4082 bonae
489 4016 531 4086 et
556 4009 774 4112 perfectae
809 4010 1018 4090 amicitiae
1060 4009 1233 4090 domino
1260 4031 1415 4088 conoe·

323 4125 449 4202 dente
486 4135 694 4229 perpetuo
737 4129 987 4218 duraturae,
1029 4129 1145 4230 quod
1186 4149 1331 4204 omnes
1371 4133 1414 4204 et

323 4245 506 4345 singulae
538 4247 726 4326 civitates
741 4255 924 4328 nostrae:
952 4247 1183 4333 sectari,
1213 4245 1413 4322 Drim-

322 4365 378 4455 ti,
406 4363 689 4466 Dulcigni
718 4375 759 4446 et
787 4371 960 4450 aliarum
989 4377 1198 4452 terrarum
1225 4373 1267 4442 et
1296 4365 1413 4444 loco·
