3206 5110
1221 407 1291 491 ωδ

193 621 245 704 Et
272 623 517 730 specialiter
545 625 594 702 ad
623 622 882 702 tractandam
918 648 1068 728 pacem
1110 633 1151 704 et
1192 653 1288 708 cou-

194 741 448 834 cludendum
478 751 729 848 perpetuum
747 743 1020 822 concordium
1042 769 1230 825 amorem
1247 755 1290 826 et

193 871 363 962 treugas
404 889 478 941 seu
520 863 708 943 inducias
736 871 780 942 et
806 863 1177 960 substentamenta‚
1207 879 1287 946 tarn

194 983 232 1059 in
263 991 512 1087 perpetuum
543 1009 664 1086 quam
703 987 753 1062 ad
783 993 960 1087 tempus,
991 985 1287 1100 cum'preiato

194 1103 341 1181 illustri
370 1105 543 1184 domino
573 1107 745 1184 domino
774 1105 942 1208 dispote
970 1105 1188 1212 Stephano
1218 1107 1288 1184 du·

178 1245 244 1304 ‘ce
274 1224 417 1302 Rasste
446 1232 540 1306 etc.
572 1230 613 1306 et
642 1225 735 1328 ipso
765 1223 984 1325 magnifico
1015 1225 1185 1305 domino
1215 1229 1286 1306 do·

193 1347 305 1424 mino
335 1346 537 1447 Georgio,
579 1346 665 1422 suis
709 1349 892 1450 propriis
925 1349 1194 1438 nominibus,
1246 1356 1288 1428 et

99 1499 101 1502 ·
191 1467 362 1545 nomine
390 1475 430 1544 et
459 1468 554 1544 vice
583 1467 787 1543 heredum
818 1471 860 1545 et
881 1491 1286 1546 successorumsuo-

192 1612 303 1674 rum3
360 1610 549 1664 necnon
579 1587 764 1664 omnium
803 1595 844 1664 et
871 1589 1128 1689 singulorum
1173 1591 1285 1669 colli·
1359 1609 1366 1622 ·

192 1717 386 1807 gatorum
417 1707 709 1809 adherentium
732 1709 1132 1789 recomendatorum
1158 1711 1285 1788 lauto·

193 1852 284 1905 rum
315 1829 571 1932 complicum
599 1827 783 1905 fidelium
813 1830 1043 1930 sequatium
1082 1839 1122 1908 et
1150 1831 1286 1907 subdi-

192 1957 331 2026 torum
361 1973 409 2024 ac
424 1947 646 2027 vassallum
677 1973 861 2035 suorum,
892 1959 1018 2053 prout
1043 1953 1207 2028 etsicnt
1235 1949 1286 2028 de

191 2068 306 2148 dicto
348 2067 553 2147 sindicntu
593 2075 758 2148 constat
791 2069 970 2172 publico
1008 2071 1285 2150 instrumento

191 2188 356 2292 scripto
387 2197 428 2267 et
457 2187 660 2266 roborato
688 2207 811 2268 manu
840 2189 1006 2290 providi
1044 2199 1086 2268 et
1115 2189 1286 2269 discreti

190 2307 270 2385 viri
299 2333 370 2386 ser
399 2307 658 2387 Constantini
687 2311 740 2388 de
771 2307 1055 2389 Constantinis
1076 2307 1285 2412 quondam

189 2427 582 2518 serBartholomei,
613 2429 769 2532 publici
797 2431 1003 2534 imperiali
1034 2431 1285 2511 auctoritate

190 2549 344 2629 notarii
373 2559 415 2628 et
436 2550 592 2648 judicis
623 2551 837 2641 ordinarii,
864 2577 944 2630 nec
985 2577 1068 2630 non
1110 2551 1285 2631 ducatos

177 2671 463 2779 ¹Venetiarum
493 2671 644 2756 scribe,
674 2671 750 2748 sub
766 2673 1036 2774 presentibus
1057 2672 1283 2750 millesimo

191 2799 235 2869 et
261 2789 492 2884 indicione,
520 2791 587 2869 die
616 2801 753 2870 autem
781 2795 970 2871 secundo
1000 2794 1156 2871 mensis
1175 2793 1286 2881 iulii,

193 2921 234 2990 et
262 2910 420 2994 bullato
452 2915 561 2992 bulla
589 2915 787 3017 plumbea
816 2913 1009 3018 prelibati
1039 2916 1199 2994 domini
1215 2915 1286 2992 do·

193 3033 294 3114 mini
324 3033 444 3114 ducis
474 3041 515 3132 et
545 3035 702 3112 excelsi
730 3035 890 3113 ducalis
918 3033 1090 3113 dominii
1118 3035 1286 3111 Veneti·

192 3178 308 3232 arum
339 3154 560 3258 pendente.
613 3151 761 3258 ibique
799 3156 1003 3234 antelatus
1038 3153 1286 3254 magnificus

191 3285 233 3354 et
260 3291 494 3376 generosus
525 3274 645 3353 miles
675 3274 866 3352 dominus
892 3264 1145 3354 Franciscus
1166 3275 1285 3352 Bem-

190 3396 245 3476 bo
275 3399 517 3501 capitaneus
546 3397 755 3498 generalis
785 3397 936 3502 Culphi
965 3407 1044 3478 etc.
1073 3421 1151 3502 pro
1176 3401 1285 3474 ante·

191 3519 276 3598 fato
308 3517 456 3598 inclito
499 3517 636 3596 ducali
678 3516 862 3594 dominio
890 3519 1164 3596 Venetiarum
1202 3523 1284 3598 etc.

190 3639 307 3718 dicto
349 3635 577 3715 sindicario
622 3645 662 3714 et
704 3635 1005 3736 procuratorio
1035 3636 1203 3713 nomine
1232 3661 1284 3714 ex

189 3766 309 3864 parte
351 3781 457 3854 utra,
501 3768 542 3834 et
584 3757 773 3858 prefatus
812 3759 1054 3857 magnificus
1092 3757 1285 3835 dominus

189 3879 385 3956 dominus
427 3877 635 3974 Georgius
677 3877 886 3977 quondam
914 3876 1085 3964 Vulchi‚
1127 3875 1284 3956 babens

188 3999 376 4108 similiter
415 3997 700 4102 plenissimam
729 3997 1069 4074 commissionem
1107 3999 1285 4076 anctori-

189 4129 316 4200 tatem
347 4125 389 4199 et
418 4119 596 4222 bayliam
625 4127 835 4221 utsupra,
866 4117 1114 4224 aprelibato
1131 4119 1284 4197 illustri

190 4247 232 4320 et
261 4241 435 4322 excelso
477 4241 649 4320 domino
692 4238 864 4318 dotnino
906 4240 1076 4342 dispoto
1106 4237 1282 4318 Stefana
