3206 5110
347 595 482 700 nucis,
510 621 619 698 quoe
642 594 783 676 omnia
798 567 1010 698 poscendo
1027 593 1443 685 obtinere,vciumus

348 723 393 796 ui
418 717 769 817 vos-intelligetis
795 739 891 796 cum
920 717 1037 794 dieto
1066 716 1255 804 domino.
1282 723 1329 794 ut
1356 720 1444 796 mic

349 843 407 915 tut
432 859 670 940 personum,
697 862 776 939 per
802 859 926 938 quum
955 833 1027 916 fiat
1053 838 1249 932 executio
1278 843 1443 943 operte

220 953 223 962 “
347 980 450 1044 euru.
489 965 532 1037 et
559 981 668 1059 quae
695 957 749 1036 sit
775 961 871 1059 epto
915 959 1110 1059 recipere
1145 959 1443 1038 executionem
1590 1057 1591 1064 Ν

348 1077 526 1157 fiendam
554 1102 636 1181 pro
664 1081 786 1182 porte
813 1083 980 1174 nostro²
1008 1101 1131 1178 quem
1160 1079 1200 1156 in
1229 1079 1314 1158 hoc
1341 1103 1443 1158 casu

346 1194 468 1274 uobis
496 1195 762 1284 mandamus,
783 1202 856 1272 ut·
886 1197 1152 1295 integraliter
1188 1199 1345 1302 exequi
1372 1198 1444 1277 dc·
1590 1185 1592 1202 '

347 1317 493 1402 beatis.
531 1315 578 1394 Si
605 1339 706 1395 vero
737 1315 845 1395 factu
875 1316 989 1394 omui
1016 1313 1211 1396 instantia
1237 1321 1444 1422 possibili,

347 1433 704 1516 dietusdominus
732 1435 782 1540 ud
811 1435 920 1515 hoec
946 1461 1030 1514 non
1059 1443 1443 1527 contentoretssed

350 1559 482 1635 veliet
507 1581 588 1660 pur
614 1553 918 1636 Pustrcvichos
946 1559 986 1634 ci
1013 1556 1115 1646 deri,
1144 1567 1186 1636 et
1212 1559 1444 1640 deducatis

348 1677 466 1756 mille·
507 1701 586 1779 pro
625 1674 781 1754 cataro
824 1683 936 1754 esset
976 1684 1197 1756 contentus
1237 1681 1443 1782 inponere

341 1797 597 1883 stiloniiunr,
637 1797 832 1875 volumus
860 1805 905 1876 ut
931 1801 1185 1900 procuretis
1203 1823 1297 1878 curn
1325 1801 1441 1881 dicto

346 1917 547 2004 domino.
586 1917 699 2020 quod
739 1918 982 2020 perdictos
1009 1917 1314 2000 Pnsirovichos
1340 1923 1442 2001 velit

347 2061 571 2117 remouere
588 2045 825 2124 centenius,
845 2039 1113 2138 svaningiare
1141 2065 1188 2119 ee
1204 2041 1243 2118 in
1259 2043 1440 2146 pecunie
1590 2053 1591 2070 ¹

346 2164 386 2240 ei
414 2160 550 2240 danda
575 2159 892 2263 annuatimper
918 2163 1370 2253 nostrumdominium,
1389 2168 1440 2243 ud

345 2283 461 2384 quod
489 2283 582 2384 ipso
612 2283 887 2360 contentunte
929 2289 975 2358 ut
1013 2307 1257 2384 speramus,
1296 2307 1442 2362 sumus

345 2404 535 2482 contenti
574 2406 621 2478 ut
659 2401 909 2504 promittere
951 2403 989 2480 ei
1030 2403 1202 2504 possitis
1228 2407 1441 2486 unnuniim

345 2545 467 2624 quum
496 2520 822 2623 minuspo‘icris,
850 2545 983 2622 usque
1010 2521 1062 2598 ed
1089 2547 1291 2602 summum
1320 2525 1442 2604 ducu-

344 2647 484 2722 torum
514 2643 857 2745 quingentorum.
886 2639 934 2719 si
962 2665 1065 2720 vero
1095 2643 1441 2724 dictusdominue

345 2786 427 2842 non
456 2743 695 2842 attenderet
721 2765 773 2840 ud
801 2763 1145 2862 uvnotngiendum
1172 2789 1224 2842 so·
1246 2767 1287 2847 in
1316 2793 1442 2870 peon·

346 2882 426 2972 niu,
453 2882 649 2972 nolumus
677 2889 722 2958 ut
748 2908 824 2962 vos
852 2883 1080 2987 opperieiis
1108 2885 1159 2960 dc
1186 2885 1276 2966 heo
1296 2895 1443 2966 nostre

345 3004 607 3091 intentione,
634 3001 707 3080 sed
735 3005 770 3082 si
797 3005 838 3081 in
865 3005 1004 3108 primo
1032 3028 1131 3086 cnsu
1159 3007 1227 3084 rei
1255 3008 1441 3090 seeundo

344 3124 566 3230 difficultas
620 3133 753 3205 staret
804 3128 844 3204 in
897 3135 1103 3206 sunnio
1151 3129 1333 3210 Maria
1386 3133 1440 3209 de

345 3249 586 3335 Ruteno,
613 3246 923 3349 quiadominus
952 3247 1252 3348 Georgius
1279 3252 1445 3332 diceret

345 3368 455 3445 ilium
498 3389 596 3444 esse
640 3367 854 3446 districtus
894 3369 1195 3459 Antib‘cri,
1245 3375 1291 3447 et
1328 3371 1443 3450 iilum

347 3487 488 3579 veliet,
515 3489 657 3570 habire
683 3491 799 3596 prius
815 3499 911 3570 unte
924 3501 1112 3570 vestrum
1140 3513 1357 3572 recessum
1385 3495 1443 3572 in·

345 3609 613 3698 formatione,
642 3610 676 3688 si
704 3611 840 3692 dictus
870 3613 987 3691 incus
1014 3612 1445 3692 senciueMnrieeest

174 3757 176 3762 ·
229 3803 232 3808 ,
288 3815 291 3820 ,
345 3730 1443 3824 distrioiusAntivuri,veldetenerePasiro·
1590 3683 1592 3754 γ

343 3851 686 3942 vichorum,
725 3853 759 3929 si
801 3852 921 3930 eritis
949 3853 1088 3932 clerus
1124 3853 1260 3955 ipsum
1285 3837 1439 3930 ¹locum

347 3973 439 4048 fore
467 3969 684 4049 districtus
709 3973 900 4053 Antiuuri
916 4031 927 4061 ,
967 3973 1161 4050 volumus
1189 3981 1232 4051 ut
1261 3979 1439 4077 propter

345 4093 430 4171 hoo
458 4115 542 4169 non
572 4097 706 4172 restet
733 4091 1034 4181 concordium}
1074 4092 1174 4195 quin
1201 4119 1299 4194 ymo
1341 4118 1439 4173 eon·

346 4217 509 4292 tentare
531 4211 735 4306 debentis,
763 4215 877 4315 quod
905 4215 996 4318 ipse
1025 4214 1143 4292 loeus
1169 4221 1343 4295 sunctae
1354 4213 1437 4294 Mu·
