3224 5110
332 347 397 412 tilld

337 559 583 656 presentem
613 549 735 638 diem,
763 557 805 628 et
831 549 1020 652 accipies
1049 551 1157 652 apud
1186 556 1229 627 te
1264 550 1435 652 copiam

337 675 524 753 omnium
565 673 780 750 literarum
810 725 820 747 .
851 725 862 748 .
891 728 900 746 .
929 670 1173 749 facientium
1216 673 1267 750 ad
1321 671 1434 748 istud

338 794 637 898 propositum
668 848 678 869 .
708 849 718 870 .
748 847 758 868 .
796 797 840 869 et
879 798 920 868 te
949 791 1148 870 conferre
1177 792 1352 870 debebis
1380 794 1434 870 ad

337 915 594 1018 presentiam
624 911 781 991 domini
810 911 970 1011 re'gis
1009 911 1281 999 Bossine,
1309 919 1437 989 et...

337 1058 544 1138 expones,
572 1033 686 1136 quod
727 1056 806 1111 uos
846 1031 1007 1110 invitati
1046 1056 1205 1134 per..
1237 1091 1247 1108 .
1282 1033 1435 1110 ducem

336 1154 593 1233 stefanum.
624 1213 632 1231 .
664 1211 674 1232 .
706 1160 748 1232 et
776 1156 977 1232 comitem
1005 1153 1266 1233 Vladislaum
1301 1153 1434 1232 tilium

336 1299 456 1354 suum
487 1333 496 1352 .
524 1330 534 1350 .
564 1335 572 1351 .
603 1274 792 1354 contenti
819 1274 971 1352 fuimus
999 1275 1197 1379 accipere
1239 1276 1340 1354 loca
1361 1275 1435 1352 illa

337 1457 345 1471 .
375 1452 385 1474 .
413 1455 424 1484 ,
453 1397 633 1476 maxime
662 1421 758 1476 cum
786 1396 1025 1476 videremus
1054 1397 1198 1477 facere
1226 1396 1312 1476 boc
1336 1421 1434 1474 curn

335 1517 522 1596 maximo
543 1519 642 1616 Jure
671 1531 714 1596 et
740 1517 967 1597 honestate
995 1545 1045 1597 ac
1071 1517 1166 1595 sine
1194 1515 1344 1595 iniuria
1366 1515 1437 1593 ali-

336 1639 455 1720 cuius
493 1639 652 1718 domini
692 1636 837 1717 mundi
864 1696 874 1716 .
982 1640 1098 1740 qrrod
1139 1647 1279 1718 autern
1321 1661 1436 1714 nunc

335 1786 409 1839 sua
436 1761 643 1840 serenitas
672 1769 742 1840 aut
769 1769 894 1842 motu.
913 1763 1091 1866 proprio
1120 1761 1256 1838 velad
1283 1761 1436 1838 instan-

335 1882 435 1962 tiam
464 1883 732 1985 aliquorum.
763 1941 773 1961 .
801 1940 812 1961 .
840 1883 948 1962 hanc
977 1888 1162 1962 nostram
1190 1881 1436 1985 impresiam

337 1998 866 2105 impedirevprocuraverit
892 2009 935 2080 et
963 2027 1040 2080 nos
1074 2005 1159 2081 suis
1200 2003 1333 2079 literis
1370 2025 1435 2079 re·

196 2112 198 2120 ’
337 2120 567 2224 quisiverit,
596 2131 639 2202 ut
666 2127 717 2202 ab
748 2124 819 2202 illa
856 2151 933 2202 nos
976 2123 1198 2202 retrahere
1239 2123 1434 2210 velimus,

336 2243 481 2321 mirari
521 2245 731 2348 profecto.
752 2245 946 2346 cogimur
974 2301 984 2322 .
1016 2303 1026 2324 .
1057 2303 1065 2322 .
1095 2253 1137 2324 et
1165 2251 1207 2320 te
1247 2243 1298 2322 ad
1339 2243 1434 2320 eius

334 2365 589 2467 presentiam
631 2366 800 2446 mittere
840 2363 1170 2445 instituimus..
1200 2369 1242 2442 et
1279 2387 1433 2466 procu-

334 2481 524 2563 rabis..
556 2543 567 2565 .
596 2487 801 2565 inducere
834 2511 951 2564 suam
996 2488 1277 2572 maiestatem,
1314 2483 1433 2585 quod

246 2651 251 2657 ·
333 2614 489 2710 sponte
518 2630 565 2684 se
606 2607 796 2686 retrahat
837 2614 881 2685 et
909 2606 1031 2685 cedat
1070 2606 1169 2685 huic
1211 2606 1432 2708 impresie.

334 2725 379 2804 ui
406 2751 512 2805 vero
543 2782 553 2804 .
582 2782 592 2803 .
624 2783 634 2802 .
663 2753 748 2805 non
790 2753 943 2830 posses
982 2728 1186 2808 inducere
1228 2751 1342 2805 suam
1368 2751 1433 2804 se·

189 2889 191 2902 ·
335 2845 559 2926 acuitatem
589 2851 641 2926 ad
671 2849 971 2926 retrahendum
997 2873 1044 2925 se
1072 2906 1082 2927 .
1110 2907 1121 2926 .
1150 2906 1159 2926 .
1189 2846 1344 2926 debeas
1372 2850 1434 2925 in·

334 2969 530 3068 telligere
559 2976 742 3047 mentem
771 2977 814 3047 et
841 2969 1162 3075 dispositionem
1189 2995 1291 3048 suae
1319 2993 1436 3047 sere·

342 3091 484 3169 nitatis
521 3091 637 3170 circa
677 3115 768 3170 rem
797 3092 917 3178 bano,
954 3097 1002 3170 et
1026 3092 1062 3170 si
1101 3115 1198 3169 cum
1225 3089 1436 3194 aliquibus

337 3213 531 3316 pecuniis
557 3214 626 3290 vel
654 3205 775 3292 aliter
815 3213 953 3317 possit
993 3211 1193 3318 componi
1235 3236 1305 3289 res
1335 3214 1432 3300 ista,
1540 3230 1543 3236 ·

287 3321 290 3328 ’
334 3342 376 3410 et
404 3341 619 3436 sumptas
662 3359 736 3413 suu
779 3335 998 3416 maiestate
1040 3333 1208 3414 licentia
1247 3334 1433 3414 recedes

333 3459 377 3530 et
403 3450 456 3529 de
484 3452 775 3532 omnibusnos
802 3510 812 3530 .
844 3511 854 3532 .
882 3512 892 3532 .
920 3454 1176 3541 informabis,
1205 3460 1433 3556 expectan-

335 3572 391 3650 do
420 3575 656 3654 mandatum
692 3583 901 3656 nostrum.

435 3691 489 3771 ut
515 3693 574 3769 si.
603 3753 614 3773 .
644 3755 653 3771 .
679 3695 889 3800 intelliges
926 3695 1334 3798 Raguseorum
1364 3717 1434 3795 ga·

335 3816 444 3892 leam
472 3823 513 3892 et
541 3813 671 3894 iustas
699 3823 879 3896 armatas
908 3815 1046 3896 adhuc
1075 3821 1172 3894 esse
1199 3818 1240 3894 in
1271 3815 1433 3918 aquis

332 3935 603 4023 Narente,
631 3935 826 4014 volumus
866 3993 876 4014 .
905 3995 913 4012 .
943 3995 951 4013 .
980 3937 1172 4039 patronis
1214 3937 1431 4036 galearum

331 4055 622 4156 Raguseorum
650 4055 889 4136 declarabis
918 4115 929 4135 .
960 4111 971 4133 .
1001 4111 1012 4133 .
1044 4058 1159 4158 quod
1188 4057 1431 4134 omninoin·

333 4173 385 4250 de
412 4174 617 4255 recedant
644 4184 687 4256 et
714 4177 866 4256 vadant
900 4179 951 4257 ad
994 4173 1318 4256 disarmandom.
1345 4233 1354 4252 .
1384 4236 1392 4250 .
1422 4227 1431 4241 -
