3220 5118
1223 401 1265 472 tl

166 611 324 690 dictum
352 611 502 692 ducale
532 609 787 708 dominium,
827 618 869 688 et
897 611 1031 713 ipsum
1059 612 1267 691 sindicum

22 809 23 820 Ν
164 739 288 832 parte
328 738 472 810 nostre
512 733 813 823 emunitatis,
866 731 1135 810 scribendum
1176 732 1264 813 sive

166 851 296 931 scribi
326 853 584 941 iaciendum,
612 862 655 932 et
681 854 721 931 in
750 853 967 956 publicam
997 853 1174 932 iormam
1203 877 1266 934 re·

166 975 341 1064 ducere,
375 973 462 1052 sive
489 974 636 1052 reduci
666 973 918 1063 iaciendum,
949 975 1104 1053 totiens
1132 975 1265 1076 quoti·

167 1119 244 1172 cus
264 1093 399 1170 ‘irrerit
426 1119 603 1172 neccsse
633 1103 676 1173 et
705 1101 1012 1196 opportunum,
1051 1100 1093 1171 et
1119 1094 1263 1174 reduc·

166 1221 231 1294 tas
259 1214 298 1292 in
328 1216 540 1317 publicam
567 1224 612 1294 ut
639 1216 874 1319 predicitur
916 1213 1096 1293 icrmam
1136 1219 1265 1318 scrip·

168 1344 296 1435 iuras,
326 1346 436 1416 ratas
464 1345 603 1437 gratas
624 1337 770 1417 tirmas
788 1337 1002 1418 etvalidas
1032 1335 1265 1414 habendum

167 1457 393 1534 tenendum
424 1460 711 1539 roborandum
742 1467 784 1538 et
813 1457 1149 1548 fortificandum,
1180 1482 1264 1534 om·

166 1579 290 1655 nibus
319 1579 659 1659 condictionibus
697 1581 899 1672 seclusis,
939 1587 982 1658 et
1011 1578 1266 1679 generaliter

167 1697 379 1778 adomnia
407 1699 487 1778 alie
505 1709 548 1776 et
561 1699 735 1798 singula,
763 1701 985 1778 dicendum
1014 1697 1265 1776 narrandum

168 1815 410 1894 iaciendum
438 1843 488 1896 ac
515 1816 762 1912 finiendum,
791 1818 940 1921 quein
969 1815 1196 1922 predictis,
1224 1823 1267 1894 et

168 1936 319 2016 circha
345 1939 552 2039 predicta,
582 1939 818 2019 iaciendum
848 1937 1188 2019 concludendum
1215 1963 1266 2015 ec

166 2056 392 2135 finiendum
422 2064 464 2134 et
490 2062 735 2140 necessaria
768 2069 810 2138 et
841 2067 1080 2164 opportuna
1121 2085 1171 2140 ac
1198 2059 1264 2136 de·

167 2179 255 2256 bita
284 2177 334 2253 ad
362 2179 545 2282 taliaque
567 2184 639 2280 jus
666 2183 872 2285 postulat,
913 2189 956 2258 et
983 2177 1181 2283 requirit,
1222 2185 1265 2255 ut
1357 2205 1361 2213 s

164 2307 331 2376 nosmet
372 2301 673 2379 constituentes
709 2302 856 2381 dicere
882 2321 1058 2396 narrare
1092 2297 1262 2380 conclu·

167 2421 271 2497 dere
300 2441 349 2497 ac
378 2419 519 2500 iacere
547 2445 792 2523 possemus,
829 2423 863 2500 si
890 2419 1173 2526 personaliter
1202 2444 1264 2494 es·

165 2563 324 2629 semus,
355 2541 500 2618 dantes
515 2552 557 2619 et
572 2540 860 2620 concedentes
888 2539 1066 2618 liberum
1083 2549 1124 2617 et
1143 2561 1264 2640 gene·

167 2661 256 2739 rale
284 2664 537 2753 mandatum,
565 2686 660 2739 curn
677 2661 810 2740 libers
825 2663 968 2740 franca
983 2659 1073 2740 sive
1100 2683 1265 2748 secura,

168 2792 211 2862 et
243 2781 431 2881 generali
458 2783 831 2872 administratione;
862 2785 1159 2886 promittentes
1186 2807 1264 2861 uos

167 2903 402 2980 comunitas
431 2909 475 2978 et
502 2925 650 2981 onmes
678 2903 934 3005 supradicti,
962 2903 1063 2980 mihi
1090 2903 1263 3006 publico

165 3020 333 3099 notario
362 3022 673 3125 suprascripto,
713 3017 760 3101 ut
786 3021 957 3126 publice
985 3045 1169 3123 persone
1198 3021 1264 3097 sti·

163 3140 347 3242 pulanti,
364 3143 534 3219 nomine
551 3141 722 3220 illorum
751 3165 931 3245 quorum
957 3143 1149 3239 interest,
1176 3137 1264 3218 sive

21 3357 22 3372 ,
166 3262 375 3340 interesse
417 3262 657 3362 poterit-in
685 3263 897 3354 futurum,
942 3287 1025 3364 que
1063 3267 1186 3361 gesta
1221 3265 1265 3338 et

166 3387 344 3484 operata
372 3382 643 3466 eruntcirca
672 3384 877 3488 predicte,
905 3407 983 3486 per
1010 3373 1165 3459 dictum
1193 3405 1264 3458 ser

165 3503 393 3580 Antonium
422 3502 647 3582 sindicario
663 3505 833 3582 nomine
849 3528 933 3606 quo
948 3526 1088 3606 supra,
1116 3509 1263 3580 tenere

166 3630 209 3699 et
236 3621 410 3713 habere,
432 3649 483 3701 ac
511 3619 646 3700 teneri
664 3631 703 3702 et
720 3626 867 3723 haberi
896 3625 1051 3711 facere,
1080 3647 1158 3726 per
1185 3647 1261 3700 nos

167 3743 235 3819 vel
265 3744 396 3832 elion,
424 3749 514 3824 rats
543 3751 656 3842 grata
687 3756 728 3824 et
755 3745 887 3834 firma,
917 3745 1030 3824 omni
1060 3745 1262 3824 dilatione
1379 3817 1382 3822 .

166 3875 403 3964 temporum
419 3874 461 3942 et
476 3865 811 3944 contradictione
840 3865 935 3944 iacti
965 3856 1162 3954 remotis,¹
1182 3868 1261 3943 sub

167 3985 424 4087 obligatione
466 3983 669 4064 omnium
692 3990 902 4066 bonorum
927 3987 1042 4065 ‘dicte
1080 3988 1261 4067 comuni-

167 4107 271 4187 tutis.
300 4106 550 4185 Relevantes
579 4129 655 4184 nos
687 4109 921 4186 comunitas
950 4109 1180 4198 antedicta,
1217 4113 1262 4186 ut

167 4229 352 4333 predicti
379 4229 548 4308 nomine
575 4227 983 4319 dictecornunitatis,
1011 4230 1169 4311 dictum
1191 4255 1262 4313 ser
